1872 3224
0 0 65 304 ἶ
112 178 115 180 ’
662 208 898 243 ΠΑοΤΤοΙ
947 208 1142 242 ΠΤΛΑΙΑ
1653 208 1709 251 65

0 304 40 450 ξ’

0 452 23 498 ᾗ]

808 313 1007 347 ΠΤΛΑΙΑ

229 407 297 447 Ad
346 408 596 447 conventum
630 407 843 458 Pylaicum
889 404 1094 461 (Schoem.
1129 407 1227 447 Ant.
1263 405 1346 459 gr.²
1376 408 1419 447 II
1460 408 1527 450 31.
1570 409 1638 448 36.
1659 404 1703 462 7)

108 467 181 505 aut
211 465 262 504 ad
291 467 515 505 mercatum
546 477 636 504 cum
667 478 714 504 eo
747 465 1008 505 coniunctum
1029 466 1256 506 Meinekius
1281 479 1430 507 nomen
1458 466 1619 506 fabulae
1648 479 1709 505 re-

108 523 191 563 fert
223 519 263 576 (1
293 523 390 563 402.
422 522 464 562 Π
497 520 615 576 111).

875 612 956 655 169

474 692 524 736 οἰ
549 686 591 735 δ’
627 684 740 735 αὖθ’
772 689 913 749 ἡμεῖς,
947 690 1007 744 ὠς
1038 691 1061 736 ὁ
1095 692 1287 746 παλαιὸς

474 761 624 817 λόγος,
657 759 942 818 αὐτομάτους
973 761 1178 818 ἀγαθοὺς
1209 763 1326 806 ἰέναι

472 834 666 887 κομψῶν
698 831 773 875 ἐπὶ
805 832 937 875 δαῖτα
968 836 1161 876 θεατῶν.

226 916 360 957 Schol.
399 916 584 957 Platonis
628 918 710 956 373
758 917 886 959 Bekk.
931 913 1148 969 αὐτόματοι
1185 912 1225 956 δ’
1266 912 1417 969 ἀγαθοὶ
1462 917 1608 957 δειλῶν
1644 915 1709 957 ε’πὶ

109 973 249 1022 δαῖτας
293 972 419 1014 ἴασιν.
479 972 633 1024 ταύτην
675 971 719 1013 δὲ
756 972 941 1026 λέγουσιν
977 975 1169 1028 εἰρῆσθαι
1215 972 1281 1014 ἐπὶ
1313 971 1521 1026 Ηρακλεῖ,
1561 973 1605 1024 ἔς
1644 973 1708 1015 ότε

109 1032 315 1072 εἷστιωντο
344 1037 418 1087 τῷ.
434 1030 587 1083 Κήυκι
599 1029 705 1081 ξένοι
736 1030 894 1084 ἐπέστη.
958 1034 1155 1085 Κρατῖνος
1191 1029 1237 1072 δὲ
1276 1031 1321 1072 έν
1359 1033 1529 1088 Πυλαία
1566 1036 1707 1085 μεταλ-

108 1088 230 1139 λαξας
260 1085 392 1142 αὐτὴν
420 1088 571 1143 γράφει
601 1087 730 1138 οὕτως
761 1091 803 1130 οἱ
828 1087 868 1129 δ’
902 1092 985 1131 κτλ.
1038 1093 1088 1134 cf.
1123 1093 1269 1132 Zenob.
1305 1092 1434 1140 2,19.
1468 1093 1517 1131 de
1549 1094 1710 1144 syntaxi

109 1144 170 1203 (oc
195 1145 328 1200 ἡμεῖς)
377 1149 647 1189 conferendus
689 1150 838 1190 Heind.
877 1150 982 1191 Plat.
1022 1150 1194 1189 Phaedr.
1237 1151 1359 1190 2588.
1396 1149 1422 1202 ἓ
1455 1152 1521 1190 87.
1585 1151 1708 1201 Soph.

110 1207 234 1246 2392.
263 1206 290 1258 ἓ
323 1207 390 1246 51.
452 1207 555 1246 duae
593 1210 804 1258 praeterea
842 1209 1166 1248 constructiones
1203 1209 1414 1258 confusae,
1453 1210 1501 1247 ut
1541 1209 1707 1248 Theocr.

112 1264 267 1314 12,14
300 1261 514 1319 (Meinek.)
546 1267 587 1304 et
617 1265 762 1308 Aesch
784 1266 896 1306 Pers.
922 1267 1017 1306 188.
1042 1268 1080 1306 9.
1121 1268 1258 1306 tamen
1288 1279 1533 1318 magnopere
1565 1266 1707 1306 dubito

107 1335 160 1361 an
189 1335 273 1362 non
303 1323 360 1362 sic
390 1323 598 1373 scripserit
629 1322 837 1372 Cratinus,
870 1324 941 1364 sed
972 1322 1054 1363 δεῖ
1078 1319 1116 1362 δ’
1154 1317 1272 1362 αὖθ’
1307 1320 1434 1375 ὑμᾶς
1471 1325 1554 1362 κτλ.
1588 1326 1708 1363 antea

109 1380 197 1420 sine
228 1380 352 1420 dubio
383 1381 479 1431 quid
512 1383 674 1431 poetam
705 1382 864 1421 deceret
903 1381 1094 1421 Cratinus
1126 1382 1302 1432 dixerat3
1344 1382 1532 1422 deinde‘
1537 1395 1610 1422 vos
1642 1396 1707 1420 au-

110 1439 209 1477 tem’
241 1437 378 1489 inquit
408 1438 708 1486 Athenienses,
740 1440 917 1479 libenter
946 1441 1005 1479 ire
1037 1440 1193 1479 debetis
1225 1441 1275 1479 ad
1306 1441 1445 1491 epulas
1476 1440 1588 1480 scitis
1620 1453 1708 1490 spe-

110 1496 333 1536 ctatoribus
355 1510 378 1535 a
397 1497 528 1547 poetis
561 1496 796 1547 adpositas'.
859 1496 1073 1548 desum‘pta
1093 1500 1228 1537 autem
1257 1499 1355 1538 haec
1385 1500 1481 1537 sunt
1511 1511 1559 1537 ex
1589 1511 1706 1549 para-

108 1553 208 1603 basi,
241 1554 419 1594 clausula
450 1558 521 1593 τοῦ
552 1559 710 1606 μακροῦ
739 1556 787 1594 ut
816 1555 990 1595 videtur.
1028 1560 1216 1607 κομψῶν,
1250 1558 1296 1596 ut
1325 1556 1450 1597 Arist.
1479 1555 1586 1597 Nub.
1609 1556 1705 1595 649.

110 1611 188 1652 Av.
225 1612 319 1651 195.

875 1704 957 1746 170

294 1773 325 1838 ᾗ
354 1783 623 1834 Διονυσίοις
652 1781 840 1833 ἆκύλοις
869 1781 1077 1837 παίζουσ’
1111 1782 1323 1839 ανέμενοι
1357 1783 1518 1839 τρόπα.

225 1865 357 1906 Schol.
386 1866 568 1906 Platonis
601 1867 685 1906 320
714 1867 842 1909 Bekk
884 1866 1012 1920 τρόποι
1051 1863 1092 1905 δ’
1135 1863 1243 1906 ἐστὶν
1277 1863 1303 1919 ἡ
1343 1866 1400 1915 εἰς
1437 1865 1624 1918 βόθυνον
1662 1864 1706 1905 ἐκ

111 1921 379 1975 διαστηματος
424 1923 536 1976 βολή.
600 1925 797 1975 Κρατῖνος
840 1922 886 1964 ἕν
930 1924 1215 1965 Πυλαία.οἳ
1250 1939 1323 1977 pro
1368 1926 1394 1979 ἡ
1440 1926 1707 1976 probabiliter

111 1981 350 2021 Meinekius.
412 1983 546 2021 cetera
575 1983 720 2022 melius
750 1984 994 2034 intemptata
1024 1966 1322 2034 relinquuntur.
1355 1983 1460 2023 Poll.
1494 1985 1531 2031 9,
1567 1984 1648 2022 103
1679 1978 1704 2033 ἡ

110 2035 156 2078 δὲ
186 2037 313 2089 τρόποι
343 2036 570 2090 καλουμένη
601 2037 743 2078 παιδια
773 2039 926 2093 γίνεται
954 2039 1029 2093 μὲν
1059 2056 1115 2088 ως
1136 2037 1180 2079 τὸ
1204 2038 1308 2080 πολὺ
1340 2038 1395 2079 δι’
1429 2037 1705 2094 ἆστραγαλων,

108 2093 181 2145 οὓς
211 2092 443 2146 ἀφιέντες
475 2093 731 2148 στοχαζονται
760 2095 924 2150 βόθρου
955 2096 1063 2146 τινὸς
1095 2098 1152 2146 εἰς
1183 2095 1392 2150 υποὸοχὴν
1422 2104 1494 2150 τῆς
1516 2098 1704 2148 τοιαύτης

116 2153 270 2222 ρίψεως
300 2151 593 2206 πεποιημένου·
640 2154 830 2203 πολλακις
861 2153 906 2195 δὲ
937 2155 1005 2196 καὶ
1034 2152 1241 2204 ἆκύλοις
1278 2171 1346 2195 και
1383 2155 1579 2209 βαλανοις
1615 2149 1706 2196 ἆντὶ

111 2217 194 2251 των
222 2207 540 2268 ἆστραγαλων..
558 2209 770 2265 ,έχρωντό
804 2215 868 2254 cui
897 2215 1122 2255 Meinekius
1153 2215 1267 2254 addit
1295 2215 1704 2264 Martia1.4‚14,9

108 2271 209 2310 ludit
238 2273 352 2320 tropa
381 2271 567 2320 nequiore
597 2273 686 2311 talo.

875 2374 954 2416 171
997 2411 999 2413 .

222 2454 368 2495 Suidas
389 2451 470 2506 ἆμύ
477 2468 623 2499 ναιντο,
646 2447 858 2507 ἆμύναιεν.
912 2457 1109 2508 Κρατῖνος
1132 2455 1316 2495 Πυλαία·
1339 2471 1364 2494 α
1374 2452 1399 2494 ὑ
1410 2470 1429 2493 τ
1439 2469 1460 2494 ο
1469 2453 1495 2495 ὐ
1508 2471 1528 2503 ς
1562 2453 1618 2495 ἐπ
1628 2471 1653 2494 α
1666 2455 1701 2495 ί-

107 2511 286 2552 δευσεν
330 2509 516 2564 ἔθρεψέ
560 2526 608 2551 τε
653 2511 913 2564 δημοσίοις
959 2512 1209 2567 χρήμασιν
1248 2513 1320 2560 εἰς
1359 2529 1384 2564 η
1378 2511 1494 2564 ’βην
1531 2511 1552 2551 ἴ
1559 2528 1615 2552 να
1657 2512 1710 2552 οἵ

105 2582 224 2609 ποτε
250 2567 417 2622 λοιγὸν
446 2566 509 2620 ἄμ
521 2568 706 2609 ύναιτο.
750 2570 913 2610 Πυλαία
929 2572 1168 2622 Bernhardy
1188 2574 1231 2611 et
1259 2571 1431 2612 Meinek
1435 2569 1453 2624 ]
1480 2570 1700 2618 Πυλαίοις.

102 2623 300 2678 ἀμύναιτο
334 2625 387 2681 A]
433 2623 607 2679 ἆμύναιο
646 2629 778 2679 BEpr.
822 2628 968 2681 (marg.
1008 2625 1091 2678 ἆμύ
1097 2642 1244 2668 ναιντο,
1250 2627 1266 2682 )
1314 2641 1525 2679 perperam
1575 2629 1704 2668 Bern-

103 2685 280 2736 hardyus
311 2685 478 2725 Cratino
508 2687 606 2726 haec
636 2686 906 2726 abiudicabat.
954 2689 1113 2738 egregie
1154 2687 1398 2726 sententiam
1431 2686 1608 2726 Cobetus
1641 2687 1702 2725 in-

103 2742 296 2783 lustravit
332 2743 445 2785 N.1.
481 2744 560 2783 113
601 2744 703 2784 conl.
747 2744 890 2784 Aesch.
932 2746 978 2793 3,
1022 2746 1103 2784 154
1144 2737 1356 2796 προελθών
1395 2739 1416 2782 ὁ
1460 2743 1589 2796 κῆρυξ
1634 2741 1703 2782 καὶ

105 2797 464 2851 παραστησαμενος
495 2798 612 2848 τοὺς
643 2797 921 2854 ὀρφανούς,
965 2815 1029 2840 ων
1060 2801 1109 2840 οἵ
1134 2798 1347 2852 πατέρες
1387 2802 1518 2853 ησαν
1558 2798 1610 2840 ἐν
1642 2806 1704 2855 τῷ

107 2870 138 2895 π
147 2854 225 2896 ολ’
206 2871 296 2912 εμῳ
342 2871 362 2896 τ
371 2872 388 2897 ε
397 2871 418 2896 τ
427 2871 445 2897 ε
454 2859 476 2896 λ
486 2871 504 2897 ε
513 2872 540 2897 υ
548 2872 568 2896 τ
576 2874 601 2910 η
611 2873 636 2897 κ
646 2856 668 2898 ό
678 2873 699 2897 τ
709 2873 726 2898 ε
733 2873 757 2906 ς
769 2887 781 2910 ,
831 2858 1068 2906 νεανίσκους
1115 2858 1319 2897 πανοπλία
1364 2842 1701 2910 κεκοσμημένους,

108 2897 296 2967 ἐκήρυττε
325 2913 368 2954 τὸ
396 2912 608 2955 καλλιστον
638 2914 824 2969 κήρυγμα
855 2947 863 2955 .
890 2946 899 2956 .
923 2948 930 2956 .
963 2914 1031 2955 ὅτε
1063 2914 1208 2955 τούσδε
1239 2914 1333 2964 τοὺς
1364 2915 1634 2963 νεανίσκους.

178 2985 220 3013 Co
203 2986 286 3013 oicm
287 2987 374 3020 irga
463 2988 510 3014 e.d
530 2988 587 3015 Th.
606 2989 661 3014 Κο
672 2988 725 3014 c.k
746 2989 771 3014 I.
1408 2985 1428 3016 5
