1872 3224
772 182 1065 221 ΑΜΦΙΑΡΕΩΣ
1620 200 1703 242 399

903 287 958 330 27

271 367 274 370 >
341 347 617 405 Λαμπτρεὺς
647 351 788 407 ἔγωγε
817 356 910 397 τῶν
939 357 1076 402 κάτω.

26 480 30 483 ⁴
93 466 162 477 „
249 429 525 482 Harpocratio
556 436 810 488 Λαμπτρεῖς·
844 439 1062 492 Λαμπτραὶ
1091 441 1214 495 δῆμος
1245 451 1314 498 τῆς
1340 440 1594 502 Ἐρεχθηίδος
1628 484 1636 493 .
1658 483 1666 491 .
1689 483 1699 493 .

31 509 34 510 ⁷
76 500 110 542 {ff
131 483 217 555 δέω
239 483 393 558 {zelen
423 491 655 557 ᾼαμπτραί,
687 493 734 532 αἱ
758 492 832 546 μὲν
860 493 1062 550 παράλιαι,
1094 501 1140 539 αἱ
1162 499 1206 541 δὲ
1226 503 1500 558 καθύπερθεν.
1526 505 1698 561 Ἀριστο-

130 553 266 598 φενης
296 547 522 603 Λμφιαρεῳ
553 552 635 589 κτλ.
687 551 910 605 Λαμπτρεὺς
941 555 1061 595 BCN.
1111 559 1161 598 cf.
1199 560 1381 604 Bursian,
1414 563 1648 618 Geogrqgr.
1682 570 1697 607 Ι

83 579 122 609 :⁴⁴

91 607 99 619 ς

175 660 187 670 ·
219 633 230 643 .
261 603 438 671 Bergltio
469 607 503 647 si
535 608 746 658 credimus,
780 624 901 650 senex
929 612 1025 653 haec
1055 614 1164 667 dicit,
1195 618 1263 657 ubi
1284 620 1332 658 ad
1354 621 1488 661 fanum
1510 623 1695 674 Amphia-

55 670 83 721 „f
126 672 189 711 m
215 665 418 713 pervemt.
466 665 566 704 mihi
595 665 639 705 in
675 680 772 707 voce
810 666 917 707 κάτω
959 673 1077 720 poeta
1112 673 1251 714 ludere
1287 677 1462 727 videtur,
1507 682 1553 719 ut
1581 682 1697 720 simul

50 719 252 787 [3132'etram
281 719 433 762 inferos
463 722 678 774 significet.
734 722 876 778 ἔγωγε,
907 727 934 766 i.
963 741 995 770 e.
1028 728 1118 780 εἰμι’.
1148 753 1203 759 --
1243 733 1410 774 fortasse
1438 738 1568 776 nescio
1598 751 1698 788 quae

50 789 89 843 ³)
127 777 281 828 speeies
312 780 399 818 seni
419 781 637 820 somnianti
667 786 844 822 venerat.
881 797 972 823 nam
1003 799 1075 836 per
1109 801 1291 829 somnum
1321 792 1573 842 potissimum
1603 796 1698 834 Am-

125 833 318 894 phiaraus
348 837 534 878 medendi
565 839 764 879 rationem
795 841 1010 882 indicabat.
1041 844 1189 885 Herod.
1223 847 1261 896 8,
1296 850 1389 888 134.

895 954 951 996 28

402 1017 478 1061 καὶ
508 1017 616 1070 τοὺς
644 1019 729 1075 μὲν
760 1018 908 1077 ὄφεις,
941 1021 1023 1073 οὕς
1054 1025 1329 1082 ἐπιπέμπεις,

404 1085 456 1130 ἐν
487 1090 617 1150 κίστῃ
650 1105 739 1132 που
771 1093 1081 1148 κατασήμηναι

401 1157 477 1200 καὶ
506 1165 679 1201 παῦσαι
711 1162 1106 1216 φαρμακοπωλῶν.

237 1239 384 1280 Pollux
418 1243 483 1294 10,
519 1243 602 1282 180
631 1241 763 1281 κίσται
795 1274 804 1282 .
827 1276 836 1285 .
861 1277 869 1286 .
901 1242 967 1283 καὶ
1003 1244 1050 1284 αἶ
1074 1250 1156 1284 τῶν
1185 1250 1517 1299 φαρμακοπωλιόν
1545 1246 1599 1289 ἂν
1627 1265 1692 1289 κα-

25 1335 29 1341 4
122 1297 270 1350 λοῖντο,
301 1294 358 1346 ὡς
389 1295 435 1338 ἐν
462 1295 688 1354 Ἀμφιάρεῳ
723 1297 1012 1353 Ἀριστοφάνης
1049 1305 1128 1342 κτλ.
1178 1305 1465 1355 Amphiaraum
1502 1307 1693 1357 adpellari

42 1367 44 1369 ·
121 1358 439 1396 consentaneum
470 1360 551 1406 est,
585 1359 656 1398 sed
686 1371 709 1397 a
737 1372 816 1409 quo
848 1362 888 1398 et
908 1372 985 1409 qua
1006 1361 1210 1400 occasione
1240 1362 1373 1401 oblata
1403 1363 1445 1402 id
1467 1364 1550 1413 fiat,
1581 1378 1692 1414 pror·

15 1461 18 1463 Α
122 1424 191 1453 sus
221 1413 432 1453 incertum.
485 1414 948 1467 κατασημήνασθαι
977 1417 1004 1456 i.
1036 1431 1068 1456 e.
1101 1419 1231 1459 clamo
1270 1419 1393 1459 cistae
1431 1422 1614 1470 operculo
1652 1424 1692 1461 et

0 1467 25 1523 ζ»
122 1470 337 1522 obsignato
380 1473 607 1513 adservare.
668 1474 772 1515 Plat.
811 1474 969 1513 Menon.
1007 1475 1095 1514 89b
1134 1472 1403 1527 ἐφυλάττομεν
1434 1507 1443 1515 .
1482 1507 1491 1516 .
1530 1507 1538 1515 .
1570 1492 1690 1516 κατα-

0 1523 23 1575 3
121 1527 397 1580 σημηνάμενοι
437 1527 539 1569 πολὺ
574 1532 724 1582 μᾶλλον
760 1527 789 1582 ἢ
830 1528 872 1570 τὸ
910 1531 1086 1583 χρυσίον.
1138 1534 1186 1572 cf.
1220 1533 1316 1584 Leg.
1350 1536 1396 1583 6,
1431 1536 1546 1574 7650
1582 1538 1623 1574 et
1659 1550 1690 1576 e.

123 1587 189 1635 11,
222 1588 304 1626 937
317 1587 372 1642 b„

327 1708 479 1767 ὀσφὺν
510 1709 554 1753 δ’
588 1710 633 1762 ἐξ
665 1709 822 1768 ἄκρων
854 1712 1167 1766 διακίγκλισον
1195 1710 1305 1768 ἠύτε
1335 1714 1522 1767 ulyxi-ov

327 1777 498 1836 ἀνδρὸς
518 1782 805 1836 πρεσβύτου·
836 1779 1006 1823 τελέειν
1027 1778 1067 1822 δ’
1092 1778 1271 1836 ἀγαθήν
1298 1780 1527 1836 ἐπαοιδήν.

233 1863 426 1904 Aelianus
448 1864 500 1902 H.
523 1877 587 1903 an.
610 1865 675 1913 12,
698 1866 722 1903 9
753 1866 862 1903 κινεῖ
885 1861 929 1902 δὲ
959 1858 1000 1915 (ὁ
1029 1862 1205 1915 κίγκλος)
1236 1861 1302 1902 καὶ
1332 1861 1378 1901 τὰ
1399 1860 1540 1915 οὐραῖα
1561 1863 1687 1916 πτερά

120 1949 129 1959 .
153 1950 162 1959 .
186 1950 195 1959 .
226 1918 421 1972 μέμνηται
459 1918 504 1959 δὲ
543 1918 610 1959 καὶ
649 1926 718 1959 τοῦ
758 1919 923 1971 ὄρνιθος
961 1919 1078 1958 τοῦδε
1110 1916 1398 1971 Ἀριστοφάνης
1438 1918 1482 1959 ἑν
1511 1926 1564 1975 τῷ
1591 1918 1683 1972 Ἀμ-

117 1975 276 2032 φιαράῳ
306 1975 433 2030 λέγων
452 1980 534 2017 κτλ.
566 1978 734 2017 Photius
755 1977 932 2030 κίγκλος·
966 1974 1108 2029 ὄρνεον
1128 1974 1202 2027 τὴν
1222 1973 1356 2027 ὀσφὺν
1375 1975 1497 2015 πολλοὶ
1520 1983 1682 2016 κινοῦν·

115 2031 139 2073 ὅ
177 2049 281 2082 τινες
327 2033 589 2087 σεισοπυγίὸα
619 2037 826 2074 καλοῦσιν.
878 2034 1102 2085 Hesychius
1133 2033 1423 2086 διακίγκλισον·
1468 2031 1683 2074 ὃιάσεισον.

115 2090 275 2145 κίγκλος
297 2088 342 2130 δὲ
361 2090 502 2144 ὄρνεον
522 2087 548 2142 ἡ
570 2091 813 2144 σεισοπυγίς.
852 2086 911 2130 cf.v
926 2093 1089 2130 Autocr.
1115 2093 1149 2139 1,
1174 2093 1213 2130 9.
1294 2093 1334 2130 2.
1356 2088 1498 2130 τελέειν
1519 2088 1684 2145 Bergk]

116 2147 248 2190 τελέει.
281 2150 329 2189 cf.
362 2150 437 2200 Eq.
476 2151 595 2189 1039.
626 2149 734 2188 Nub.
767 2149 862 2188 850.
895 2147 1015 2199 Vesp.
1048 2149 1142 2188 386.
1177 2149 1297 2188 1216.
1329 2148 1428 2187 Ran.
1457 2150 1547 2188 133.
1578 2149 1683 2188 vide-

114 2209 184 2247 tur
211 2208 339 2258 ipsius
370 2207 602 2258 Amphiarai
632 2207 808 2246 edictum
847 2219 944 2246 esse.
1006 2220 1041 2246 v.
1078 2207 1099 2243 1
1132 2218 1338 2256 perperam
1375 2205 1570 2257 Bergkius
1600 2205 1684 2256 m'y-

115 2266 221 2315 κλος,
254 2278 497 2317 quamquam
527 2264 753 2304 adsentitur
781 2263 1006 2303 Hercherus
1036 2263 1078 2301 in
1108 2263 1295 2302 Aeliano:
1332 2276 1425 2301 nam
1463 2275 1542 2301 non
1573 2276 1683 2301 suam

116 2335 251 2372 senar,
282 2323 352 2362 sed
382 2316 528 2362 mulier
557 2322 663 2362 senis
694 2334 832 2361 coxam
861 2333 1050 2371 quassare
1079 2320 1261 2368 iubetur,
1299 2320 1450 2359 scilicet
1486 2321 1531 2358 ut
1566 2332 1683 2358 senex

114 2382 381 2432 repuerascat.
412 2380 482 2420 sed
512 2379 607 2430 quid
637 2379 702 2418 hic
732 2379 787 2418 sit
818 2375 857 2427 ἐξ
886 2375 1025 2430 ἄκρων
1052 2389 1134 2416 non
1163 2377 1364 2427 intellego.
1403 2376 1561 2415 videtur
1590 2376 1681 2415 scri-

113 2434 323 2488 psisse'ssg
341 2433 516 2490 ἁρμῶν.
548 2436 692 2476 Pollux
714 2438 752 2484 2,
776 2437 842 2475 94.
874 2436 1013 2485 Eurip.
1045 2434 1092 2472 fr.
1125 2434 1219 2481 362,
1245 2435 1295 2471 12
1326 2433 1376 2471 N.
1408 2428 1532 2483 ἁρμὸς
1562 2444 1682 2481 πονη-

88 2510 93 2516 ··
115 2491 184 2547 ρὸς
214 2492 348 2548 ὥσπερ
379 2492 423 2534 ἐν
453 2493 555 2548 ξύλῳ
584 2491 739 2546 παγείς.
771 2493 872 2532 Tim.
903 2493 1018 2531 Locr.
1050 2491 1166 2529 102b
1195 2486 1399 2540 λυομένων
1433 2493 1513 2527 τῶν
1543 2485 1682 2541 ἁρμῶν

114 2556 188 2599 τοῖς
218 2551 446 2599 συστάσιος.
477 2552 616 2591 Herm.
648 2565 710 2601 ap.
745 2550 859 2590 Stob.
890 2550 998 2588 Flor.
1033 2549 1125 2596 120,
1149 2548 1200 2585 27
1233 2549 1311 2585 τῶν
1339 2541 1480 2596 ἁρμῶν
1510 2545 1577 2584 τοῦ
1607 2544 1680 2583 σώ-

119 2622 254 2659 ματος.
285 2610 427 2661 Eurip.
460 2610 565 2649 Med.
601 2609 710 2648 1315
742 2602 903 2646 ἐπαύεθ’
935 2602 1086 2656 ἁρμούς
1118 2601 1313 2655 (ianuae).

882 2717 938 2760 30

257 2786 361 2833 οἶδα
390 2789 476 2846 μὲν
506 2787 696 2846 ἀρχαῖόν
726 2803 768 2830 τι
799 2786 924 2841 δρῶν
953 2781 1080 2838 κούχὶ
1110 2779 1266 2837 λέληθ’
1300 2780 1510 2837 ἐμαυτόν.

234 2874 482 2925 Hephaestio
513 2874 553 2923 9,-
573 2874 598 2912 5
630 2868 736 2924 παρὰ
767 2866 811 2908 δὲ
837 2864 1111 2922 Ἀριστοφάνει
1141 2862 1185 2904 ἓν
1210 2861 1456 2919 Ἀμφιάρεῳ·
1487 2865 1567 2902 κτλ.
1599 2877 1676 2902 me-
