1872 3224
208 191 292 234 362
845 186 1144 221 ΕΤΠοΛῐΔοΣ

208 297 307 337 sime
352 295 726 335 commemorantur.
787 292 837 331 ad
874 293 1069 343 Χρυσοῦν
1110 287 1226 343 γένος
1271 291 1475 331 Meinekio
1514 293 1556 332 et
1594 289 1789 331 Wilamo·
1820 340 1822 342 V

208 355 341 394 witzio
373 352 468 393 Obs.
500 352 588 391 crit.
621 352 674 390 53
715 349 1061 390 consentientibus
1098 348 1260 388 rettulit
1295 349 1541 390 Fritzschius
1580 348 1628 396 Q.
1659 347 1788 388 Arist.

213 412 292 450 146
326 411 438 460 adn,
472 408 660 448 Cleonem
690 407 814 447 rideri
845 408 1014 457 putans,
1047 406 1116 457 qui
1146 408 1189 446 et
1225 406 1457 457 saepissime
1493 406 1666 458 pecunia
1701 417 1787 445 cor-

207 470 351 518 ruptus
381 467 435 506 sit
473 468 513 505 et
553 464 768 516 Galepsum
806 464 958 515 ceperit
995 460 1138 518 (Thuc.
1171 465 1217 516 5,
1251 461 1305 515 6).
1368 463 1511 504 similis
1552 465 1663 504 iocus
1701 462 1788 503 sino

209 525 332 564 dubio
362 524 441 563 fuit
469 522 676 574 Aristoph.
708 522 784 574 Eq.
819 523 886 561 78.
919 523 956 562 9.

953 657 1040 700 405

411 736 598 794 γέρροιν
630 735 993 794 (ἀποσταυροῦν)

323 830 466 873 Suidas
496 830 672 885 γέρροιν·
704 826 785 872 ἀπὸ
822 831 998 885 σταυροῦ
1035 842 1162 884 φησιν
1199 828 1391 879 Εὔπολις.
1452 831 1510 872 sic
1539 830 1786 884 Bernhardy.
1862 867 1872 883 ,-

208 891 276 931 sed
306 893 414 931 recte
442 885 728 942 ἀποσταυροῦν
758 891 802 940 C,
834 891 942 941 quod
980 890 1257 941 recipiendum
1295 892 1336 929 et
1372 902 1463 930 cum
1501 885 1659 942 γέρροιν
1695 901 1788 929 con·

207 948 454 1000 iungendum
485 950 582 990 erat.
612 949 747 999 Etym.
781 962 834 988 m.
868 949 965 999 228,
996 949 1050 987 52
1090 945 1154 986 ἐπὶ
1183 951 1380 999 σταυροῦ,
1420 946 1490 986 sed
1529 943 1574 985 ἐκ
1613 949 1790 998 σταυροῦ
1864 939 1872 951 ’

209 1002 355 1058 (φησιν
383 1002 586 1055 Εὕπολος)
633 1006 894 1046 Florentinus
933 1005 1082 1045 Minori
1114 1005 1338 1056 (Melanges
1371 1003 1459 1057 76),
1495 999 1575 1043 ἀπὸ
1614 1004 1790 1056 σταυροῦ
1870 1022 1872 1028 ·

206 1063 293 1102 DP.
325 1063 374 1102 cf.
407 1063 587 1102 Pherecr.
624 1064 687 1103 1⁷.
738 1063 910 1103 ‘duabus
948 1063 1125 1103 cratibus
1167 1062 1298 1102 ductis
1334 1062 1488 1113 aliquid
1525 1074 1550 1101 a
1585 1061 1789 1102 communi

205 1120 411 1159 hominum
442 1133 517 1160 usu
548 1120 779 1160 secludere’.

954 1254 1039 1297 406

412 1308 463 1353 τὸ
494 1310 676 1367 γλύμμα

321 1391 512 1440 Εὔπολις,
543 1395 687 1435 Pollux
720 1397 758 1445 7,
794 1397 887 1435 179.

954 1530 1039 1572 407

416 1586 737 1641 δαμαρίππεως

321 1674 426 1728 εἶδος
457 1679 647 1732 ἰσχάδων.
685 1678 879 1729 Εὔπολις.
912 1682 1152 1733 Hesychius.
1182 1680 1470 1734 δαμαρίππεως
1502 1681 1547 1721 L.
1578 1679 1784 1736 Dindorf.]

206 1735 338 1789 δάμαρ
376 1736 539 1785 ἱππέως.
589 1737 869 1791 δαμερίππεως
909 1739 1079 1779 Bekker.
1111 1739 1263 1779 Anecd.
1298 1740 1406 1779 1197
1447 1738 1517 1791 (ad
1556 1741 1660 1789 984,
1693 1737 1783 1794 27).

207 1795 256 1833 cf.
290 1795 471 1835 Pherecr.
505 1797 572 1836 80.
604 1796 815 1848 Hermipp.
849 1798 917 1838 51.
965 1796 1156 1837 Teleclid.
1179 1798 1220 1842 5.

411 1986 828 2043 Δαμασικόνδυλον
958 1930 1042 1973 408

319 2078 512 2132 Εὔπολις,
542 2078 597 2129 ὥς
617 2078 671 2121 ἂν
694 2079 761 2121 τὸν
785 2082 1138 2134 Δαμασίστρατον,
1158 2079 1256 2122 ὄντα
1278 2083 1382 2122 Χῖον
1397 2079 1634 2134 παλαιστήν,
1656 2079 1786 2131 οὕτως

206 2134 319 2189 λέγει.
351 2138 525 2190 Hesych.
547 2140 883 2180 ‘Damasistratus
905 2141 973 2180 ille
995 2140 1117 2181 Chius
1137 2141 1306 2181 fortasse
1328 2140 1578 2192 Theopompi
1605 2140 1786 2180 historici

206 2196 324 2244 pater
354 2198 428 2248 est,
461 2196 509 2236 de
540 2210 618 2248 quo
649 2198 698 2237 cf.
731 2197 848 2238 Phot.
881 2198 987 2238 Bibl.
1013 2199 1093 2238 176
1125 2211 1166 2249 p.
1192 2199 1284 2247 120,
1310 2199 1360 2238 19
1392 2197 1581 2239 Bekker‘.
1613 2197 1784 2240 Meinek.

959 2332 1043 2375 409

414 2387 698 2444 διακόλλημα

321 2471 490 2511 Photius
529 2470 712 2523 στοιβήν·
754 2468 809 2520 ὥς
843 2468 957 2524 ἡμεῖς
1004 2469 1047 2511 τὸ
1086 2469 1371 2524 ἆναπλήρωμα.
1432 2471 1501 2512 καὶ
1537 2470 1784 2524 διακόλλημα

208 2523 251 2564 τὸ
281 2521 380 2566 αὐτὸ
412 2533 528 2567 τοῦτο
558 2526 753 2577 Εὔπολις.
787 2530 833 2571 cf.
864 2530 1071 2582 Aristoph.
1103 2531 1204 2570 Ran.
1238 2532 1360 2570 1178.

957 2665 1044 2707 410

413 2718 699 2775 δυσάλγητον

322 2811 423 2850 Poll.
456 2814 610 2861 3„130
638 2811 898 2867 ἀνύποιστον,
930 2813 1155 2855 δύσοιστον.
1217 2812 1396 2862 Εὔπολις
1435 2811 1480 2853 δὲ
1509 2811 1611 2867 λέγει
1643 2812 1711 2854 καὶ
1740 2813 1779 2854 δ.

209 2868 328 2907 aliter
359 2869 481 2921 Soph.
514 2869 598 2910 ΟΒ..
634 2872 697 2910 12.
