1838 3230
206 182 287 224 766
585 179 1112 224 ΚΑΝΘΑΡΟΤΞΑΔΗΛΩΝ
1129 180 1400 215 ΔΡΑΜΑΤῼΝ

206 287 376 325 Meinek.
407 278 619 325 ἇνασεῖσαι
649 285 751 324 conl.
782 285 954 335 Hesych.
985 280 1210 332 ἆνασείεις
1241 281 1492 335 ἀναπείθεις,
1523 282 1783 354 άνερεθίζεις,

209 343 353 449 Ξυίᾶζειε
383 335 572 381 άνασείω·
611 336 824 380 ἆναπείθω
858 338 886 392 ἢ
925 338 1023 394 πρὸς
1060 339 1194 393 μάχην
1231 339 1410 395 ἐρεθίζω.
1469 343 1519 382 ef.
1549 337 1784 395 ἀνεγείρειν,

206 413 292 452 ριπι
317 413 389 439 ειν.

741 511 1243 546 ΑΔΗΔΩΝ’ΔΡΑΜΑΤΩΝ

991 602 1019 644 8

413 679 586 725 οὐκοῦν
617 679 953 737 ἀκρατισώμεθ’
986 679 1145 724 αὐτοῦ.
1179 685 1229 725 Β.
1260 682 1499 738 μηδαμῶς·

408 749 584 806 Ἰσθμοῖ
608 750 698 805 γὰρ
730 748 1046 806 ἀριστήσομεν.

317 835 550 881 Athenaeus
595 835 756 883 1,110
795 830 1016 884 Κάνθαρος
1059 835 1140 873 κτλ.
1184 830 1343 886 Ἰσθμοῖ
1381 834 1519 875 Cobet.
1559 833 1655 876 Obs.
1695 833 1786 874 crit.

204 893 308 934 Plat.
344 893 423 931 179
462 894 503 931 et
539 891 589 931 N.
622 862 649 929 l.
682 888 783 943 322]
816 887 860 928 ἕν
886 886 1051 944 Ἰσθμῷ.
1078 886 1228 946 Ἰσθμῷ
1257 892 1411 932 Iacobs.
1443 892 1585 931 Addit.
1615 893 1656 932 8.
1686 891 1782 942 Lys

209 952 274 1000 19,
307 950 359 989 63
391 946 576 999 ἐνίκησεν
601 944 762 998 Ἰσθμοῖ
787 946 855 987 καὶ
886 945 1024 1002 Νεμέα
1055 948 1119 1000 (ac
1149 931 1335 1003 saepius).
1384 950 1574 990 videntur
1608 949 1706 989 haee
1735 948 1786 1029 ml

205 1007 384 1046 Medeam
414 1006 625 1046 referenda
655 1018 754 1045 esse.
1743 1040 1750 1043 ,

990 1116 1017 1159 9

318 1201 462 1240 Pollux
501 1201 545 1249 4,
588 1202 639 1240 61
679 1197 722 1238 τὸ
752 1196 796 1238 δὲ
841 1196 1098 1252 (α’σκαρον)
1129 1194 1183 1270 ἦν
1210 1199 1404 1240 πλινθίον
1431 1203 1654 1265 πηχυαῖον,
1694 1198 1786 1252 ἔχον

205 1255 483 1310 διειλκυσμὲνα
512 1256 660 1309 πηνία,
699 1253 727 1295 α’
765 1255 1105 1309 περιστρεφόμενα
1143 1271 1244 1309 ηχον
1281 1255 1404 1298 ἐποίει
1442 1252 1616 1312 κροτάλῳ
1653 1272 1784 1326 παρα-

204 1314 384 1367 πλήσιον.
415 1312 591 1367 μάγαδιν
621 1311 661 1353 δ’
694 1310 874 1365 ὀνομάζει
903 1311 977 1365 μὲν
1002 1311 1239 1367 Ἀνακρέων,
1273 1313 1362 1367 τὴν
1392 1312 1445 1354 δὲ
1476 1313 1682 1369 εὕρεσιν
1709 1310 1782 1354 αὖ·

137 1406 141 1410 .
206 1379 276 1425 τῆς
298 1371 519 1425 Κάνθαρος
551 1370 706 1426 Θραξὶ
735 1370 1094 1423 προστίθησιν.
1156 1368 1376 1426 Κάνθαρος
1399 1371 1541 1455 Θραξι]
1562 1371 1689 1426 θραξί
1708 1386 1781 1411 κα-

208 1433 348 1483 θαρῶς
372 1432 421 1470 A.
453 1431 504 1470 ad
535 1430 707 1469 Tereum
736 1429 861 1469 refert
890 1429 1128 1470 Meinekius.

982 1541 1034 1583 10

415 1598 597 1648 λέκιθος

323 1680 386 1721 ἐπὶ
418 1687 489 1721 τοῦ
518 1680 666 1733 κρόκου
697 1684 767 1719 τοῦ
797 1676 879 1735 ᾠοῦ
918 1678 1043 1733 ἰατροὶ
1079 1677 1251 1732 λέγουσι.
1312 1679 1533 1735 Κάνθαρος
1573 1679 1618 1721 δὲ
1655 1679 1783 1729 οὕτως

205 1736 474 1792 ἀληλεσμένον
503 1753 540 1778 τι
570 1737 610 1787 ἐξ
641 1735 829 1791 ὀσπρίων.
862 1738 1031 1777 Bekker.
1061 1739 1213 1778 Anecd.
1246 1739 1312 1788 50,
1346 1740 1385 1778 4.

778 1967 823 2015 Δ
841 1965 868 2014 Ι
888 1964 932 2016 Ο
951 1966 1005 2015 K
1024 1965 1079 2015 A
1096 1965 1149 2014 H
1168 1966 1212 2015 Σ

833 2059 1007 2099 Meinek.
1029 2059 1049 2098 1
1071 2058 1166 2098 251.

906 2171 1095 2206 BAKXAI

324 2255 591 2308 cognomines
623 2255 847 2295 comoedias
880 2254 1124 2305 scripserunt
1153 2253 1357 2304 Lysippus
1386 2255 1428 2293 eia
1457 2254 1724 2305 Antiphanes.

995 2366 1017 2407 1

414 2445 550 2510 ὑδρία
580 2462 647 2497 τις
676 2443 706 2503 ἦ
735 2447 933 2505 χαλκοῦς
961 2439 1245 2500 ποδανιπτὴρ
1274 2442 1304 2500 ἦ
1334 2444 1467 2502 λέβης

322 2532 466 2572 Pollux
490 2532 555 2579 10,
579 2532 631 2570 78
662 2531 837 2569 καλεῖται
868 2525 1003 2580 μέντοι
1031 2525 1099 2567 καὶ
1127 2525 1378 2581 ποδανιπτὴρ
1399 2562 1408 2571 .
1431 2557 1440 2567 .
1463 2558 1474 2568 .
1497 2525 1543 2569 ἐν
1565 2525 1781 2575 Διοκλέους

211 2587 385 2640 Βάκχαις
414 2590 497 2627 κτλ.
527 2584 555 2639 ἢ
583 2584 700 2638 λέβης
730 2584 880 2640 Bent1.]
913 2583 1044 2638 λέβης.

412 2780 581 2827 πλυνεῖ
605 2794 653 2821 τε
682 2776 737 2821 τὰ
766 2775 882 2821 κακὰ
911 2778 1005 2819 τῶν
1036 2779 1191 2821 κακῶν
1219 2773 1346 2833 ὑμᾶς.

322 2863 490 2902 Photius
518 2863 562 2901 et
591 2861 734 2902 Suidas
763 2858 868 2900 κακὰ
897 2860 1055 2901 κακῶν·
1087 2861 1260 2912 Διοκλῆς
1291 2856 1429 2913 Βάκχη
1457 2860 1540 2902 κτλ.
1569 2851 1719 2899 πλυνεῖ
1740 2871 1780 2899 τε
