1872 3224
189 202 273 245 526
792 200 1184 235 ΑΡΙΣΤΟΦΑΝΟΤΣ

189 309 295 347 mine
326 308 615 355 Aristophanes
647 320 741 346 usus
773 320 858 346 esse
899 306 1080 355 videtur,
1121 309 1167 345 ut
1197 309 1336 346 vatum
1367 307 1526 347 fraudes
1557 309 1599 348 et
1628 302 1767 360 super·

188 366 398 405 stitionum
431 378 530 415 quae
560 367 657 403 tunc
679 364 850 404 Athenis
880 364 1076 415 vigebant
1104 365 1325 404 vanitatem
1354 364 1558 405 inridet-et.
1589 365 1639 405 de
1667 368 1770 405 tem·

186 435 281 473 pore
310 435 391 461 non
422 424 591 461 constat.
644 422 677 461 si
708 424 844 460 tamen
875 432 969 461 vera
998 423 1060 461 est
1097 421 1289 461 Meinekii
1321 421 1567 474 Bergkiique
1597 422 1647 462 de
1676 422 1767 465 Ari-

188 480 311 531 styllo
342 480 390 517 fr.
417 479 497 518 538
527 478 769 527 coniectura,
802 479 1093 530 posterioribus
1123 481 1264 530 poetae
1293 479 1391 519 haec
1421 479 1557 519 fabula
1580 479 1770 523 adnume-
1840 511 1845 519 ,-

189 537 314 575 randa
344 538 417 575 est.
1605 557 1616 567 ·

391 690 446 735 οὐ
476 692 565 748 γὰρ
596 694 784 750 τίθεμεν
813 691 894 735 τὸν
924 691 1081 748 άγῶνα
1111 692 1245 736 τόνδε
1275 691 1356 737 τὸν
1386 695 1562 750 τρόπον

391 760 545 817 ὥσπερ
579 762 685 812 τέως
714 755 794 817 ἦν,
829 759 947 804 ἀλλὰ
979 764 1155 805 καινῶν
1185 761 1478 818 πραγμάτων.

300 856 432 896 Schol.
472 857 630 897 Platon.
662 858 744 896 335
784 857 908 898 Bekk.
950 853 995 895 ἐν
1033 853 1079 895 δὲ
1117 859 1199 904 τοῖς
1236 853 1554 910 Ἀριστοφάνους
1595 859 1767 911 Τελμησ-

184 913 296 953 σεῦσι
327 911 390 967 (τὸ
421 911 534 967 τέως)
566 911 654 953 ἀντὶ
685 919 756 954 τοῦ
787 912 984 966 πρότερον
1013 916 1140 953 κεῖται
1176 916 1259 954 κτλ.
1315 915 1485 955 fortasse
1515 928 1564 955 ex
1594 917 1764 969 prologo

185 974 382 1022 excerpta.
435 972 483 1011 de
513 972 726 1012 certamine
758 970 909 1012 comico
940 974 1061 1022 poeta
1090 972 1282 1023 loquitur,
1313 970 1458 1020 καινάς
1479 970 1590 1021 ἰδέας
1613 977 1766 1024 speeta-

184 1029 339 1068 toribus
370 1029 626 1079 promittens.

934 1105 1020 1149 529

300 1188 498 1229 Aristides
527 1189 547 1228 I
570 1190 665 1240 277,
687 1192 710 1229 6
741 1190 854 1229 Iebb.
885 1186 910 1241 ἡ
943 1188 1131 1258 κωμῳδία
1161 1203 1203 1242 γε
1235 1187 1278 1228 τὸ
1308 1188 1449 1230 λοιπόν
1479 1187 1600 1242 ἔστιν,
1631 1188 1770 1244 ἔλεγον

185 1243 229 1283 δὲ
259 1241 480 1296 ἀναφέρων
510 1246 567 1294 εἰς
597 1244 690 1294 τοὺς
733 1244 973 1298 Τελμισσέας
1014 1252 1084 1285 τοῦ
1111 1243 1423 1299 Ἀριστοφάνους
1459 1244 1515 1296 ὦς
1554 1245 1642 1288 ἐκεῖ
1662 1245 1766 1304 λόγω

184 1317 242 1349 τις
270 1299 505 1354 ἠγωνίζετο,
538 1301 637 1358 ἔργῳ
666 1302 711 1342 δὲ
741 1302 936 1356 001’1'.quae
958 1305 1078 1344 verba
1106 1317 1270 1355 prorsus
1300 1305 1469 1346 obscura
1498 1310 1607 1346 eunt.
1639 1306 1767 1358 Berg-

187 1361 276 1399 kius
323 1361 635 1411 Aristophanem
686 1363 890 1412 scripsisse
938 1362 1144 1401 existimat
1185 1359 1287 1416 λόγῳ
1329 1361 1405 1415 γάρ
1454 1359 1765 1415 ἠγωνιζόμεσθᾎ

186 1415 332 1469 ἔργοισι
353 1414 392 1456 δ’
416 1416 480 1456 οὔ.
513 1432 614 1468 quae
645 1420 845 1459 artissime
867 1420 1056 1459 videntur
1077 1420 1356 1471 coniungenda
1377 1433 1464 1461 esse
1485 1433 1575 1460 eum
1598 1421 1646 1460 fr.
1670 1421 1766 1461 528.

934 1531 1021 1574 530

894 1614 948 1653 A.
981 1610 1207 1666 τράπεζαν
1236 1607 1346 1667 ἡμῖν
1377 1614 1562 1668 εἴσφερε

392 1684 512 1733 τρεῖς
542 1677 684 1729 πόδας
714 1679 924 1734 ἔχουσαν,
955 1681 1168 1736 τέτταρας
1198 1679 1249 1723 δὲ
1279 1680 1339 1736 μή
1369 1677 1508 1735 ’χέτω.

392 1749 443 1788 Β.
478 1745 553 1788 καὶ
584 1747 732 1789 πόθεν
763 1745 852 1802 ἐγώ
883 1749 1079 1803 τρίπουν
1109 1748 1332 1804 τράπεζαν
1364 1748 1583 1804 λήψομαι;

301 1841 530 1880 Athenaeus
553 1842 590 1889 2,
615 1842 701 1880 490
719 1837 1024 1894 Ἀριστοφάνης.
1065 1843 1302 1883 Eustathius
1327 1845 1447 1891 1398,
1474 1845 1539 1883 17.
1572 1844 1667 1892 867,
1691 1844 1758 1886 25.

191 1899 259 1946 10,
292 1899 347 1938 80
374 1894 663 1949 Ἀριστοφάνης
707 1896 756 1938 ἐν
804 1901 1160 1951 Τελμισσεῦσι·
1212 1898 1278 1939 καὶ
1317 1898 1451 1939 πόθεν
1481 1923 1536 1930 —
1565 1898 1759 1952 λήψομαι.

184 1955 288 1994 idem
323 1957 363 2004 6,
396 1957 450 1994 83
492 1954 674 2006 τρίποδες
707 1987 715 1994 .
749 1987 759 1996 .
843 1954 888 1996 ἐν
930 1956 1191 2008 Τελμισεῦσιν
1225 1953 1552 2009 Ἀριστοφάνους.
1604 1955 1765 2011 εισφερε

184 2009 401 2065 Porsonus]
435 2009 543 2064 φέρε.
590 2014 726 2063 aptius
758 2014 917 2054 videtur
946 2011 1142 2067 ἔκφερε.
1183 2015 1232 2055 cf.
1265 2015 1448 2055 Phereor.
1471 2017 1540 2056 67.
1579 2012 1764 2067 τέτταρας

188 2066 394 2122 Eustath]
427 2067 630 2122 τέσσαρας.

936 2148 1017 2191 531

391 2228 521 2268 οἴνου
551 2241 599 2269 τε
630 2227 746 2269 Χίου
777 2224 978 2283 στάμνον
1008 2226 1140 2284 ἥκειν
1171 2227 1246 2271 καὶ
1275 2227 1438 2284 μύρον.

299 2308 441 2347 Pollux
475 2310 540 2358 10,
575 2310 626 2348 72
655 2306 946 2362 Ἀριστοφάνης
984 2307 1028 2349 ἐν
1062 2310 1328 2362 Τελμισσεῦσι
1357 2308 1471 2364 λέγει.
1519 2312 1668 2352 excidit
1695 2309 1760 2351 κέ-

183 2365 350 2462 λῖυὲιξέ
355 2361 495 2416 (αὐτὸν
525 2363 729 2419 φέροντα).
780 2368 981 2407 artissime
1012 2368 1201 2408 videntur
1229 2369 1439 2408 cohaerere
1469 2381 1558 2408 eum
1596 2369 1646 2408 fr.
1678 2370 1764 2408 530

184 2436 204 2461 e

934 2490 1020 2533 532

389 2570 663 2611 πινακίσκον
693 2567 876 2625 ἄπυρον
906 2569 1136 2624 ίχθυηρόν

297 2650 441 2689 Pollux
475 2653 548 2700 10,
581 2652 634 2691 82
670 2648 961 2704 Ἀριστοφάνης
1001 2648 1039 2688 δ’
1082 2648 1184 2691 εὀικε
1221 2651 1393 2704 διαιρεῖν
1428 2665 1539 2699 τινας
1575 2644 1758 2705 ἆπύρους

184 2704 252 2745 και
283 2702 486 2758 ἕμπυρους
516 2709 802 2760 πινακίσκους,
833 2706 888 2756 ὦς
918 2707 1017 2748 ’ὅταν
1046 2707 1104 2762 φῇ
1125 2706 1169 2747 ἐν
1193 2710 1452 2759 Τελμισσεῠσι
1472 2711 1553 2748 κτλ.
1585 2709 1756 2750 Bekker.

185 2764 337 2803 Aneod.
372 2765 436 2813 14,
460 2765 512 2802 22
543 2763 705 2818 ἄπυρον
729 2765 990 2806 πινακίσκον·
1021 2763 1186 2815 καινόν,
1215 2763 1336 2816 μήπω
1365 2763 1463 2818 πυρὶ
1491 2775 1755 2835 προσενηνεγ-

182 2817 316 2871 μένον.
367 2794 538 2860 for’tasse
569 2824 720 2862 inserto
750 2819 787 2862 τ’
826 2826 920 2874 post
955 2819 1114 2874 άπυρον
1154 2823 1425 2862 continuanda
1455 2835 1544 2862 cum
1574 2825 1670 2864 531.

184 2878 290 2917 Plut.
322 2878 406 2916 814
438 2879 594 2920 confert
623 2880 869 2920 Dindorfius.
