1872 3224
208 220 287 263 15ss
801 207 1163 244 ΦΕΡΕΚΡΑΤΟΤΣ

321 324 548 363 Athenaeus
580 321 623 368 7,
657 317 770 357 3051*
805 307 1055 367 Φερεκράτης
1095 306 1471 363 Δουλοδιδασκάλῳ.
1539 310 1578 350 2,
1774 326 1787 344 a

208 377 535 431 Schweighaeus]
568 373 621 422 ὥς
642 370 813 427 ἀγαθόν.
883 374 920 411 3.
952 364 985 409 (3
1012 364 1135 422 ’γαθή
1155 365 1208 420 Ρ]
1241 364 1386 419 dynam)
1408 366 1458 406 A.
1495 378 1580 407 non
1599 367 1806 426 fahs-³213

208 440 255 478 de
284 439 344 477 his
373 435 549 476 versibus
572 430 899 471 Wilamowitzius
943 427 1084 467 Her‘m.
1114 425 1195 465 VII
1228 426 1377 475 146sq.
1409 424 1646 475 disputavit.
1684 425 1802 469 iuti

207 494 494 535 Herwerdenus
526 489 662 544 (Anal.
687 488 776 528 crit.
800 484 873 534 26)
905 483 1006 537 πρὸς
1034 480 1280 531 ’Λπόλλωνος
1311 482 1585 523 adseverantis
1603 479 1699 536 (pro
1717 477 1814 537 αξ

208 550 275 590 τὸν
291 546 480 599 Ἀπόλλω)
502 549 570 587 aut
590 545 832 586 obsecrantis
853 556 938 584 esse
970 555 1086 593 posse
1113 542 1287 593 negavit.
1319 539 1488 590 adparet
1507 539 1680 592 aliquem
1698 547 1815 601 Ρηζς,

207 621 387 649 somnum
410 606 484 646 sibi
504 606 634 645 visum
656 616 739 643 esse
759 602 907 641 mutari
927 601 968 639 in
998 599 1195 639 citharam
1223 598 1387 649 piscem.
1419 596 1600 648 dubitat,
1621 597 1775 646 bonum
1796 604 1823 643 “,

206 666 247 705 id
278 677 391 704 omen
430 664 482 703 sit
512 675 562 701 an
591 661 752 700 malum.
801 672 890 698 eum
928 658 1054 697 altera
1085 654 1260 707 (mulier,
1290 670 1330 696 v.
1362 651 1406 708 3)
1438 655 1497 694 ita
1527 655 1791 708 consolatur„
1800 670 1822 700 1:

205 725 250 761 ut
278 722 398 772 neget
427 721 619 759 citharum
649 718 744 756 mah
775 716 984 767 quicquam
1013 727 1130 765 posse
1159 713 1410 764 portendere.
1442 712 1632 763 quoniam
1661 713 1774 755 enim

209 779 358 817 cithara
388 778 440 817 sit
468 776 682 826 Apollinis,
719 774 911 814 citharum
942 784 1099 823 quoque
1130 772 1165 810 ci
1196 771 1270 810 deo
1301 771 1442 820 optime
1471 771 1677 812 convenire
1706 769 1772 824 (en.

206 837 310 874 enim
339 835 403 874 hic
431 836 491 873 est
522 832 754 884 significatio
784 844 921 881 praep.
943 827 1074 881 πρός).
1114 841 1191 879 quo
1221 840 1415 879 responso
1445 827 1515 867 ille
1543 827 1657 879 prior
1676 841 1772 882 quo-
1819 841 1830 880 ἢ

209 892 415 931 dammodo
445 891 622 930 firmatus
659 902 782 928 unum
813 888 889 928 sibi
928 888 1157 938 suspectum
1197 899 1282 926 esse
1313 886 1431 934 dicit,
1470 884 1580 935 quod
1608 885 1652 926 in
1680 898 1772 938 pro-

206 949 342 989 verbio
373 949 425 988 sit
462 948 680 987 ‘imerdum
708 947 753 985 in
782 946 928 985 citharo
965 946 1082 984 etiam
1110 944 1261 993 aliqmd
1289 944 1387 983 mali
1414 943 1542 984 inesse
1550 944 1577 990 ’,
1614 943 1701 985 sive
1725 941 1773 985 id

206 1006 461 1056 proverbium
499 1005 576 1043 fuit
613 1005 694 1043 sive
732 1003 869 1042 fictum
909 1015 931 1040 a
960 1002 1198 1040 Pherecrate
1229 1000 1278 1039 ad
1310 1000 1617 1041 similitudinem
1644 1001 1771 1044 notis-
1832 1008 1847 1059 'J

207 1064 297 1102 simi
326 1063 433 1102 illius
464 1059 590 1100 ἔνεστι
618 1057 695 1099 κᾶν
723 1055 898 1111 μύρμηκι
927 1054 1005 1098 κάν
1022 1055 1168 1112 -σέρφῳ
1198 1052 1306 1109 χολή.
1345 1058 1396 1098 cf.
1427 1057 1616 1099 Leutseh.
1647 1057 1772 1112 (ἆτος.
1851 1070 1856 1107 j

207 1121 332 1169 Mosq.
366 1121 403 1167 3,
435 1119 473 1158 8.
504 1119 604 1157 Mus.
634 1118 757 1156 Rhen.
790 1117 899 1156 XXX
928 1117 1024 1154 411.
1059 1116 1124 1155 12.
1155 1116 1291 1166 itaque
1325 1117 1571 1168 γεγενῆσθαι
1597 1129 1622 1155 a
1646 1115 1773 1158 verbo
1843 1142 1849 1146 -

207 1174 373 1214 ἐδόκουν
402 1176 573 1216 similive
602 1175 748 1225 pendet
777 1177 818 1213 et
846 1188 884 1214 v.
907 1175 931 1213 3
963 1173 1216 1213 scribendum
1247 1169 1376 1212 ἐκεῖνο
1405 1171 1476 1222 δὲ,
1510 1187 1546 1215 v.
1576 1173 1604 1212 4
1635 1171 1772 1215 autem
1852 1208 1856 1219 J

207 1228 355 1271 ἐνίοτ’
388 1230 537 1272 ἔνεστιν
568 1230 611 1270 ἐν
631 1229 785 1285 κιθάρῳ
815 1245 851 1269 τι
880 1227 960 1269 καὶ
990 1227 1133 1270 κακόν.
1164 1230 1310 1272 Athen.
1343 1233 1379 1279 7,
1413 1232 1530 1271 3068.
1563 1226 1625 1270 ’ὅτι
1653 1226 1701 1270 δὲ
1729 1226 1779 1284 (ὃ)

208 1287 393 1342 κίθαρος)
424 1286 504 1328 διὰ
535 1286 582 1328 τὸ
613 1286 763 1339 ὄνομα
784 1285 887 1338 ἱερὸς
909 1282 1012 1327 εἶναι
1031 1285 1262 1338 νενόμισται
1282 1291 1353 1326 τοῦ
1370 1284 1633 1340 Ἀπόλλωνος,
1664 1285 1771 1342 εἴρη-

206 1360 275 1385 κεν
304 1340 611 1398 Ἀπολλόδωρος.
649 1346 744 1384 ibid.
783 1347 897 1385 2879.
927 1341 1076 1396 Ἑρμοῦ
1115 1341 1222 1397 ἱερὸν
1257 1339 1363 1384 εἶναι
1399 1341 1513 1412 λόγος
1545 1341 1616 1385 τὸν
1644 1342 1773 1397 ἰχθύν

207 1399 383 1456 (βόακα),
415 1399 468 1449 ὡς
499 1401 567 1442 τὸν
596 1401 768 1454 κίθαρον
794 1398 1051 1449 Ἀπόλλωνος.
1091 1402 1242 1442 325ab
1279 1400 1380 1442 κατὰ
1411 1416 1456 1441 το
1491 1399 1772 1456 παραπλήσιον

206 1459 418 1498 οἰκειοῦσιν
443 1456 658 1498 Ἀπόλλωνι
687 1457 760 1510 μὲν
788 1458 974 1512 κίθαρον,
1001 1455 1126 1514 Ἑρμῇ
1137 1455 1200 1498 ·ὁ’ὲ
1229 1456 1373 1511 βόακα,
1409 1455 1596 1515 Διονύσῳ
1626 1456 1672 1500 δὲ
1691 1468 1771 1504 mre

207 1515 286 1555 τόν.
347 1530 446 1567 quae
490 1511 676 1556 videntur
714 1517 846 1567 aliquo
892 1517 1009 1556 modo
1054 1517 1104 1556 ad
1146 1517 1339 1568 Archippi
1387 1518 1522 1560 Pisces
1566 1518 1771 1570 pertinere

208 1570 277 1625 (cf.
308 1574 497 1624 Archipp.
531 1573 614 1626 17).
647 1576 820 1613 ceterum
856 1574 1029 1614 citharus
1059 1576 1121 1614 est
1150 1587 1171 1614 e
1201 1574 1462 1616 rhomborum
1491 1588 1649 1628 genere,
1676 1577 1769 1626 fidat-

208 1631 294 1670 cula
324 1630 463 1672 Gazae.

727 1767 735 1774 ,
962 1719 1018 1762 40

409 1795 581 1840 ἄνυσόν
612 1798 710 1840 ποτ’
745 1796 968 1854 ἐξελθών,
1000 1798 1160 1850 σκότος
1188 1797 1276 1855 γὰρ
1306 1801 1534 1857 γίγνεται,

409 1865 483 1907 καὶ
512 1864 591 1908 τὸν
621 1869 873 1923 λυχνοῦχον
899 1866 1054 1924 ἔκφερ’
1088 1866 1240 1918 ἐνθεὶς
1268 1866 1351 1912 τὸν
1381 1869 1566 1926 λύχνον.

319 1956 545 2000 Athenaeus
579 1962 642 2013 15,
676 1963 788 2002 699e
817 1964 1027 2014 λυχνοῦχοι
1064 1962 1105 2002 οἵ
1137 1967 1217 2002 νῦν
1245 1961 1486 2016 καλούμενοι
1514 1963 1638 2015 φανοὶ
1666 1961 1767 2005 αἰνο-

207 2013 372 2064 μάζοντο
402 2045 411 2055 .
434 2047 442 2055 .
467 2047 476 2056 .
498 2016 745 2070 Φερεκράτης
770 2017 1126 2074 Δουλοδιδασκάλῳ
1146 2022 1226 2059 κτλ.
1267 2018 1406 2069 σκότος
1428 2021 1747 2075 Schweighaeus-

208 2082 380 2124 πρωτος,
410 2074 477 2113 sed
508 2075 659 2116 etribus
688 2077 887 2127 prioribus
918 2078 1064 2118 litteris
1095 2078 1300 2118 evanidis’
1333 2076 1493 2132 (Dind.)
1525 2080 1576 2121 A.
1626 2077 1748 2133 ἕκφερ

211 2124 344 2174 ἐνθεὶς
381 2127 430 2181 C]
471 2128 599 2181 ε’κφαν
628 2167 636 2174 ,
667 2162 676 2171 .
713 2135 828 2181 νθεις
866 2135 916 2174 A.
967 2136 1158 2186 magister
1196 2149 1332 2177 servos
1370 2137 1531 2178 videtur
1568 2137 1768 2178 instruere

213 2180 376 2236 (Bergk.
406 2185 452 2225 R.
484 2201 515 2227 c.
546 2189 632 2228 Att.
664 2188 786 2245 299),
816 2193 862 2231 ut
890 2192 939 2234 fr.
970 2193 1038 2232 41.

961 2301 1016 2345 41

410 2378 516 2420 νυνὶ
545 2377 587 2420 δ’
618 2378 845 2433 ἀπονίζειν
875 2381 958 2438 τὴν
987 2381 1152 2426 κύλικα
1181 2384 1263 2436 δός
1291 2382 1329 2426 τ’
1364 2384 1561 2440 ἐμπιεῖν·

411 2445 527 2500 ἔγχει
555 2447 596 2489 δ’
631 2449 805 2500 ἐπιθεὶς
833 2448 914 2493 τὸν
943 2448 1109 2507 ἡθμόν.

225 2587 235 2600 ³
326 2536 551 2581 Athenaeus
575 2543 638 2591 11,
661 2544 779 2583 480b
810 2541 1058 2597 Φερεκράτης
1085 2544 1457 2602 Δουλοδιδασκάλῳ.
1488 2544 1694 2597 ἀπονίζειν
1713 2547 1766 2604 Α]
1791 2572 1796 2578 ·

212 2592 408 2658 απονίζων
426 2595 509 2636 VL.
549 2594 615 2645 δός
645 2596 681 2637 τ’
716 2598 870 2651 ἐμπιεῖν
898 2600 963 2655 Κ.]
996 2602 1113 2642 δώσω
1133 2608 1254 2644 πιεῖν.
1287 2603 1357 2652 δὸς
1389 2602 1544 2656 ἐμπιεῖν
1573 2606 1695 2646 Dobr.
1726 2607 1769 2646 in

213 2649 324 2714 I'tosu
360 2650 483 2691 Inscr.
515 2655 552 2693 9.
590 2653 690 2707 ἔγχει
728 2654 766 2695 δ’
807 2656 878 2710 K.]
920 2657 1020 2710 ἔγχει
1057 2656 1092 2698 τ’
1133 2662 1182 2700 Α.
1228 2658 1367 2713 ἡθμόν
1403 2661 1567 2716 Rosius]
1614 2659 1767 2715 ἠθμόν.-

212 2705 414 2770 απονίζειν
452 2711 511 2748 est
546 2711 765 2754 infinitivus
803 2727 874 2765 pro
910 2716 1162 2767 imperativo,
1202 2732 1373 2769 quocum
1409 2720 1515 2770 apud
1546 2720 1767 2760 Homerum
1849 2764 1852 2772 A

214 2763 442 2827 saeplssime
477 2767 735 2819 coniungitur.
784 2771 834 2810 of.
873 2771 1078 2823 Aristoph.
1109 2775 1207 2814 Ach,
1243 2778 1365 2818 1001.
1415 2774 1517 2829 ἔγχει
1554 2775 1579 2815 δ
1584 2773 1595 2789 ’
1626 2777 1768 2828 scripsi

214 2831 305 2867 qma
325 2833 359 2858 is
379 2821 447 2869 qui
475 2822 651 2876 loquitur
680 2839 720 2865 se
750 2828 835 2877 ipse
866 2829 1041 2879 corrigit.
1075 2832 1174 2870 ‘noli
1194 2834 1475 2874 autem‘nobis
1495 2834 1606 2884 prius
1627 2833 1766 2874 vinum

215 2874 326 2925 dare,
357 2888 473 2927 quam
502 2880 588 2920 colo
618 2884 910 2935 superinposito
940 2886 1078 2926 vinum
1107 2888 1356 2939 liquaveris'.
