1872 3224
239 211 321 253 238
867 206 1168 241 ΕΥΠΟΛΙΔΟΣ

238 317 315 355 An.
365 315 533 364 Raspius
573 314 727 352 confert
766 312 971 362 Aristoph.
1002 311 1110 350 Nub.
1141 311 1223 349 427
1262 307 1349 362 λέγε
1386 324 1465 349 νυν
1501 307 1603 362 ἡμῖν
1638 307 1715 362 ὅ,τι
1742 321 1822 361 σοι

238 374 394 423 δρῶμεν
424 374 610 422 θαρραῖν·
641 366 697 416 ὥς
728 365 802 407 οὐκ
831 365 1054 420 ἀτυχήσεις.

982 492 1063 533 115

506 571 594 629 ὅτῳ
627 571 671 615 δ’
703 570 762 615 ἄν
793 568 916 622 οἶνος
945 587 973 627 ῃ
1006 569 1151 622 πολύς
1181 572 1318 614 πίσει

347 657 521 708 Etymol.
554 670 605 695 m.
631 657 725 703 673,
751 657 805 695 20
836 652 905 693 τὸν
935 651 980 692 δὲ
1009 653 1112 693 πίσω
1142 651 1333 704 μέλλοντα
1363 649 1384 692 ὁ
1414 651 1595 705 τεχνικὸς
1622 651 1679 707 μὴ
1707 608 1812 727 ιίρῆὲ

235 714 337 753 σθαί
363 724 474 765 φησι,
506 711 574 752 καὶ
603 718 728 751 ταῦτα
758 709 966 781 εἰρημενου
997 706 1123 750 αὐτοῦ
1152 709 1221 750 καὶ
1250 708 1357 763 παρὰ
1389 706 1625 779 Πινδάρῳ.
1701 709 1814 755 ,καὶ

232 770 337 823 παρὰ
370 767 584 809 Εὐπόλιδι·
618 775 671 824 τῷ
701 766 741 808 δ’
774 766 828 808 ἆν
857 770 965 816 οἰνος
996 767 1059 819 εἴη
1089 762 1214 817 πολὺς
1245 768 1364 808 πίσει.
1395 765 1495 808 ἀλλὰ
1523 764 1671 821 μήποτ’
1701 761 1814 813 ἴση,

234 829 360 868 εἰπεῖν
389 826 448 867 ότι
477 826 530 879 μὴ
562 811 749 879 εἰρῆσθαι
790 824 834 865 ἐν
870 822 1017 865 πλάτει.
1057 827 1243 868 Eustath.
1287 827 1410 873 1554,
1449 827 1504 866 45
1541 824 1730 876 Εὔπολις
1758 825 1812 869 lv

233 882 408 937 δήμοις
446 885 553 924 πίσει
583 883 709 936 φησὶν
744 881 833 923 ἀντὶ
864 884 932 948 tei
961 886 1101 925 ποτιεῖ.
1144 885 1195 923 cf.
1225 883 1402 951 Cramer.
1430 884 1584 925 Aneod.
1612 884 1703 926 Par.
1720 884 1809 928 ml
1849 910 1852 915 Α

237 946 302 994 15,
323 945 389 985 29
422 945 474 982 32
495 942 616 980 πίσω
647 939 798 992 μέλλων
826 934 905 979 ἀπὸ
926 946 996 980 τοῦ
1016 940 1115 980 πίω·
1146 939 1214 980 καὶ
1235 938 1331 992 παρ’
1364 937 1556 992 εὐπολίδη
1577 946 1632 997 τῷ
1656 936 1705 983 δ’
1735 937 1808 993 αέα

233 995 338 1047 οἶνος
369 999 431 1051 εἴη
461 999 578 1038 πίσει.
613 1001 661 1041 ef
696 996 1530 1052 Herodian.11463,3.784‚1sq.3up
1543 996 1807 1054 Fritzschius]

233 1061 296 1111 τῷ.
357 1052 383 1111 ᾗ
413 1058 549 1099 Herm.
582 1056 730 1107 Opuse.
762 1055 797 1093 V
830 1053 927 1109 291]
962 1057 1037 1107 εἰη.
1088 1050 1200 1096 οἶνον
1229 1053 1358 1095 πολὺν
1387 1055 1542 1095 πίσειεν
1571 1056 1639 1097 Et.
1667 1056 1720 1096 V.
1751 1060 1808 1096 τοῦ
1861 1064 1872 1110 {j

233 1122 270 1164 δ’
303 1122 383 1164 ἀντ’
420 1120 526 1173 οἶνος
557 1124 620 1174 εἴη
655 1118 779 1172 πολυς
818 1117 925 1163 πίσεῖ
955 1126 1010 1165 Μ.
1041 1125 1084 1164 in
1125 1126 1237 1165 exitu
1277 1118 1407 1167 πολύν
1449 1125 1563 1170 addit
1600 1125 1808 1166 Herwerd.
1864 1126 1872 1133 ⁴

235 1182 332 1222 Obs.
364 1184 450 1222 crit.
483 1184 550 1222 23.
582 1184 691 1233 loqui
726 1183 884 1222 videtur
913 1183 1059 1233 aliquis
1089 1195 1170 1222 non
1201 1183 1376 1223 Atticus.

978 1317 1058 1359 116

434 1399 677 1452 τοιγαροῦν
707 1394 953 1452 στρατηγὸς
985 1396 1030 1448 ἐξ
1064 1396 1246 1440 ἐκείνου
1277 1399 1360 1440 τοῦ
1389 1396 1562 1453 χρόνου

434 1463 583 1516 οὐδεὶς
613 1464 804 1507 δύναται
835 1463 988 1520 ὥσπερ
1019 1463 1273 1521 μειαγωγὸς
1303 1465 1467 1509 ἑστιῶν

435 1537 511 1588 τῆς
540 1534 674 1576 τοῦδε
705 1535 834 1589 νίκης
864 1531 1042 1576 πλείον’
1073 1532 1262 1577 ἑλκύσαι
1293 1533 1513 1590 σταθμόν.

349 1617 610 1668 Harpocratio
644 1618 828 1665 125,13
867 1615 957 1669 περὶ
995 1615 1039 1656 δὲ
1076 1620 1147 1657 τοῦ
1174 1620 1400 1671 μειαγωγοῦ
1431 1615 1613 1665 Ευπολις
1643 1614 1689 1657 ἕν
1719 1615 1804 1670 Δή-

230 1688 317 1724 μοις
348 1676 427 1715 κτλ
490 1676 525 1712 2.
559 1648 743 1726 δύναταιΙ
775 1672 944 1713 ἐδύνατο
973 1675 1173 1727 Bergkius
1204 1676 1252 1715 R.
1285 1688 1317 1715 c
1347 1677 1436 1715 Att.
1469 1675 1564 1716 348.
1595 1674 1806 1715 Dobraens

232 1732 398 1770 Advers.
421 1732 440 1770 I
462 1733 542 1771 587
573 1768 596 1772 -
619 1754 645 1771 υ
674 1737 885 1783 τοιγαροῦν
915 1729 1133 1797 στρατηγὸς
1164 1730 1204 1780 ἐξ
1234 1730 1390 1772 ἐκείνου
1411 1737 1482 1772 τοῦ
1502 1730 1648 1785 χρόνον
1675 1731 1681 1782 Ι
1707 1728 1805 1772 οὐδὲ

230 1782 286 1835 εἷς
318 1784 473 1826 δύναιτ’
505 1784 559 1826 ἂν
589 1785 720 1840 ω’σπερ
749 1784 966 1841 μειαγωγὸς
997 1787 1142 1829 ἑστιῶν
1166 1787 1174 1843 Ι
1200 1788 1273 1841 τὴν
1302 1788 1422 1830 πόλιν
1451 1795 1523 1841 τῆς
1552 1787 1668 1828 τοῦδε
1687 1787 1803 1844 νίκης

229 1847 309 1883 κτλ.
342 1846 561 1885 Meinekius
592 1842 854 1899 (transposito
886 1843 1017 1895 οὐδεὶς
1051 1851 1142 1899 post
1172 1844 1411 1903 στρατηγός)
1441 1849 1535 1900 post
1565 1844 1707 1886 §uum
1736 1847 1805 1886 ad-

230 1903 348 1942 debat
377 1900 468 1949 τούς
499 1901 698 1954 φράτορας
724 1903 974 1958 (φράτερας)
997 1905 1203 1956 Aristoph.
1238 1905 1311 1956 Eq.
1345 1905 1440 1944 255.
1473 1904 1572 1944 Rau.
1604 1899 1701 1943 418.
1742 1903 1800 1943 Η.

229 1959 361 1998 Iacobi
400 1961 643 2009 emendatio,
674 1974 774 2010 quae
803 1962 1023 2011 probabilis
1054 1963 1268 2002 videbatur
1299 1962 1497 2002 Meinekio
1526 1962 1569 2000 in
1598 1961 1659 2000 ed.
1678 1961 1802 2010 min„

229 2016 326 2054 mihi
363 2030 613 2067 nequaquam
654 2019 814 2068 probari
855 2021 1003 2069 potest.
1050 2019 1294 2059 Fritzsohius
1329 2019 1467 2058 Aristo
1498 2018 1537 2057 h.
1578 2018 1680 2058 Rau.
1722 2013 1804 2058 798

229 2086 268 2122 p.
291 2074 370 2112 283
401 2109 424 2114 -
446 2096 471 2114 υ
508 2079 716 2126 τοιγαροῦν
754 2074 969 2128 στρατηγὸς
1004 2098 1058 2104 -—
1097 2071 1245 2127 χρόνον
1271 2074 1278 2128 Ι
1305 2072 1400 2115 οὐδὲ
1442 2089 1460 2115 ε
1483 2091 1503 2123 ς
1545 2070 1705 2114 δύναιτ’
1750 2072 1806 2114 ἄν

230 2126 361 2179 ὥσπερ
399 2145 438 2178 μ.
479 2129 691 2182 παγκάκως
719 2132 724 2182 Ι
751 2129 894 2171 ἑστιῶν
914 2135 1012 2196 ἱκτλ.
1076 2132 1251 2173 Cobetus
1290 2134 1341 2172 N.
1381 2133 1526 2173 1.152
1565 2130 1642 2198 (cf.
1682 2132 1803 2172 etiam

231 2187 396 2237 Sauppii
425 2187 555 2237 Epist.
587 2189 672 2228 crit.
711 2187 778 2242 17)
817 2203 951 2243 τοιγαρ
989 2188 1204 2243 στρατηγὸς
1233 2213 1288 2219 —-
1327 2187 1472 2242 χρόνον
1498 2191 1504 2240 Ι
1531 2182 1663 2236 οὐδείς
1699 2184 1801 2228 ποθ’

228 2240 359 2294 ω’σπερ
394 2259 432 2294 μ.
472 2242 613 2284 ἑστιῶν
646 2243 652 2297 Ι
684 2260 716 2285 τ
755 2261 787 2285 τ.
828 2262 866 2286 ν.
906 2246 1055 2286 πλείον’
1097 2245 1255 2286 εἵλκυσε
1293 2244 1489 2299 σταθμόν.
1549 2246 1803 2297 Myronidem

228 2301 340 2350 loqui
370 2302 591 2351 suspicatur
622 2303 811 2353 Raspius3
843 2305 892 2343 de
925 2305 1091 2344 victoria
1121 2305 1374 2344 Marathonia
1410 2318 1463 2347 an
1493 2304 1541 2344 de
1572 2303 1801 2352 Salaminia,

230 2357 482 2399 dissentiunt.
514 2360 610 2398 mihi
641 2362 838 2400 sententia
866 2362 963 2401 haec
999 2362 1161 2401 videtur
1197 2374 1304 2401 esse:
1342 2364 1390 2401 ut
1424 2358 1667 2414 μειαγωγός,
1705 2373 1801 2411 qua-

229 2414 472 2465 lemcumque
507 2416 677 2456 hostiam
716 2418 866 2457 obtulit
895 2416 964 2471 (ef.
997 2419 1201 2469 Aristoph.
1232 2419 1333 2458 Rau.
1367 2420 1448 2458 798
1478 2430 1569 2459 eum
1599 2417 1800 2469 interpr->2

230 2471 295 2509 vix
332 2485 519 2522 umquam
557 2475 652 2513 satis
692 2475 788 2514 facit
824 2472 1042 2527 φράτερσιν
1080 2488 1237 2526 semper
1273 2478 1387 2526 μεῖον
1423 2475 1706 2523 clamantibus,
1744 2475 1802 2514 sic

230 2528 293 2566 vel
323 2529 538 2568 clarissima
567 2532 733 2570 victoria
761 2545 858 2581 prae
888 2532 1140 2571 Marathonia
1177 2532 1495 2572 Atheniensibus
1533 2544 1690 2582 semper
1719 2543 1800 2571 sor-

230 2583 320 2622 dere
348 2586 562 2625 videbitur.
595 2589 731 2639 itaque
751 2590 882 2628 scribo
903 2593 1117 2642 τοιγαροῦν
1145 2586 1360 2640 στρατηγὸς
1390 2584 1523 2635 οὐδεις
1542 2610 1596 2616 —-
1614 2585 1764 2640 χρόνον
1787 2583 1793 2642 Ι

227 2636 398 2678 ἐδύναθ’
432 2639 563 2695 ὥσπερ
592 2660 631 2695 μ.
662 2647 828 2684 τοῖσιν
856 2644 1014 2698 ἔργοις
1045 2643 1187 2684 ἑστιῶν
1211 2646 1218 2697 Ι
1243 2643 1318 2696 τὴν
1347 2640 1466 2684 πόλιν
1494 2646 1574 2684 κτλ.

969 2734 1049 2776 117

342 2807 416 2849 καὶ
445 2807 534 2863 μὴν
565 2809 650 2864 ἐγώ
682 2815 862 2855 πολλῶν
891 2811 1134 2867 παρόντων
1163 2810 1247 2855 οὐκ
1279 2814 1364 2868 ἔχω
1395 2813 1438 2855 τί
1469 2812 1602 2864 λέξω·

341 2873 457 2918 οὕτω
488 2877 652 2934 σφόδρ’
685 2878 808 2935 ἀλγῶ
837 2879 922 2937 τὴν
951 2882 1180 2923 πολιτείαν
1209 2878 1337 2936 ὁρῶν
1367 2878 1475 2936 παρ’
1507 2879 1630 2936 ἡμῖν.
