1872 3224
208 143 293 186 488
809 139 1203 175 ΑΡιΣΤοΦΑΝΟΤΣ

324 248 557 290 Athenaeus
580 249 618 295 7,
642 247 754 287 3110
773 242 1095 316 Ἀριστοφάνης.
1156 243 1394 296 ,Λημνίαις
1417 242 1474 298 (A
1495 241 1794 313 Λήμναις)·ου

211 305 379 359 κρανίον
411 326 461 334 -—-
485 303 699 356 πρίασθαι,
730 296 784 350 ὡς
815 298 1014 354 διαφόρου
1053 299 1169 350 οντος
1207 303 1279 342 τοῦ
1316 301 1398 342 τῶν
1434 298 1651 356 2.oessde

1779 0 1872 271 1

213 362 360 413 φάλον,
391 360 578 414 καθάπερ
609 359 676 400 καὶ
706 365 792 399 τοῦ
823 356 917 400 τῶν
945 356 1190 430 γλαύκων.
1223 360 1332 401 idem
1363 362 1402 410 7,
1425 361 1545 402 302d
1575 357 1797 403 ἐπαινεῖται
1865 378 1872 390 ·-

211 419 256 460 δὲ
295 426 366 459 τοῦ
404 417 549 470 ἰχθύος
589 416 733 457 τούτου
772 413 970 472 (θύννου)
1009 415 1056 458 τὰ
1095 414 1343 488 ὑπογάστρια
1383 414 1794 471 ..Ἀριστοφάνης
1866 436 1872 471 g

213 476 437 530 Λημνίαις·
471 472 545 515 οὐκ
575 474 740 528 ἔγχελυν
768 477 851 514 κτλ.
890 479 933 516 et
973 476 1091 517 299b
1127 471 1148 516 ὅ
1184 475 1286 529 γοῦν
1318 469 1654 531 Ἀριστοφάνης·
1707 475 1797 518 έν
1868 485 1872 490 “

211 534 436 587 Λημνίαις·
469 531 633 587 ἔγχελυν
664 531 873 573 Βοιωτίαν.
904 534 946 574 in
975 547 1101 574 unum
1123 534 1335 574 coniunxit
1360 534 1580 575 Dobraeus.
1609 555 1666 565 --
1699 549 1796 589 κρα-

212 590 317 646 νίον]
350 594 540 645 κρανεῖον
569 591 620 631 A.

962 703 1048 747 365

327 782 412 841 τὴν
443 785 688 841 κρατίστην
719 782 901 840 δαίμον’
932 778 986 841 ἧς
1016 786 1105 827 νῦν
1134 785 1309 842 θερμός
1340 782 1443 829 ἐσθ’
1476 782 1501 829 ὁ
1530 785 1694 843 βωμός.

329 869 474 909 Suidas
511 862 545 924 ᾧ
583 872 661 908 νῦν
690 866 834 920 θερμοὶ
863 867 1027 920 βωμοί.
1119 864 1413 922 Ἀριστοφάνης
1442 865 1487 908 δὲ
1516 865 1563 910 έν
1592 868 1798 923 Λημνίαις

214 930 296 967 κτλ.
327 926 446 979 δηλοῖ
461 909 527 965 δὲ
538 923 614 965 ὅτι
643 921 723 966 άεί
750 939 885 973 τινες
916 923 1046 979 παρὰ
1074 922 1366 978 Ἀθηναίοις
1397 923 1533 976 ξένοι
1562 925 1675 968 θεοὶ
1703 923 1798 968 ἔτι·

210 990 392 1036 μῶντο.
454 977 489 1039 ᾧ
519 984 562 1023 in
592 985 781 1023 lemmate
811 984 1048 1025 Boissonad.
1080 983 1235 1035 Eunap.
1268 982 1372 1038 562]
1405 977 1450 1025 ὦ.
1482 985 1599 1026 iniizio
1619 983 1687 1026 καὶ
1707 985 1798 1026 add.

212 1044 382 1083 Porson.
413 1041 568 1082 Hecub.
606 1042 732 1093 praef.
764 1042 891 1081 XLII.
931 1041 1106 1082 Bekker.
1146 1042 1300 1082 Anecd.
1333 1043 1408 1093 29,
1441 1043 1495 1083 33
1535 1040 1670 1105 βωμὸς
1706 1045 1802 1097 θερ-

212 1097 308 1152 μός·
346 1097 498 1168 λέγεται
534 1096 610 1150 μὲν
647 1095 710 1138 ἐπὶ
748 1103 831 1138 τῶν
875 1100 1039 1163 θερμῶς
1078 1095 1402 1151 εὐδοκιμούντων
1446 1096 1492 1139 ἔν
1533 1104 1636 1152 τινι,
1679 1098 1802 1153 μετεί·

213 1160 358 1209 ληπται
388 1153 433 1196 δὲ
462 1152 542 1195 άπὸ
574 1161 655 1196 τῶν
684 1156 819 1209 ἱερῶν,
851 1150 912 1196 οἷν
941 1149 1007 1196 δια
1038 1154 1082 1197 τὸ
1101 1155 1407 1210 θρησκεύεσθαι
1434 1163 1627 1211 περιττῶς
1655 1155 1809 1212 θερμοί

214 1215 317 1255 εἰσιν
347 1214 388 1254 οἱ
413 1213 551 1267 βωμοί.
613 1214 865 1268 significatur
894 1214 1065 1266 Bendis,
1097 1228 1199 1267 quae
1236 1216 1411 1257 fortasse
1449 1229 1539 1257 cum
1578 1216 1711 1258 ironia
1739 1216 1798 1257 di-

215 1274 330 1314 citur
348 1271 550 1325 κρατίστη.
611 1284 656 1311 ac
686 1274 821 1323 potest
850 1269 925 1324 τὴν
961 1271 1134 1324 δαίμονα
1171 1273 1343 1324 pendere
1379 1287 1427 1314 ex
1466 1272 1589 1314 verbo
1627 1274 1799 1326 omiss03

215 1332 351 1382 potest
387 1332 524 1370 tamen
562 1330 684 1370 etiam
722 1332 841 1381 poeta
879 1330 1088 1381 scripsisse
1126 1328 1210 1370 καὶ
1245 1328 1309 1383 μὴ
1346 1331 1579 1379 κακίζειν
1612 1327 1802 1386 (κακίσῃς

216 1385 308 1441 τὴν)
341 1384 502 1438 δαίμον’
536 1389 618 1427 κτλ.

965 1500 1051 1543 366

408 1580 723 1623 πεντελίθοισί
748 1575 798 1622 θ’
831 1576 948 1635 ὁμοῦ
979 1578 1172 1636 λεκάνης
1202 1580 1594 1638 παραθραύσμασι

334 1665 478 1705 Pollux
510 1664 664 1713 9,126
698 1659 741 1702 τὸ
771 1662 1061 1712 πεντελιθίζειν
1091 1659 1199 1702 ἐστὶν
1229 1660 1274 1703 ἐν
1304 1667 1387 1712 τοῖς
1414 1660 1640 1718 Ἑρμίππου
1662 1663 1801 1714 Θεοῖς·

219 1720 261 1762 τὸ
291 1718 336 1762 δὲ
365 1719 493 1773 ὄνομα
523 1717 741 1761 πεντέλνθα
770 1718 816 1760 ἐν
844 1723 931 1769 ταῖς
957 1717 1271 1773 Ἀριστοφάνους
1303 1720 1510 1774 Λημνίαις
1539 1724 1624 1763 κτλ.
1663 1735 1802 1775 γυναι-

218 1785 304 1820 κῶν
333 1776 378 1819 δὲ
406 1772 558 1831 μαλλόν
587 1775 738 1818 ἐστιν’
716 1794 741 1831 η
764 1777 919 1819 παιδιά.
958 1779 1164 1819 Bekkerus
1185 1777 1410 1819 πεντάλιθα
1440 1783 1482 1821 et
1510 1779 1802 1834 πενταλῶθοισι,

219 1838 289 1878 sed
319 1837 462 1878 melius
492 1838 669 1888 πεντελ.,
699 1837 776 1877 ut
765 1849 808 1877 ιιι
829 1837 1015 1878 omnibus
1036 1836 1118 1877 illis
1138 1837 1388 1888 compositus.
1422 1838 1473 1882 cf.
1494 1837 1711 1891 Hermipp.
1734 1838 1802 1880 84.

219 1896 262 1935 in
299 1895 409 1935 exitu
446 1907 588 1935 versus
634 1894 862 1935 addendum
905 1893 1114 1943 παίζειν
1142 1892 1306 1949 (παῖσαι
1335 1896 1543 1937 Herwerd.
1573 1895 1678 1937 Nov.
1709 1895 1801 1937 add.

220 1954 310 1994 orit.
336 1949 421 2006 17).
453 1955 517 1993 est
546 1953 777 1992 hexameter
806 1955 878 1992 aut
907 1965 1001 2004 pars
1029 1954 1124 1992 ωτι.
1156 1965 1273 2004 anap.

970 2063 1054 2107 367

334 2148 514 2200 Etymol.
547 2160 599 2188 m.
633 2148 728 2196 283,
760 2148 815 2186 45
855 2145 1077 2195 δορίαλλος’
1108 2144 1260 2200 λέγεται
1289 2147 1357 2188 καὶ
1385 2147 1577 2201 δόριλλος.
1623 2145 1802 2202 Ἀριστο·

221 2202 373 2258 φάνης·
404 2205 458 2244 αι’
483 2206 722 2257 γυναῖκες
753 2201 834 2244 τὸν
871 2203 1142 2256 δορίαλλον
1178 2201 1514 2259 φράγνυνται.
1573 2203 1654 2246 ἔστι
1683 2203 1728 2246 δὲ
1758 2203 1803 2246 τὸ

220 2265 452 2316 γυναικεῖον
480 2261 656 2312 αἰδοῖον,
688 2257 754 2312 εφ’
771 2258 904 2331 ὕβρει
940 2260 1254 2315 τραγῳδιοποιοῦ
1286 2262 1502 2316 Δορίλλου.
1561 2279 1588 2316 η
1618 2261 1727 2317 παρὰ
1758 2261 1802 2303 τὸ

221 2321 369 2374 δείρειν
397 2318 440 2360 τὸ
469 2314 732 2371 τυπτόμενον,
759 2315 791 2383 ἢ
819 2316 862 2358 τὸ
892 2317 1121 2370 τιλλόμενον
1150 2317 1220 2368 τὰς
1251 2319 1385 2374 τρίχας
1423 2336 1491 2362 και
1527 2319 1648 2362 οἱονεὶ
1686 2318 1799 2362 ἐκδε-

222 2378 403 2448 ρόμενον.
462 2391 568 2417 ουτω
602 2374 704 2447 γὰρ
713 2369 836 2416 πάλαι
873 2373 1066 2427 έψίλουν,
1105 2373 1161 2424 ὥς
1199 2376 1320 2429 δηλοῖ
1345 2375 1639 2432 Ἀριστοφάνης
1680 2375 1801 2433 (Rau.

223 2436 324 2490 516)
363 2432 613 2488 ἡβυλλιῶσαι
650 2430 767 2488 κᾶρτι
805 2430 1147 2503 παρατετιλμέναι.
1207 2435 1347 2488 Etym.
1377 2435 1482 2477 Gud.
1519 2437 1613 2485 150,
1643 2436 1698 2476 49
1730 2434 1799 2476 δο-

222 2493 388 2547 ρύαλος·
419 2491 463 2532 τὸ
492 2495 726 2545 γυναικεῖον
761 2491 929 2532 αἰδοῖον.
965 2486 1270 2544 Ἀριστοφάνης·
1311 2493 1359 2533 αἱ
1390 2495 1580 2547 γυναῖκες
1618 2485 1687 2532 τὸν
1729 2492 1801 2532 δο-

224 2550 374 2604 ρύαλον
403 2546 644 2603 φράγονται,
681 2544 789 2602 παρὰ
819 2546 863 2588 τὸ
894 2546 1038 2601 δέρειν.
1100 2549 1324 2602 Hesychius
1361 2549 1595 2603 δορυαλλός·
1636 2547 1679 2590 τὸ
1718 2564 1800 2590 των

223 2608 429 2662 γυναικῶν
456 2606 610 2679 μόριον.
667 2603 747 2647 ἀπὸ
778 2612 850 2647 τοῦ
880 2604 1033 2660 δέρειν,
1067 2621 1095 2658 η
1126 2603 1197 2658 ἐφ’
1237 2605 1354 2660 υβρει
1383 2607 1454 2648 τοῦ
1483 2606 1801 2660 τραγωδιοποιοῦ

226 2665 454 2719 Δορύλλου,
484 2680 532 2705 ου
562 2663 757 2717 μέμνηται
786 2663 838 2704 ἐν
867 2662 1137 2716 Λημνίαις.
1198 2665 1580 2708 Sch01.Ran.516
1614 2663 1799 2718 δορίαλος

227 2723 268 2764 τὸ
298 2726 532 2776 γυναικεῖον
560 2723 736 2774 αἰδοῖον,
767 2719 823 2770 ὡς
851 2718 959 2776 παρὰ
997 2725 1050 2776 τῷ
1087 2717 1196 2776 αὐτοῦ
1235 2727 1384 2777 ποιητῇ
1419 2721 1467 2762 αἱ
1503 2725 1704 2774 γυναῖκες
1731 2719 1803 2762 τὸν

225 2781 413 2834 δορίαλον
448 2761 1190 2833 φράγνυνται.ο1’.8(ιίᾶ.Δόριλλος
1227 2763 1447 2822 Herodian.
1477 2779 1498 2819 Ι
1531 2781 1625 2830 158,
1657 2780 1726 2820 27.
1757 2778 1800 2819 II

227 2838 562 2890 446,15.494,
600 2842 619 2878 1
660 2840 802 2880 Lentz.
851 2838 1060 2880 Dindorfio
1102 2834 1302 2889 Δώριλλος
1343 2837 1591 2890 Theognosffi
1628 2835 1801 2890 (Canon.
