1872 3224
9 385 12 405 ÷
125 346 300 398 ntimo,
331 348 515 388 Aristide
547 352 846 401 consociaverit,
880 354 1090 405 Aspasiam
1120 352 1279 407 πόρνην
1317 359 1509 410 adpellari
1549 334 1676 411 posset

37 431 47 464 -y
71 404 238 457 pie-quo
265 419 307 446 v.
341 407 365 445 2
396 420 462 446 me
491 420 575 447 non
604 409 842 461 intellegere
872 411 1013 452 fateor.
1064 414 1242 466 Pericles,
1274 416 1440 456 Periclis
1471 431 1518 457 ex
1550 418 1674 469 Aspa-

6 464 10 510 ἱ
59 463 307 513 *Slajfiliuffi
345 465 484 515 paullo
524 468 619 506 ante
655 468 781 517 patris
822 471 993 509 mortem
1038 471 1144 510 inter
1182 474 1288 513 cives
1325 476 1511 524 receptus
1543 473 1669 527 (Plut.

5 566 6 569 Ἴ
55 518 190 578 ..Pon
223 519 313 575 37),
343 522 388 561 in
417 536 555 574 pugna
585 524 634 563 ad
666 526 889 576 Arginusas
920 529 1129 568 commissa
1158 533 1318 580 praetor
1349 527 1467 582 (Xen.
1499 532 1604 571 Hell.
1638 535 1674 582 1,

51 579 136 637 15,
171 580 236 619 16.
276 579 396 621 Diod.
433 581 500 630 13,
534 580 628 631 98),
670 595 760 621 cum
800 585 975 635 conlegis
1016 587 1165 626 occisus
1204 590 1265 626 est
1302 587 1364 628 Ol.
1399 590 1465 637 93,
1498 590 1522 628 3
1553 586 1672 643 (Xen.

6 673 12 678 ,
39 641 54 690 ,ιζ
74 634 202 692 Heu,
240 638 278 686 1,
312 638 350 687 5,
387 640 451 679 16.
497 639 724 679 Philochor.
750 641 881 680 Schol.
914 643 1012 684 Ran.
1049 643 1189 697 1196).
1241 646 1471 695 Myronides
1501 647 1674 686 clarissi-

5 696 18 705 ”
47 719 59 742 3¹
94 700 184 735 mue
215 697 279 735 est
307 695 722 737 Lacedaemoniorum
755 699 802 737 ad
836 698 1075 751 Oenophyta
1106 702 1233 741 vietor
1265 702 1346 753 (Ol.
1369 705 1438 753 83,
1469 703 1524 754 3).
1558 704 1673 744 Diod.

12 780 14 782 v
54 750 56 755 ’
89 753 163 802 ’11,
196 753 264 792 79.
297 755 366 793 81.
389 754 428 793 2.
483 754 592 795 Plut.
624 756 768 797 Periol.
812 758 876 797 16.
934 758 1141 809 Aristoph.
1181 760 1287 799 Eccl.
1328 761 1410 800 303
1452 757 1673 813 (Meinek.).

47 812 66 860 f*
95 809 199 852 addo
231 810 357 851 Thuc.
393 813 430 864 1,
465 814 561 852 105.
596 815 693 855 108.
726 815 766 865 4,
800 816 865 854 95.

306 1013 363 1060 οὐ
394 1015 552 1060 δεινὸν
583 1009 670 1061 οὖν
701 1016 860 1073 κριούς
890 1015 958 1074 ἔμ’
993 1017 1217 1074 ἐκγεννᾶν
1246 1021 1397 1077 τέκνα,

304 1083 454 1144 ὄρνεις
485 1084 530 1130 δ’
563 1083 748 1143 ὁμοίους
777 1087 884 1138 τοὺς
913 1086 1124 1140 νεοττοὺς
1152 1091 1215 1146 τῷ
1245 1092 1403 1147 πατρίς

212 1184 447 1224 Athenaeus
480 1184 525 1235 9,
558 1184 611 1222 37
616 1184 674 1223 3e
712 1181 779 1222 καὶ
823 1181 885 1223 ἐπὶ
925 1188 997 1222 τοῦ
1034 1186 1314 1235 πληθυντικοῦ
1350 1182 1481 1236 ὄρνεις
1518 1183 1674 1238 λέγουσι

1 1274 16 1296 2·
96 1268 147 1286 ,μ
181 1273 190 1281 .
241 1239 423 1288 Εὔπολις
470 1238 515 1279 ἕν
563 1240 734 1293 Δήμοις·
784 1237 831 1280 οὐ
879 1243 958 1280 κτλ.
1051 1244 1088 1280 1.
1137 1240 1274 1293 κριοὺς
1305 1242 1492 1283 Valcken.
1534 1244 1670 1294 Eurip.

15 1315 25 1319 ·
91 1299 243 1342 Phoen.
276 1297 351 1352 44]
392 1297 563 1351 κρείους,
631 1291 688 1350 ἔμ’
723 1298 883 1350 Valck.]
924 1297 967 1348 μ’
1008 1299 1127 1339 PVL.
1166 1314 1214 1351 με
1251 1301 1295 1339 Β.
1333 1297 1408 1351 μὲν
1438 1301 1671 1340 Wakefield.

0 1364 17 1417 ᾖ
93 1357 194 1398 Silv.
226 1359 317 1399 crit.
349 1356 409 1396 IV
445 1358 509 1396 18.
601 1358 638 1395 2.
671 1352 713 1395 δ’
748 1354 942 1410 Meinek.]
973 1353 1035 1398 θ’.
1095 1353 1253 1408 ὁμοίους
1285 1356 1468 1411 Oasaub.]
1513 1354 1672 1408 ὁμοίως.

91 1415 133 1455 in
164 1429 202 1455 v,
237 1418 256 1454 1
301 1418 343 1456 et
381 1411 448 1466 ε’μέ
484 1416 525 1454 et
562 1411 635 1465 μέν
674 1415 942 1454 necessarium
973 1416 1053 1462 est,
1103 1412 1297 1466 ἐκγεννᾶν
1335 1417 1470 1455 autem
1507 1416 1672 1454 verbum

0 1477 11 1524 ξ
91 1473 265 1523 comicis,
297 1474 468 1512 fortasse
497 1472 646 1512 Atticis
677 1473 863 1512 omnibus
893 1473 1093 1523 ignotum.
1125 1473 1260 1523 itaque
1291 1473 1543 1512 scribendum
1564 1473 1672 1511 vide·

92 1533 160 1570 tur
201 1527 291 1582 μὲν
334 1526 415 1582 ε’μὲ
457 1534 659 1582 γεννᾶν.
707 1551 762 1559 —-
807 1530 1040 1580 explicanda
1084 1530 1178 1569 haec
1223 1531 1317 1569 sunt
1358 1544 1404 1569 ex
1443 1530 1671 1580 proverbio,

91 1589 140 1627 de
177 1602 257 1640 quo
297 1589 346 1628 cf.
367 1588 536 1628 *Zenob.
569 1589 613 1636 4,
648 1590 700 1628 63
739 1579 850 1640 κριὸς
890 1583 1043 1637 τροφεῐ’
1076 1583 1281 1626 ἀπέτισεν·
1321 1584 1345 1638 ἡ
1386 1585 1575 1638 παροιμία
1610 1583 1672 1625 ἐπὶ

94 1650 176 1685 τῶν
204 1642 445 1698 ἀχαρίστων,
477 1643 562 1684 ἐπεὶ
593 1642 662 1692 τὰς
694 1643 852 1694 φάτνας
883 1643 1129 1693 πλήττουσιν
1159 1644 1200 1683 οἵ
1226 1643 1339 1695 κριοί.
1373 1646 1508 1694 itaque
1540 1645 1669 1694 Myro-

94 1704 208 1744 nides
239 1707 356 1744 antea
386 1703 592 1754 ingratum
623 1703 819 1742 Periclem
851 1702 978 1741 filium
1016 1703 1122 1752 patri
1154 1715 1239 1742 esse
1278 1704 1671 1741 commemoraverat.

94 1762 217 1801 verba
247 1762 335 1813 ipsa
365 1760 531 1800 Periclis
563 1763 671 1809 sunt,
705 1761 811 1810 quod
844 1761 1049 1811 ingratum
1070 1760 1389 1810 degeneremque
1422 1759 1545 1797 filium
1579 1771 1673 1807 pro—

92 1819 290 1860 creaverit
319 1819 534 1870 querentis.
567 1818 617 1858 of.
653 1818 858 1868 Aristoph.
891 1818 972 1855 Av.*
1003 1817 1096 1856 767.
1129 1816 1299 1854 Bekker.
1331 1815 1479 1854 Anecd.
1514 1817 1590 1866 65,
1619 1817 1669 1853 17

91 1881 164 1915 τοῦ
193 1873 344 1928 πατρὸς
375 1868 418 1913 τὸ
447 1873 631 1914 παιδίον·
664 1872 813 1913 παλαιὰ
843 1870 869 1925 ἡ
901 1872 1105 1925 παροιμία,
1137 1870 1327 1923 τιθεμένη
1358 1870 1422 1911 ἐπὶ
1444 1877 1524 1910 τῶν
1553 1868 1669 1921 ὅμοια

95 1932 324 1973 ποιούντων
354 1935 436 1980 τοῖς
466 1930 680 1983 πατράσιν.
712 1932 886 1971 Lobeck.
921 1931 1121 1982 Aglaoph.
1156 1931 1278 1970 1048.

851 2053 933 2097 100

305 2134 382 2180 καὶ
411 2134 586 2191 μηκέτ’,
619 2128 740 2186 ὦναξ
774 2133 1003 2189 Μιλτιάδη
1034 2131 1110 2176 καὶ
1141 2135 1401 2188 Περίκλεες,

304 2202 456 2248 ἐάσατ’
491 2202 651 2259 ἄρχειν
681 2205 895 2259 μειράκια
924 2201 1193 2258 βινούμεναι,

302 2273 353 2317 ἐν
384 2272 484 2316 τοῖν
513 2280 714 2328 σφυροῖν
744 2272 935 2316 ἕλκοντα
965 2270 1050 2327 τὴν
1080 2271 1364 2326 στρατηγίαν.

209 2370 340 2410 Schol.
381 2368 576 2409 Aristidis
614 2367 677 2406 ΠΙ
716 2369 797 2408 672
837 2367 958 2408 Dind.
1003 2363 1183 2413 Εὔπολις
1222 2363 1407 2416 ἐποίησεν
1443 2358 1670 2402 ἀναστάντα

96 2426 167 2468 τὸν
198 2425 436 2478 Μιλτιάδην
465 2423 532 2465 καὶ
558 2421 808 2477 Ἀριστείδην
836 2423 904 2464 καὶ
936 2421 1102 2464 Σόλωνα
1132 2421 1199 2462 καὶ
1230 2419 1426 2474 Περικλέα
1459 2453 1466 2461 .
1490 2451 1498 2459 .
1522 2451 1530 2459 .
1570 2417 1671 2471 λέγει

94 2483 140 2526 δὲ
170 2483 353 2532 Εὔπολις
376 2481 533 2531 οὕτως·
565 2481 633 2521 καὶ
661 2479 798 2534 μηκέτ’
842 2485 921 2521 κτλ.
975 2482 1140 2521 dubium
1181 2494 1266 2519 esse
1303 2492 1383 2518 non
1412 2479 1546 2529 potest
1574 2478 1671 2527 quin

98 2546 203 2583 reete
235 2543 372 2582 Demis
404 2543 622 2581 tribuatur.
718 2544 753 2580 l.
784 2535 923 2591 μηκέτ’
956 2533 1064 2587 ὦναξ
1095 2537 1284 2577 Valcken.
1310 2537 1436 2575 Diatr.
1461 2533 1562 2586 252]
1594 2548 1668 2584 μη-

97 2598 180 2640 κέτι
199 2598 303 2648 ἅναξ
324 2600 389 2639 vel
408 2594 546 2650 μηκέτ’
569 2595 687 2646 ἅναξ.
721 2594 926 2646 Μιλτιάδη
948 2592 1135 2648 Meinek.]
1172 2589 1388 2646 Μιλτιάδῃ,
1430 2589 1668 2640 Μιλτιάδην,

99 2655 346 2696 Μιλτιάδου.
388 2655 599 2708 Περίκλεες
631 2652 787 2708 Valck]
822 2653 1042 2706 Περίκλεις,
1075 2653 1266 2703 Περικλῆ,
1299 2651 1495 2701 Περικλεῖ.
1528 2648 1670 2687 Elmsl.

98 2716 204 2755 Med.
236 2729 277 2766 p.
304 2715 383 2754 146
413 2709 504 2753 ἀντὶ
535 2710 767 2753 Μιλτιάδου
797 2710 864 2750 καὶ
896 2707 1150 2762 Περικλέους.
1190 2700 1345 2759 ἐάσατ’]
1379 2702 1506 2745 ἐάσετ’
1541 2706 1669 2744 Elms-

96 2773 210 2812 leius.
243 2772 350 2823 quod
380 2784 462 2811 non
491 2771 771 2812 necessarium.
804 2770 850 2808 ef.
874 2768 1083 2818 Aristoph.
1106 2766 1267 2805 Thesm.
1289 2766 1374 2804 870
1402 2764 1538 2814 ibique
1568 2774 1670 2812 quae

96 2830 283 2881 Engerus
314 2831 355 2868 et
384 2828 628 2869 Fritzschius
661 2828 981 2878 disputaverunt.
1014 2825 1061 2864 de
1094 2822 1304 2874 Περίκλεες
1334 2822 1384 2862 cf.
1419 2833 1519 2872 quae
1550 2820 1670 2882 adnot

98 2887 179 2927 tavi
220 2886 270 2926 ad
311 2886 516 2937 Aristoph.
559 2886 634 2936 Eq.
669 2886 764 2924 283.
816 2883 1122 2934 ‘intelleguntur
1157 2880 1252 2920 mali
1291 2879 1565 2931 imperatores,
1603 2887 1670 2926 qul
