1872 3224
146 296 151 298 ἓ
214 300 327 339 audit
356 299 461 350 apud
491 297 700 347 Aristoph.
736 297 808 335 Av.
847 297 952 335 1297
985 293 1122 333 κίττα·
1154 294 1414 345 loquaculum
1445 293 1702 345 Syracosium
1730 294 1791 334 iu-
1826 307 1828 310 ’

216 194 299 237 378
873 189 1135 224 ΦΡΤΝῙΧΟΤ

215 358 320 397 dicat
351 357 517 406 Eupolis
551 349 738 392 Πόλεσιν’
772 350 906 407 (207).
950 353 1096 403 quibus
1127 365 1229 403 quae
1265 352 1348 391 Leo
1373 351 1517 391 adiecit
1546 364 1628 392 non
1657 350 1798 404 magni
1830 374 1834 405 j

215 417 308 454 sunt
336 414 468 464 pretii.
530 412 653 451 verba
681 406 865 461 ἀφείλετο
898 433 947 438 —
982 405 1227 461 ἐπεθύμουν,
1261 414 1354 449 cas'su
1376 409 1512 460 aliquo
1532 419 1796 450 numerorum

214 471 556 521 anapaesticorum
591 469 895 508 similitudinem
927 468 1152 516 referentia,
1187 467 1274 507 sine
1296 467 1419 506 dubio
1442 467 1681 507 scholiastae
1701 468 1797 508 sunt

214 533 254 567 et
285 528 482 567 artissime
514 527 791 577 coniungenda
824 539 914 566 eum
946 525 1138 576 p1oximis
1170 517 1235 564 διὸ
1264 547 1319 553 -
1350 521 1660 576 προσφέρονται.
1690 527 1796 564 oom-

213 586 367 636 pendiis
398 585 651 635 potissimum
686 584 944 623 librariorum
964 583 1087 623 verba
1118 586 1258 633 poetae
1289 582 1506 633 depravata
1536 582 1725 622 videntur
1753 583 1797 622 et

212 643 327 682 initio
359 643 416 681 sie
446 643 528 681 fere
559 642 825 680 restituenda:
871 639 1048 693 ψώραν
1078 638 1295 691 εὔχεσθε
1326 637 1631 693 Συρακοσίῳ.
1684 651 1708 679 a
1734 651 1797 679 re·
1843 640 1847 659 ἶ

214 700 333 750 liquis
366 713 526 739 manum
559 699 755 738 abstineo.
787 699 916 749 petita
947 700 1138 738 videntur
1171 712 1218 737 ex
1249 697 1449 749 parabasi.
1840 694 1846 706 ²

980 811 1035 854 27
1856 823 1872 856 ἰ

418 867 696 923 ἅρτοποπεῑν
1866 867 1872 879 ³

329 953 499 992 Bekker.
531 952 680 992 Anecd.
715 953 819 1000 447,
853 953 905 991 25
947 948 1177 1004 ἆρτοπόπον
1221 948 1289 991 καὶ
1337 947 1509 990 Ἀττικοὶ
1552 947 1620 990 και
1655 947 1796 998 Ἴωνες
1864 948 1872 950 ’

215 1009 284 1050 τὸν
313 1006 541 1077 ἀρτοποιόν.
602 1007 682 1048 ε’στι
711 1007 755 1048 δὲ
786 1007 828 1048 τὸ
867 1006 1174 1062 ἆρτοποπεῐν
1212 1005 1256 1048 ἐν
1287 1003 1540 1061 Μονοτρόπῳ
1577 1006 1797 1060 Φρυνίχου.

215 1068 303 1107 cod.
337 1064 559 1119 ἁρτόποτον
590 1071 630 1106 et
659 1063 904 1118 ἆρτοποτείν.
936 1068 1034 1107 ibid.
1068 1068 1139 1115 22,
1170 1068 1224 1106 23
1263 1062 1497 1119 αρτοποπήν
1535 1061 1800 1118 (ἆρτοποπεῖν

215 1123 432 1177 Meinekff)
465 1121 592 1172 οὕτως
622 1120 789 1164 Ἀττικοὶ
822 1123 888 1163 διὰ
920 1129 992 1164 τοῦ
1021 1139 1062 1167 π.
1095 1125 1241 1164 Pollux
1273 1126 1318 1173 7,
1352 1125 1403 1163 21
1445 1120 1488 1162 τὸ
1525 1119 1570 1162 δὲ
1609 1121 1717 1175 ῥῆμα
1754 1119 1819 1162 τὸ·

210 1179 447 1234 ἅρτοκοπεῐν
480 1181 671 1235 (Meinek.
695 1174 953 1235 ἆρτοποπεῐν)
977 1180 1021 1222 ἕν
1040 1181 1247 1234 Φρυνίχου
1258 1175 1540 1251 Μονοτρόπῳ.
1579 1179 1796 1232 Phrynioh.

212 1241 296 1336 Εξ]
330 1241 430 1337 {221¹
443 1235 664 1337 ἆὶρτοιιζιόπος
695 1236 905 1292 ἀδόκιμον.
939 1238 1012 1293 χρὴ
1045 1237 1090 1279 δὲ
1119 1236 1345 1292 ἀρτοκόπος
1366 1235 1395 1291 ἢ
1414 1233 1625 1292 ἆρτοποιός
1655 1234 1796 1290 λέγειν,

215 1311 240 1336 u
271 1311 284 1336 1
315 1310 335 1336 ο
435 1311 456 1337 o
488 1311 531 1338 ec

982 1399 1038 1442 28

420 1459 592 1509 γναθοῖ

329 1534 419 1578 ἀντὶ
450 1543 520 1578 τοῦ
552 1536 625 1590 τὴν
654 1534 813 1591 γνάθον
843 1537 993 1580 τύπτει.
1056 1537 1260 1602 Φρύνιχος
1293 1535 1561 1607 Μονοτρόπῳ.
1622 1538 1797 1578 Bekker.

216 1597 367 1636 Anecd.
403 1598 470 1647 87,
507 1597 546 1636 8.
579 1597 754 1648 Hesych.
786 1598 993 1649 γναθοῦν·
1027 1590 1069 1635 τὸ
1100 1596 1156 1644 εἰς
1187 1595 1370 1649 γνάθους
1401 1595 1578 1636 τύπτειν.

980 1708 1036 1750 29
1075 1750 1080 1754 .

418 1768 604 1821 θηλάζει

214 1907 265 1944 99
319 1844 418 1944 1οΞ4ντὶ
451 1854 522 1888 τοῦ
553 1843 696 1888 δίδωσι
727 1847 875 1901 θηλήν.
916 1847 1117 1902 Φρύνιχος
1151 1826 1414 1903 Μονοτρόπῳ.
1446 1848 1617 1888 Bekker.
1640 1847 1794 1888 Anecd.

271 1937 279 1955 ,
373 1937 380 1944 .

982 1995 1039 2038 30

242 2073 249 2081 “
327 2077 493 2118 Photius
524 2081 565 2118 et
596 2078 740 2118 Suidas
770 2075 1043 2142 παρθένοι·
1076 2076 1145 2126 τὰς
1173 2073 1394 2130 Ἐρεχθέως
1415 2073 1644 2130 θυγατέρας
1665 2073 1794 2124 ου’τως
1836 2083 1840 2086 ”

213 2132 348 2187 ε’λεγον
377 2133 444 2174 καὶ
475 2133 629 2187 ε’τίμων.
662 2130 770 2187 ἦσαν
800 2132 844 2175 δὲ
875 2129 944 2175 τὸν
973 2131 1150 2187 ἀριθμὸν
1180 2133 1232 2185 εξ.
1262 2132 1518 2202 πρεσβυτατη
1538 2131 1613 2186 μὲν
1636 2134 1795 2187 Πρωτο-

212 2189 366 2243 γένεια,
403 2190 582 2260 δευτέρα
630 2193 674 2232 δὲ
725 2191 953 2245 Πανδώρα,
1003 2192 1112 2245 τρίτη
1155 2191 1357 2246 Πρόκρις,
1395 2187 1557 2245 τετάρτη
1596 2188 1795 2244 Κρέουσα,

213 2245 370 2313 πέμπτη
403 2244 638 2301 Ὠρείθυια,
677 2264 769 2302 εκτη
808 2249 990 2289 Χθονία·
1032 2249 1186 2290 τούτων
1222 2247 1374 2303 λέγεται
1414 2246 1691 2302 Πρωτογένεια
1728 2246 1796 2288 καὶ

216 2301 419 2373 Πανδώρα
458 2306 601 2346 δοῦναι
642 2305 786 2353 ἓαυτας
823 2313 1030 2371 σφαγῆναι
1067 2304 1171 2359 υπὲρ
1209 2313 1280 2360 τῆς
1318 2304 1468 2360 χώρας,
1511 2311 1697 2359 στρατιας
1737 2303 1796 2345 ἐλ-

213 2358 369 2414 θούσης
410 2361 453 2402 ἐκ
493 2364 707 2412 Βοιωτίας·
756 2361 1094 2416 ἕσφαγιασθησαν
1137 2362 1182 2404 δὲ
1220 2363 1265 2404 ἐν
1304 2370 1360 2435 τῳ
1396 2361 1604 2418 (Υακίνθῳ
1646 2364 1794 2402 καλου-

213 2418 318 2474 μένῳ
348 2419 462 2490 πάγῳ
493 2418 595 2472 ὑπὲρ
627 2427 705 2461 τῶν
738 2421 1016 2472 Σφενδονίων.
1077 2420 1140 2461 διὸ
1170 2437 1236 2461 και
1276 2419 1403 2469 ουτως
1445 2422 1662 2461 καλοῦνται
1689 2433 1792 2473 παρ-

213 2475 327 2516 θένοι
353 2474 631 2546 Ὑακινθίδες,
671 2476 856 2531 καθαπερ
890 2482 1086 2531 μαρτυρεῖ
1113 2478 1355 2534 Φανόδημος
1386 2476 1431 2518 ἐν
1472 2478 1517 2533 τῇ
1552 2477 1588 2518 ε’
1621 2474 1793 2528 Ἀτθίδι,

213 2532 459 2585 μεμνημένος
490 2535 558 2587 τῆς
589 2542 704 2588 τιμῆς
735 2533 883 2587 αὐτῶν,
914 2534 981 2575 καὶ
1013 2535 1215 2589 Φρύνιχος
1250 2531 1512 2590 Μονοτρόπῳ.
1552 2547 1624 2586 pro
1658 2537 1793 2585 Σφεν-

214 2590 360 2630 δονίων
390 2593 612 2633 Meinekius
643 2594 905 2644 Σφενὸονῶν.
939 2594 1112 2634 Bekker.
1145 2594 1298 2634 Anecd.
1331 2595 1426 2643 202,
1449 2594 1503 2632 22
1533 2588 1793 2645 ἀφιδρύματα

215 2646 259 2686 ἐν
288 2652 374 2696 ταῖς
421 2649 684 2714 σῳενδόναις·
730 2648 987 2703 αφιδρύματα
1025 2648 1099 2702 μὲν
1136 2649 1184 2690 τὰ
1218 2646 1448 2702 ἀγάλματα,
1487 2647 1709 2700 σφενδόναι
1747 2645 1793 2687 δὲ

214 2703 333 2752 τόπος
361 2702 595 2757 Ἀθήνησιν.
609 2709 806 2771 Hesyoh
834 2705 1111 2755 ‘Yamvefflsg-
1151 2704 1354 2759 ἐπώνυμοι
1393 2701 1670 2760 [Ἀπόλλωνος]
1713 2701 1793 2744 ἀπὸ

209 2759 475 2801 Ὑακίνθου*
479 2778 531 2803 se.
562 2760 707 2817 παγου’
741 2767 794 2805 Μ.
827 2766 1021 2805 Schmidt.

330 2820 394 2859 Ad
432 2821 718 2873 Monetropum
762 2823 962 2874 Bergkius
1007 2823 1056 2861 R.
1090 2836 1123 2862 e.
1155 2823 1244 2862 Att.
1275 2823 1358 2862 372
1397 2821 1522 2860 refert
1559 2820 1607 2860 fr.
1640 2821 1708 2861 59.
1741 2820 1792 2859 ef.

214 2878 264 2916 fr.
297 2878 362 2919 58.
