<?xml version="1.0" encoding="UTF-8"?>
<!DOCTYPE html PUBLIC "-//W3C//DTD XHTML 1.0 Transitional//EN"
    "http://www.w3.org/TR/xhtml1/DTD/xhtml1-transitional.dtd">
<html xmlns="http://www.w3.org/1999/xhtml" xml:lang="en" lang="en">
 <head>
  <title>
</title>
<meta http-equiv="Content-Type" content="text/html;charset=utf-8" />
  <meta name='ocr-system' content='tesseract 3.04.00' />
  <meta name='ocr-capabilities' content='ocr_page ocr_carea ocr_par ocr_line ocrx_word'/>
</head>
<body>
  <div class='ocr_page' id='page_1' title='image "./comicorumatticor01kockuoft_0430.png"; bbox 0 0 1872 3224; ppageno 0'>
   <div class='ocr_carea' id='block_1_1' title="bbox 1695 0 1872 815">
    <p class='ocr_par' dir='ltr' id='par_1_1' title="bbox 1695 0 1872 815">
     <span class='ocr_line' id='line_1_1' title="bbox 1695 0 1872 815; baseline 0 -577"><span class='ocrx_word' id='word_1_1' title='bbox 1695 0 1872 815; x_wconf 95' lang='lat' dir='ltr'><strong><em>    </em></strong></span> 
     </span>
    </p>
   </div>
   <div class='ocr_carea' id='block_1_2' title="bbox 191 162 1173 210">
    <p class='ocr_par' dir='ltr' id='par_1_2' title="bbox 191 162 1173 210">
     <span class='ocr_line' id='line_1_2' title="bbox 191 162 1173 210; baseline -0.004 -12"><span class='ocrx_word' id='word_1_2' title='bbox 191 166 275 210; x_wconf 85' lang='lat'><strong><em>400</em></strong></span> <span class='ocrx_word' id='word_1_3' title='bbox 781 162 1173 196; x_wconf 73' lang='grc' dir='ltr'><strong><em>ΑΡιΣΤοΦΑΝοΤΣ</em></strong></span> 
     </span>
    </p>
   </div>
   <div class='ocr_carea' id='block_1_3' title="bbox 188 265 1840 438">
    <p class='ocr_par' dir='ltr' id='par_1_3' title="bbox 188 265 1847 438">
     <span class='ocr_line' id='line_1_3' title="bbox 189 265 1840 320; baseline -0.004 -7"><span class='ocrx_word' id='word_1_4' title='bbox 189 276 296 313; x_wconf 88' lang='lat' dir='ltr'>trum</span> <span class='ocrx_word' id='word_1_5' title='bbox 327 275 389 312; x_wconf 89' lang='lat' dir='ltr'><strong><em>est</em></strong></span> <span class='ocrx_word' id='word_1_6' title='bbox 425 273 533 311; x_wconf 86' lang='lat' dir='ltr'>idem</span> <span class='ocrx_word' id='word_1_7' title='bbox 570 272 688 320; x_wconf 84' lang='lat' dir='ltr'>atque</span> <span class='ocrx_word' id='word_1_8' title='bbox 727 268 871 318; x_wconf 84' lang='lat' dir='ltr'>Eupol.</span> <span class='ocrx_word' id='word_1_9' title='bbox 908 268 1002 307; x_wconf 84' lang='lat'><strong><em>159.</em></strong></span> <span class='ocrx_word' id='word_1_10' title='bbox 1039 266 1220 316; x_wconf 87' lang='lat' dir='ltr'>loquitur</span> <span class='ocrx_word' id='word_1_11' title='bbox 1260 265 1405 306; x_wconf 80' lang='lat' dir='ltr'><strong>chorus</strong></span> <span class='ocrx_word' id='word_1_12' title='bbox 1434 266 1477 305; x_wconf 90' lang='lat' dir='ltr'><strong><em>in</em></strong></span> <span class='ocrx_word' id='word_1_13' title='bbox 1507 265 1694 316; x_wconf 52' lang='lat' dir='ltr'><strong><em>parabas&amp;</em></strong></span> <span class='ocrx_word' id='word_1_14' title='bbox 1721 277 1772 307; x_wconf 76' lang='lat' dir='ltr'><strong><em>ex</em></strong></span> <span class='ocrx_word' id='word_1_15' title='bbox 1824 283 1840 287; x_wconf 45' lang='lat'>⁸</span> 
     </span>
     <span class='ocr_line' id='line_1_4' title="bbox 188 322 1772 382; baseline -0.004 -12"><span class='ocrx_word' id='word_1_16' title='bbox 188 332 330 382; x_wconf 80' lang='lat' dir='ltr'>poetae</span> <span class='ocrx_word' id='word_1_17' title='bbox 360 342 532 380; x_wconf 81' lang='lat' dir='ltr'>persona</span> <span class='ocrx_word' id='word_1_18' title='bbox 563 326 792 378; x_wconf 79' lang='lat' dir='ltr'><strong>significans</strong></span> <span class='ocrx_word' id='word_1_19' title='bbox 823 323 1094 374; x_wconf 82' lang='lat' dir='ltr'>antiquiorem</span> <span class='ocrx_word' id='word_1_20' title='bbox 1133 322 1464 363; x_wconf 76' lang='lat' dir='ltr'><strong>consuetudinem</strong></span> <span class='ocrx_word' id='word_1_21' title='bbox 1501 324 1544 362; x_wconf 87' lang='lat' dir='ltr'><strong><em>in</em></strong></span> <span class='ocrx_word' id='word_1_22' title='bbox 1580 323 1644 363; x_wconf 83' lang='lat' dir='ltr'><strong><em>his</em></strong></span> <span class='ocrx_word' id='word_1_23' title='bbox 1672 325 1772 364; x_wconf 77' lang='lat' dir='ltr'>tom·</span> 
     </span>
     <span class='ocr_line' id='line_1_5' title="bbox 190 379 1584 438; baseline -0.006 -11"><span class='ocrx_word' id='word_1_24' title='bbox 190 388 355 438; x_wconf 87' lang='lat' dir='ltr'>poribus</span> <span class='ocrx_word' id='word_1_25' title='bbox 386 400 427 425; x_wconf 83' lang='lat' dir='ltr'><strong><em>se</em></strong></span> <span class='ocrx_word' id='word_1_26' title='bbox 457 387 650 437; x_wconf 84' lang='lat' dir='ltr'>repetere.</span> <span class='ocrx_word' id='word_1_27' title='bbox 685 383 733 422; x_wconf 88' lang='lat' dir='ltr'><strong><em>cf.</em></strong></span> <span class='ocrx_word' id='word_1_28' title='bbox 765 382 912 433; x_wconf 87' lang='lat' dir='ltr'>Bergk.</span> <span class='ocrx_word' id='word_1_29' title='bbox 948 384 990 420; x_wconf 88' lang='lat' dir='ltr'><strong><em>et</em></strong></span> <span class='ocrx_word' id='word_1_30' title='bbox 1020 380 1160 420; x_wconf 85' lang='lat' dir='ltr'>Cobet.</span> <span class='ocrx_word' id='word_1_31' title='bbox 1194 379 1292 421; x_wconf 82' lang='lat' dir='ltr'><strong>obs.</strong></span> <span class='ocrx_word' id='word_1_32' title='bbox 1324 380 1410 420; x_wconf 82' lang='lat' dir='ltr'>crit.</span> <span class='ocrx_word' id='word_1_33' title='bbox 1442 381 1512 421; x_wconf 86' lang='lat'><strong><em>46.</em></strong></span> <span class='ocrx_word' id='word_1_34' title='bbox 1545 381 1584 420; x_wconf 80' lang='lat'><strong><em>7.</em></strong></span> 
     </span>
    </p>
   </div>
   <div class='ocr_carea' id='block_1_4' title="bbox 393 505 1428 644">
    <p class='ocr_par' dir='ltr' id='par_1_4' title="bbox 393 505 1428 644">
     <span class='ocr_line' id='line_1_6' title="bbox 959 505 1013 548; baseline -0.037 0"><span class='ocrx_word' id='word_1_35' title='bbox 959 505 1013 548; x_wconf 87' lang='lat'><strong><em>31</em></strong></span> 
     </span>
     <span class='ocr_line' id='line_1_7' title="bbox 393 579 1428 644; baseline -0.003 -13"><span class='ocrx_word' id='word_1_36' title='bbox 393 585 477 643; x_wconf 71' lang='grc' dir='ltr'><strong><em>ἀφ’</em></strong></span> <span class='ocrx_word' id='word_1_37' title='bbox 510 579 567 630; x_wconf 86' lang='grc' dir='ltr'><strong><em>οὗ</em></strong></span> <span class='ocrx_word' id='word_1_38' title='bbox 597 585 868 644; x_wconf 80' lang='grc' dir='ltr'><strong><em>κωμῳδικόν</em></strong></span> <span class='ocrx_word' id='word_1_39' title='bbox 898 586 1236 641; x_wconf 84' lang='grc' dir='ltr'><strong><em>μορμολυκεῖον</em></strong></span> <span class='ocrx_word' id='word_1_40' title='bbox 1266 585 1428 639; x_wconf 83' lang='grc' dir='ltr'><strong><em>ἔγνων.</em></strong></span> 
     </span>
    </p>
   </div>
   <div class='ocr_carea' id='block_1_5' title="bbox 189 662 1872 893">
    <p class='ocr_par' dir='ltr' id='par_1_5' title="bbox 189 662 1872 893">
     <span class='ocr_line' id='line_1_8' title="bbox 305 662 1772 722; baseline -0.003 -11"><span class='ocrx_word' id='word_1_41' title='bbox 305 672 435 711; x_wconf 86' lang='lat' dir='ltr'>Schol.</span> <span class='ocrx_word' id='word_1_42' title='bbox 466 671 555 710; x_wconf 81' lang='lat' dir='ltr'>Pae.</span> <span class='ocrx_word' id='word_1_43' title='bbox 588 671 670 709; x_wconf 84' lang='lat'><strong><em>474</em></strong></span> <span class='ocrx_word' id='word_1_44' title='bbox 709 666 755 708; x_wconf 77' lang='grc' dir='ltr'><strong><em>τὰ</em></strong></span> <span class='ocrx_word' id='word_1_45' title='bbox 786 671 1017 720; x_wconf 81' lang='grc' dir='ltr'><strong><em>προσωπεῖα</em></strong></span> <span class='ocrx_word' id='word_1_46' title='bbox 1049 666 1095 707; x_wconf 79' lang='grc' dir='ltr'><strong><em>τὰ</em></strong></span> <span class='ocrx_word' id='word_1_47' title='bbox 1126 665 1269 719; x_wconf 77' lang='grc' dir='ltr'><strong><em>αἰσχροὶ</em></strong></span> <span class='ocrx_word' id='word_1_48' title='bbox 1299 668 1588 722; x_wconf 82' lang='grc' dir='ltr'><strong><em>μορμολυκεῖα,</em></strong></span> <span class='ocrx_word' id='word_1_49' title='bbox 1626 663 1695 707; x_wconf 69' lang='grc' dir='ltr'><strong><em>καὶ</em></strong></span> <span class='ocrx_word' id='word_1_50' title='bbox 1723 662 1772 709; x_wconf 70' lang='lat' dir='ltr'><strong><em>ult</em></strong></span> 
     </span>
     <span class='ocr_line' id='line_1_9' title="bbox 190 722 1778 781; baseline -0.001 -14"><span class='ocrx_word' id='word_1_51' title='bbox 190 726 354 781; x_wconf 76' lang='grc' dir='ltr'><strong><em>τραγικὰ</em></strong></span> <span class='ocrx_word' id='word_1_52' title='bbox 385 726 454 767; x_wconf 81' lang='grc' dir='ltr'><strong><em>καὶ</em></strong></span> <span class='ocrx_word' id='word_1_53' title='bbox 484 726 530 766; x_wconf 81' lang='grc' dir='ltr'><strong><em>τὰ</em></strong></span> <span class='ocrx_word' id='word_1_54' title='bbox 561 724 738 778; x_wconf 85' lang='grc' dir='ltr'><strong><em>κωμικά·</em></strong></span> <span class='ocrx_word' id='word_1_55' title='bbox 771 724 839 766; x_wconf 80' lang='grc' dir='ltr'><strong><em>καὶ</em></strong></span> <span class='ocrx_word' id='word_1_56' title='bbox 870 723 914 765; x_wconf 76' lang='grc' dir='ltr'><strong><em>ἐν</em></strong></span> <span class='ocrx_word' id='word_1_57' title='bbox 941 722 1176 780; x_wconf 73' lang='grc' dir='ltr'><strong><em>Ἀμφιαράῳ</em></strong></span> <span class='ocrx_word' id='word_1_58' title='bbox 1206 727 1287 765; x_wconf 81' lang='grc' dir='ltr'><strong><em>κτλ.</em></strong></span> <span class='ocrx_word' id='word_1_59' title='bbox 1320 727 1347 766; x_wconf 92' lang='lat' dir='ltr'><strong><em>i.</em></strong></span> <span class='ocrx_word' id='word_1_60' title='bbox 1379 739 1413 765; x_wconf 82' lang='lat' dir='ltr'><strong><em>e.</em></strong></span> <span class='ocrx_word' id='word_1_61' title='bbox 1444 739 1471 766; x_wconf 85' lang='lat' dir='ltr'><strong><em>a</em></strong></span> <span class='ocrx_word' id='word_1_62' title='bbox 1499 738 1576 776; x_wconf 74' lang='lat' dir='ltr'><strong><em>quo</em></strong></span> <span class='ocrx_word' id='word_1_63' title='bbox 1605 726 1778 776; x_wconf 58' lang='lat' dir='ltr'><strong><em>tempor&amp;</em></strong></span> 
     </span>
     <span class='ocr_line' id='line_1_10' title="bbox 190 777 1855 837; baseline -0.002 -11"><span class='ocrx_word' id='word_1_64' title='bbox 190 790 313 826; x_wconf 78' lang='lat' dir='ltr'>artem</span> <span class='ocrx_word' id='word_1_65' title='bbox 342 788 528 826; x_wconf 75' lang='lat' dir='ltr'><em>comicam</em></span> <span class='ocrx_word' id='word_1_66' title='bbox 558 798 720 825; x_wconf 78' lang='lat' dir='ltr'><strong><em>exerceo.</em></strong></span> <span class='ocrx_word' id='word_1_67' title='bbox 753 784 869 837; x_wconf 73' lang='lat' dir='ltr'>initio</span> <span class='ocrx_word' id='word_1_68' title='bbox 899 784 1110 824; x_wconf 80' lang='lat' dir='ltr'>trochaeus</span> <span class='ocrx_word' id='word_1_69' title='bbox 1142 784 1266 833; x_wconf 80' lang='lat' dir='ltr'><strong>deest,</strong></span> <span class='ocrx_word' id='word_1_70' title='bbox 1298 783 1470 824; x_wconf 80' lang='lat' dir='ltr'>fortasse</span> <span class='ocrx_word' id='word_1_71' title='bbox 1500 780 1569 823; x_wconf 78' lang='grc' dir='ltr'><strong><em>καὶ</em></strong></span> <span class='ocrx_word' id='word_1_72' title='bbox 1597 777 1686 836; x_wconf 74' lang='grc' dir='ltr'><strong><em>γάρ.</em></strong></span> <span class='ocrx_word' id='word_1_73' title='bbox 1719 781 1772 834; x_wconf 58' lang='lat' dir='ltr'><strong><em>*fl</em></strong></span> <span class='ocrx_word' id='word_1_74' title='bbox 1851 814 1855 816; x_wconf 47' lang='grc'>,</span> 
     </span>
     <span class='ocr_line' id='line_1_11' title="bbox 189 833 1872 893; baseline -0.001 -11"><span class='ocrx_word' id='word_1_75' title='bbox 189 844 355 883; x_wconf 87' lang='lat' dir='ltr'>eandem</span> <span class='ocrx_word' id='word_1_76' title='bbox 385 843 597 891; x_wconf 79' lang='lat' dir='ltr'>parabasin</span> <span class='ocrx_word' id='word_1_77' title='bbox 626 843 801 893; x_wconf 81' lang='lat' dir='ltr'>pertinet</span> <span class='ocrx_word' id='word_1_78' title='bbox 832 855 877 881; x_wconf 84' lang='lat' dir='ltr'><strong><em>ae</em></strong></span> <span class='ocrx_word' id='word_1_79' title='bbox 907 841 956 882; x_wconf 89' lang='lat' dir='ltr'><strong><em>fr.</em></strong></span> <span class='ocrx_word' id='word_1_80' title='bbox 991 842 1059 882; x_wconf 87' lang='lat'><strong><em>30.</em></strong></span> <span class='ocrx_word' id='word_1_81' title='bbox 1860 833 1872 850; x_wconf 76' lang='lat'><strong>¹</strong></span> 
     </span>
    </p>
   </div>
   <div class='ocr_carea' id='block_1_6' title="bbox 959 964 1015 1007">
    <p class='ocr_par' dir='ltr' id='par_1_6' title="bbox 959 964 1015 1007">
     <span class='ocr_line' id='line_1_12' title="bbox 959 964 1015 1007; baseline 0 0"><span class='ocrx_word' id='word_1_82' title='bbox 959 964 1015 1007; x_wconf 83' lang='lat'><strong><em>32</em></strong></span> 
     </span>
    </p>
   </div>
   <div class='ocr_carea' id='block_1_7' title="bbox 395 1020 804 1079">
    <p class='ocr_par' dir='ltr' id='par_1_7' title="bbox 395 1020 804 1079">
     <span class='ocr_line' id='line_1_13' title="bbox 395 1020 804 1079; baseline -0.002 -14"><span class='ocrx_word' id='word_1_83' title='bbox 395 1021 646 1079; x_wconf 72' lang='grc' dir='ltr'><strong><em>ἀκραιφνὲς</em></strong></span> <span class='ocrx_word' id='word_1_84' title='bbox 675 1020 804 1075; x_wconf 81' lang='grc' dir='ltr'><strong><em>ὕδωρ</em></strong></span> 
     </span>
    </p>
   </div>
   <div class='ocr_carea' id='block_1_8' title="bbox 190 1102 1773 1557">
    <p class='ocr_par' dir='ltr' id='par_1_8' title="bbox 190 1102 1773 1557">
     <span class='ocr_line' id='line_1_14' title="bbox 302 1102 1771 1160; baseline 0 -17"><span class='ocrx_word' id='word_1_85' title='bbox 302 1102 592 1156; x_wconf 75' lang='grc' dir='ltr'><em>Ἀριστοφάνης</em></span> <span class='ocrx_word' id='word_1_86' title='bbox 620 1102 866 1160; x_wconf 84' lang='grc' dir='ltr'><strong><em>Ἀμφιαράῳ.</em></strong></span> <span class='ocrx_word' id='word_1_87' title='bbox 897 1104 1069 1144; x_wconf 86' lang='lat' dir='ltr'>Bekker.</span> <span class='ocrx_word' id='word_1_88' title='bbox 1101 1105 1254 1147; x_wconf 82' lang='lat' dir='ltr'>Anecd.</span> <span class='ocrx_word' id='word_1_89' title='bbox 1287 1106 1356 1155; x_wconf 89' lang='lat'><strong><em>81,</em></strong></span> <span class='ocrx_word' id='word_1_90' title='bbox 1390 1105 1456 1144; x_wconf 82' lang='lat'><strong><em>24.</em></strong></span> <span class='ocrx_word' id='word_1_91' title='bbox 1510 1105 1610 1145; x_wconf 85' lang='lat' dir='ltr'><strong>ibid.</strong></span> <span class='ocrx_word' id='word_1_92' title='bbox 1642 1105 1713 1156; x_wconf 83' lang='lat'><strong><em>23,</em></strong></span> <span class='ocrx_word' id='word_1_93' title='bbox 1744 1104 1771 1143; x_wconf 80' lang='lat'>4</span> 
     </span>
     <span class='ocr_line' id='line_1_15' title="bbox 190 1156 1773 1215; baseline 0.001 -14"><span class='ocrx_word' id='word_1_94' title='bbox 190 1156 411 1215; x_wconf 72' lang='grc' dir='ltr'><strong><em>ἀκραιφνὲς</em></strong></span> <span class='ocrx_word' id='word_1_95' title='bbox 442 1161 570 1215; x_wconf 73' lang='grc' dir='ltr'><strong><em>ὕδωρ·</em></strong></span> <span class='ocrx_word' id='word_1_96' title='bbox 603 1160 645 1201; x_wconf 89' lang='grc' dir='ltr'><strong><em>τὸ</em></strong></span> <span class='ocrx_word' id='word_1_97' title='bbox 674 1159 812 1215; x_wconf 70' lang='grc' dir='ltr'><strong><em>ἀμιγὲς</em></strong></span> <span class='ocrx_word' id='word_1_98' title='bbox 843 1160 912 1201; x_wconf 80' lang='grc' dir='ltr'><strong><em>καὶ</em></strong></span> <span class='ocrx_word' id='word_1_99' title='bbox 941 1158 1128 1214; x_wconf 85' lang='grc' dir='ltr'><strong><em>καθαρὸν</em></strong></span> <span class='ocrx_word' id='word_1_100' title='bbox 1158 1159 1290 1214; x_wconf 78' lang='grc' dir='ltr'><strong><em>ἑτέρας</em></strong></span> <span class='ocrx_word' id='word_1_101' title='bbox 1323 1159 1527 1214; x_wconf 79' lang='grc' dir='ltr'><strong><em>ἐπιρροῆς.</em></strong></span> <span class='ocrx_word' id='word_1_102' title='bbox 1566 1163 1773 1203; x_wconf 69' lang='lat' dir='ltr'>consenta-</span> 
     </span>
     <span class='ocr_line' id='line_1_16' title="bbox 190 1217 1772 1271; baseline -0.001 -12"><span class='ocrx_word' id='word_1_103' title='bbox 190 1233 309 1259; x_wconf 87' lang='lat' dir='ltr'>neum</span> <span class='ocrx_word' id='word_1_104' title='bbox 339 1225 403 1260; x_wconf 84' lang='lat' dir='ltr'><strong><em>est</em></strong></span> <span class='ocrx_word' id='word_1_105' title='bbox 432 1221 578 1269; x_wconf 74' lang='lat' dir='ltr'><strong><em>fontem</em></strong></span> <span class='ocrx_word' id='word_1_106' title='bbox 609 1217 851 1270; x_wconf 76' lang='lat' dir='ltr'><strong><em>Amphiarai</em></strong></span> <span class='ocrx_word' id='word_1_107' title='bbox 881 1220 1111 1271; x_wconf 82' lang='lat' dir='ltr'>significari.</span> <span class='ocrx_word' id='word_1_108' title='bbox 1143 1220 1242 1259; x_wconf 86' lang='lat' dir='ltr'><strong><em>Xen.</em></strong></span> <span class='ocrx_word' id='word_1_109' title='bbox 1275 1220 1392 1259; x_wconf 87' lang='lat' dir='ltr'>Mem.</span> <span class='ocrx_word' id='word_1_110' title='bbox 1426 1221 1463 1268; x_wconf 89' lang='lat'><strong><em>3,</em></strong></span> <span class='ocrx_word' id='word_1_111' title='bbox 1501 1221 1566 1271; x_wconf 86' lang='lat'><strong><em>13,</em></strong></span> <span class='ocrx_word' id='word_1_112' title='bbox 1596 1222 1624 1260; x_wconf 83' lang='lat'>3</span> <span class='ocrx_word' id='word_1_113' title='bbox 1653 1217 1772 1259; x_wconf 77' lang='grc' dir='ltr'><strong><em>πότε-</em></strong></span> 
     </span>
     <span class='ocr_line' id='line_1_17' title="bbox 191 1269 1771 1330; baseline 0.001 -15"><span class='ocrx_word' id='word_1_114' title='bbox 191 1291 264 1327; x_wconf 92' lang='grc' dir='ltr'><strong><em>ρον</em></strong></span> <span class='ocrx_word' id='word_1_115' title='bbox 295 1275 446 1330; x_wconf 78' lang='grc' dir='ltr'><strong><em>(ὕδωρ)</em></strong></span> <span class='ocrx_word' id='word_1_116' title='bbox 479 1276 706 1316; x_wconf 84' lang='grc' dir='ltr'><strong><em>λούσασθαι</em></strong></span> <span class='ocrx_word' id='word_1_117' title='bbox 735 1274 998 1330; x_wconf 76' lang='grc' dir='ltr'><strong><em>ψυχρότερον,</em></strong></span> <span class='ocrx_word' id='word_1_118' title='bbox 1030 1269 1073 1315; x_wconf 84' lang='grc' dir='ltr'><strong><em>τὸ</em></strong></span> <span class='ocrx_word' id='word_1_119' title='bbox 1091 1274 1200 1329; x_wconf 82' lang='grc' dir='ltr'><strong><em>παρὰ</em></strong></span> <span class='ocrx_word' id='word_1_120' title='bbox 1231 1275 1294 1316; x_wconf 81' lang='grc' dir='ltr'><strong><em>σοὶ</em></strong></span> <span class='ocrx_word' id='word_1_121' title='bbox 1323 1272 1353 1328; x_wconf 75' lang='grc' dir='ltr'><em>ἢ</em></span> <span class='ocrx_word' id='word_1_122' title='bbox 1372 1274 1416 1316; x_wconf 85' lang='grc' dir='ltr'><strong><em>τὸ</em></strong></span> <span class='ocrx_word' id='word_1_123' title='bbox 1436 1274 1482 1316; x_wconf 78' lang='grc' dir='ltr'><strong><em>ἐν</em></strong></span> <span class='ocrx_word' id='word_1_124' title='bbox 1498 1272 1771 1329; x_wconf 72' lang='grc' dir='ltr'><strong><em>Ἀμφιαράους</em></strong></span> 
     </span>
     <span class='ocr_line' id='line_1_18' title="bbox 191 1330 1772 1386; baseline 0.001 -13"><span class='ocrx_word' id='word_1_125' title='bbox 191 1332 233 1373; x_wconf 84' lang='grc' dir='ltr'><strong><em>τὸ</em></strong></span> <span class='ocrx_word' id='word_1_126' title='bbox 268 1332 311 1373; x_wconf 78' lang='grc' dir='ltr'><strong><em>ἐν</em></strong></span> <span class='ocrx_word' id='word_1_127' title='bbox 338 1331 603 1386; x_wconf 79' lang='grc' dir='ltr'><em>Ἀμφιαράου,</em></span> <span class='ocrx_word' id='word_1_128' title='bbox 636 1332 726 1386; x_wconf 76' lang='grc' dir='ltr'><strong><em>ἔφη.</em></strong></span> <span class='ocrx_word' id='word_1_129' title='bbox 777 1335 924 1374; x_wconf 86' lang='lat' dir='ltr'>Athen.</span> <span class='ocrx_word' id='word_1_130' title='bbox 957 1335 995 1383; x_wconf 85' lang='lat'><strong><em>2,</em></strong></span> <span class='ocrx_word' id='word_1_131' title='bbox 1029 1336 1116 1374; x_wconf 80' lang='lat'><strong><em>460</em></strong></span> <span class='ocrx_word' id='word_1_132' title='bbox 1154 1339 1225 1373; x_wconf 85' lang='grc' dir='ltr'><strong><em>τοῦ</em></strong></span> <span class='ocrx_word' id='word_1_133' title='bbox 1264 1332 1304 1383; x_wconf 81' lang='grc' dir='ltr'><strong><em>ἕξ</em></strong></span> <span class='ocrx_word' id='word_1_134' title='bbox 1333 1330 1585 1386; x_wconf 77' lang='grc' dir='ltr'><strong><em>Ἀμφιαράου</em></strong></span> <span class='ocrx_word' id='word_1_135' title='bbox 1622 1331 1772 1381; x_wconf 67' lang='grc' dir='ltr'><strong><em>ὕδατος</em></strong></span> 
     </span>
     <span class='ocr_line' id='line_1_19' title="bbox 190 1387 1773 1458; baseline 0.001 -28"><span class='ocrx_word' id='word_1_136' title='bbox 190 1389 257 1430; x_wconf 83' lang='grc' dir='ltr'><strong><em>καὶ</em></strong></span> <span class='ocrx_word' id='word_1_137' title='bbox 288 1397 360 1430; x_wconf 85' lang='grc' dir='ltr'><strong><em>τοῦ</em></strong></span> <span class='ocrx_word' id='word_1_138' title='bbox 390 1390 430 1440; x_wconf 79' lang='grc' dir='ltr'><strong><em>ἐξ</em></strong></span> <span class='ocrx_word' id='word_1_139' title='bbox 458 1388 656 1444; x_wconf 84' lang='grc' dir='ltr'><strong><em>Ἐρετρίας</em></strong></span> <span class='ocrx_word' id='word_1_140' title='bbox 691 1388 1053 1444; x_wconf 66' lang='grc' dir='ltr'><strong><em>ωμβαλλομένων,</em></strong></span> <span class='ocrx_word' id='word_1_141' title='bbox 1086 1390 1158 1430; x_wconf 79' lang='grc' dir='ltr'><strong><em>τοῦ</em></strong></span> <span class='ocrx_word' id='word_1_142' title='bbox 1186 1388 1262 1442; x_wconf 79' lang='grc' dir='ltr'><strong><em>μὲν</em></strong></span> <span class='ocrx_word' id='word_1_143' title='bbox 1292 1389 1332 1440; x_wconf 73' lang='grc' dir='ltr'><strong><em>ἐξ</em></strong></span> <span class='ocrx_word' id='word_1_144' title='bbox 1359 1387 1559 1444; x_wconf 85' lang='grc' dir='ltr'><strong><em>Ἐρετρίας</em></strong></span> <span class='ocrx_word' id='word_1_145' title='bbox 1597 1389 1773 1458; x_wconf 57' lang='lat' dir='ltr'><strong><em>wadient?</em></strong></span> 
     </span>
     <span class='ocr_line' id='line_1_20' title="bbox 192 1445 1771 1502; baseline 0.001 -15"><span class='ocrx_word' id='word_1_146' title='bbox 192 1454 264 1488; x_wconf 85' lang='grc' dir='ltr'><strong><em>τοῦ</em></strong></span> <span class='ocrx_word' id='word_1_147' title='bbox 294 1446 338 1487; x_wconf 82' lang='grc' dir='ltr'><strong><em>δὲ</em></strong></span> <span class='ocrx_word' id='word_1_148' title='bbox 369 1449 539 1502; x_wconf 76' lang='grc' dir='ltr'><strong><em>χρηστοῦ</em></strong></span> <span class='ocrx_word' id='word_1_149' title='bbox 569 1447 702 1498; x_wconf 80' lang='grc' dir='ltr'><strong><em>ὄντος,</em></strong></span> <span class='ocrx_word' id='word_1_150' title='bbox 735 1445 827 1487; x_wconf 82' lang='grc' dir='ltr'><strong><em>οὐδ’</em></strong></span> <span class='ocrx_word' id='word_1_151' title='bbox 859 1446 947 1500; x_wconf 73' lang='grc' dir='ltr'><strong><em>’ἥτις</em></strong></span> <span class='ocrx_word' id='word_1_152' title='bbox 978 1450 1045 1498; x_wconf 77' lang='lat' dir='ltr'><strong><em>(ne</em></strong></span> <span class='ocrx_word' id='word_1_153' title='bbox 1073 1451 1242 1489; x_wconf 77' lang='lat' dir='ltr'><strong><em>minima</em></strong></span> <span class='ocrx_word' id='word_1_154' title='bbox 1271 1450 1446 1499; x_wconf 76' lang='lat' dir='ltr'><strong><em>quidem)</em></strong></span> <span class='ocrx_word' id='word_1_155' title='bbox 1483 1446 1564 1488; x_wconf 71' lang='grc' dir='ltr'><strong><em>ἐστὶ</em></strong></span> <span class='ocrx_word' id='word_1_156' title='bbox 1594 1447 1771 1502; x_wconf 61' lang='grc' dir='ltr'><strong><em>διαφορεῖ</em></strong></span> 
     </span>
     <span class='ocr_line' id='line_1_21' title="bbox 191 1503 623 1557; baseline 0.005 -13"><span class='ocrx_word' id='word_1_157' title='bbox 191 1504 290 1544; x_wconf 79' lang='grc' dir='ltr'><strong><em>κατὰ</em></strong></span> <span class='ocrx_word' id='word_1_158' title='bbox 323 1503 395 1545; x_wconf 82' lang='grc' dir='ltr'><strong><em>τὸν</em></strong></span> <span class='ocrx_word' id='word_1_159' title='bbox 424 1505 623 1557; x_wconf 85' lang='grc' dir='ltr'><strong><em>σταθμόν.</em></strong></span> 
     </span>
    </p>
   </div>
   <div class='ocr_carea' id='block_1_9' title="bbox 399 1583 1015 1709">
    <p class='ocr_par' dir='ltr' id='par_1_9' title="bbox 399 1583 1015 1709">
     <span class='ocr_line' id='line_1_22' title="bbox 399 1583 1015 1709; baseline 0 -27"><span class='ocrx_word' id='word_1_160' title='bbox 399 1640 526 1696; x_wconf 77' lang='grc' dir='ltr'><strong><em>ἱερὸν</em></strong></span> <span class='ocrx_word' id='word_1_161' title='bbox 556 1629 795 1709; x_wconf 74' lang='grc' dir='ltr'><strong><em>συμβουλή</em></strong></span> <span class='ocrx_word' id='word_1_162' title='bbox 959 1583 1015 1625; x_wconf 59' lang='lat'><strong><em>33</em></strong></span> 
     </span>
    </p>
   </div>
   <div class='ocr_carea' id='block_1_10' title="bbox 190 1721 1772 1947">
    <p class='ocr_par' dir='ltr' id='par_1_10' title="bbox 190 1721 1772 1947">
     <span class='ocr_line' id='line_1_23' title="bbox 306 1721 1772 1777; baseline 0.003 -16"><span class='ocrx_word' id='word_1_163' title='bbox 306 1723 437 1762; x_wconf 81' lang='lat' dir='ltr'>Schol.</span> <span class='ocrx_word' id='word_1_164' title='bbox 470 1724 629 1763; x_wconf 84' lang='lat' dir='ltr'>Platon.</span> <span class='ocrx_word' id='word_1_165' title='bbox 661 1725 744 1763; x_wconf 89' lang='lat'><strong><em>383</em></strong></span> <span class='ocrx_word' id='word_1_166' title='bbox 784 1723 911 1762; x_wconf 86' lang='lat' dir='ltr'>Bekk.</span> <span class='ocrx_word' id='word_1_167' title='bbox 951 1722 1141 1775; x_wconf 80' lang='grc' dir='ltr'><strong><em>παροιμία</em></strong></span> <span class='ocrx_word' id='word_1_168' title='bbox 1175 1753 1184 1762; x_wconf 94' lang='grc'><strong>.</strong></span> <span class='ocrx_word' id='word_1_169' title='bbox 1218 1753 1227 1762; x_wconf 93' lang='grc'><strong>.</strong></span> <span class='ocrx_word' id='word_1_170' title='bbox 1269 1721 1332 1763; x_wconf 82' lang='grc' dir='ltr'><strong><em>ἐπὶ</em></strong></span> <span class='ocrx_word' id='word_1_171' title='bbox 1363 1729 1446 1763; x_wconf 76' lang='grc' dir='ltr'><strong><em>τῶν</em></strong></span> <span class='ocrx_word' id='word_1_172' title='bbox 1477 1726 1673 1777; x_wconf 73' lang='grc' dir='ltr'><strong><em>καθαρῶς</em></strong></span> <span class='ocrx_word' id='word_1_173' title='bbox 1702 1721 1772 1765; x_wconf 70' lang='grc' dir='ltr'><strong><em>καὶ</em></strong></span> 
     </span>
     <span class='ocr_line' id='line_1_24' title="bbox 190 1776 1771 1835; baseline 0.002 -17"><span class='ocrx_word' id='word_1_174' title='bbox 190 1776 346 1827; x_wconf 72' lang='grc' dir='ltr'><strong><em>ἀδόλως</em></strong></span> <span class='ocrx_word' id='word_1_175' title='bbox 376 1778 737 1831; x_wconf 83' lang='grc' dir='ltr'><strong><em>συμβουλευόντων</em></strong></span> <span class='ocrx_word' id='word_1_176' title='bbox 769 1811 778 1820; x_wconf 91' lang='grc'><strong>.</strong></span> <span class='ocrx_word' id='word_1_177' title='bbox 812 1811 821 1820; x_wconf 90' lang='grc'><strong>.</strong></span> <span class='ocrx_word' id='word_1_178' title='bbox 854 1811 862 1819; x_wconf 95' lang='grc'><strong>.</strong></span> <span class='ocrx_word' id='word_1_179' title='bbox 902 1777 1096 1831; x_wconf 81' lang='grc' dir='ltr'><strong><em>μέμνηται</em></strong></span> <span class='ocrx_word' id='word_1_180' title='bbox 1134 1776 1174 1818; x_wconf 84' lang='grc' dir='ltr'><strong><em>δ’</em></strong></span> <span class='ocrx_word' id='word_1_181' title='bbox 1214 1776 1340 1832; x_wconf 78' lang='grc' dir='ltr'><strong><em>αὐτῆς</em></strong></span> <span class='ocrx_word' id='word_1_182' title='bbox 1376 1779 1444 1821; x_wconf 82' lang='grc' dir='ltr'><strong><em>καὶ</em></strong></span> <span class='ocrx_word' id='word_1_183' title='bbox 1478 1777 1771 1835; x_wconf 72' lang='grc' dir='ltr'><strong><em>Ἀριστοφάνης</em></strong></span> 
     </span>
     <span class='ocr_line' id='line_1_25' title="bbox 192 1831 1772 1892; baseline 0.003 -17"><span class='ocrx_word' id='word_1_184' title='bbox 192 1835 236 1876; x_wconf 80' lang='grc' dir='ltr'><strong><em>ἐν</em></strong></span> <span class='ocrx_word' id='word_1_185' title='bbox 260 1831 507 1892; x_wconf 77' lang='grc' dir='ltr'><strong><em>Ἀμφιαράῳ.</em></strong></span> <span class='ocrx_word' id='word_1_186' title='bbox 549 1839 782 1878; x_wconf 77' lang='lat' dir='ltr'><em>admonetur</em></span> <span class='ocrx_word' id='word_1_187' title='bbox 819 1838 953 1888; x_wconf 83' lang='lat' dir='ltr'>potius</span> <span class='ocrx_word' id='word_1_188' title='bbox 990 1838 1172 1888; x_wconf 82' lang='lat' dir='ltr'>quisquis</span> <span class='ocrx_word' id='word_1_189' title='bbox 1203 1839 1448 1888; x_wconf 80' lang='lat' dir='ltr'>consulitur,</span> <span class='ocrx_word' id='word_1_190' title='bbox 1488 1842 1535 1879; x_wconf 89' lang='lat' dir='ltr'><strong><em>ut</em></strong></span> <span class='ocrx_word' id='word_1_191' title='bbox 1564 1842 1702 1880; x_wconf 80' lang='lat' dir='ltr'>sancta</span> <span class='ocrx_word' id='word_1_192' title='bbox 1730 1844 1772 1880; x_wconf 82' lang='lat' dir='ltr'><strong><em>et</em></strong></span> 
     </span>
     <span class='ocr_line' id='line_1_26' title="bbox 193 1895 1303 1947; baseline 0.001 -13"><span class='ocrx_word' id='word_1_193' title='bbox 193 1895 349 1934; x_wconf 83' lang='lat' dir='ltr'>sincera</span> <span class='ocrx_word' id='word_1_194' title='bbox 379 1899 512 1935; x_wconf 85' lang='lat' dir='ltr'>mente</span> <span class='ocrx_word' id='word_1_195' title='bbox 543 1896 651 1946; x_wconf 87' lang='lat' dir='ltr'>quod</span> <span class='ocrx_word' id='word_1_196' title='bbox 683 1896 879 1947; x_wconf 78' lang='lat' dir='ltr'>optimum</span> <span class='ocrx_word' id='word_1_197' title='bbox 911 1895 1098 1935; x_wconf 80' lang='lat' dir='ltr'>videatur</span> <span class='ocrx_word' id='word_1_198' title='bbox 1127 1895 1303 1935; x_wconf 76' lang='lat' dir='ltr'>suadeat.</span> 
     </span>
    </p>
   </div>
   <div class='ocr_carea' id='block_1_11' title="bbox 959 2007 1016 2050">
    <p class='ocr_par' dir='ltr' id='par_1_11' title="bbox 959 2007 1016 2050">
     <span class='ocr_line' id='line_1_27' title="bbox 959 2007 1016 2050; baseline -0.035 0"><span class='ocrx_word' id='word_1_199' title='bbox 959 2007 1016 2050; x_wconf 87' lang='lat'><strong><em>34</em></strong></span> 
     </span>
    </p>
   </div>
   <div class='ocr_carea' id='block_1_12' title="bbox 397 2062 812 2119">
    <p class='ocr_par' dir='ltr' id='par_1_12' title="bbox 397 2062 812 2119">
     <span class='ocr_line' id='line_1_28' title="bbox 397 2062 812 2119; baseline 0 -13"><span class='ocrx_word' id='word_1_200' title='bbox 397 2062 597 2119; x_wconf 79' lang='grc' dir='ltr'><strong><em>πλεκτὴν</em></strong></span> <span class='ocrx_word' id='word_1_201' title='bbox 627 2070 812 2119; x_wconf 74' lang='grc' dir='ltr'><strong><em>σχοῖνον</em></strong></span> 
     </span>
    </p>
   </div>
   <div class='ocr_carea' id='block_1_13' title="bbox 195 2141 1771 2255">
    <p class='ocr_par' dir='ltr' id='par_1_13' title="bbox 195 2141 1771 2255">
     <span class='ocr_line' id='line_1_29' title="bbox 195 2141 1771 2243; baseline 0.003 -60"><span class='ocrx_word' id='word_1_202' title='bbox 195 2204 248 2242; x_wconf 87' lang='lat'><strong><em>10</em></strong></span> <span class='ocrx_word' id='word_1_203' title='bbox 293 2145 480 2243; x_wconf 55' lang='grc' dir='ltr'><strong><em>ἔξυρίδα</em></strong></span> <span class='ocrx_word' id='word_1_204' title='bbox 511 2143 790 2194; x_wconf 82' lang='grc' dir='ltr'><strong><em>ὀψωνιοδόκον</em></strong></span> <span class='ocrx_word' id='word_1_205' title='bbox 828 2144 872 2186; x_wconf 80' lang='grc' dir='ltr'><strong><em>ἕν</em></strong></span> <span class='ocrx_word' id='word_1_206' title='bbox 897 2141 1125 2200; x_wconf 75' lang='grc' dir='ltr'><strong><em>Ἀμφιάρεῳ</em></strong></span> <span class='ocrx_word' id='word_1_207' title='bbox 1153 2143 1443 2200; x_wconf 78' lang='grc' dir='ltr'><strong><em>Ἀριστοφάνης</em></strong></span> <span class='ocrx_word' id='word_1_208' title='bbox 1482 2145 1571 2199; x_wconf 77' lang='grc' dir='ltr'><strong><em>ἔφη.</em></strong></span> <span class='ocrx_word' id='word_1_209' title='bbox 1622 2147 1771 2188; x_wconf 80' lang='lat' dir='ltr'>Pollux</span> 
     </span>
     <span class='ocr_line' id='line_1_30' title="bbox 249 2232 359 2255; baseline 0 -13"><span class='ocrx_word' id='word_1_210' title='bbox 249 2232 260 2255; x_wconf 93' lang='lat'>,</span> <span class='ocrx_word' id='word_1_211' title='bbox 352 2235 359 2242; x_wconf 94' lang='lat'>.</span> 
     </span>
    </p>
   </div>
   <div class='ocr_carea' id='block_1_14' title="bbox 397 2282 1016 2417">
    <p class='ocr_par' dir='ltr' id='par_1_14' title="bbox 397 2282 1016 2417">
     <span class='ocr_line' id='line_1_31' title="bbox 959 2282 1016 2325; baseline 0 0"><span class='ocrx_word' id='word_1_212' title='bbox 959 2282 1016 2325; x_wconf 87' lang='lat'><strong><em>35</em></strong></span> 
     </span>
     <span class='ocr_line' id='line_1_32' title="bbox 397 2361 948 2417; baseline 0 -14"><span class='ocrx_word' id='word_1_213' title='bbox 397 2361 680 2416; x_wconf 83' lang='grc' dir='ltr'><strong><em>τυφλότερος</em></strong></span> <span class='ocrx_word' id='word_1_214' title='bbox 710 2361 948 2417; x_wconf 80' lang='grc' dir='ltr'><strong><em>λεβηρίδος</em></strong></span> 
     </span>
    </p>
   </div>
   <div class='ocr_carea' id='block_1_15' title="bbox 191 2436 1811 2896">
    <p class='ocr_par' dir='ltr' id='par_1_15' title="bbox 191 2436 1811 2896">
     <span class='ocr_line' id='line_1_33' title="bbox 307 2436 1811 2498; baseline 0.001 -15"><span class='ocrx_word' id='word_1_215' title='bbox 307 2444 530 2495; x_wconf 82' lang='lat' dir='ltr'><strong>Hesychius</strong></span> <span class='ocrx_word' id='word_1_216' title='bbox 553 2441 792 2497; x_wconf 76' lang='grc' dir='ltr'><strong><em>γυμνότερος</em></strong></span> <span class='ocrx_word' id='word_1_217' title='bbox 814 2442 1034 2497; x_wconf 77' lang='grc' dir='ltr'><strong><em>λεβηρίδος.</em></strong></span> <span class='ocrx_word' id='word_1_218' title='bbox 1063 2436 1355 2498; x_wconf 86' lang='grc' dir='ltr'><strong><em>Ἀριστοφάνης</em></strong></span> <span class='ocrx_word' id='word_1_219' title='bbox 1375 2443 1498 2496; x_wconf 85' lang='grc' dir='ltr'><strong><em>φησί·</em></strong></span> <span class='ocrx_word' id='word_1_220' title='bbox 1532 2447 1650 2495; x_wconf 87' lang='grc' dir='ltr'><strong><em>τυφλ.</em></strong></span> <span class='ocrx_word' id='word_1_221' title='bbox 1684 2443 1766 2496; x_wconf 81' lang='grc' dir='ltr'><strong><em>λεβ.</em></strong></span> <span class='ocrx_word' id='word_1_222' title='bbox 1809 2447 1811 2450; x_wconf 79' lang='grc'><strong>’</strong></span> 
     </span>
     <span class='ocr_line' id='line_1_34' title="bbox 192 2497 1766 2554; baseline 0.003 -17"><span class='ocrx_word' id='word_1_223' title='bbox 192 2497 274 2538; x_wconf 76' lang='grc' dir='ltr'><strong><em>ἔστι</em></strong></span> <span class='ocrx_word' id='word_1_224' title='bbox 303 2497 347 2538; x_wconf 81' lang='grc' dir='ltr'><strong><em>δὲ</em></strong></span> <span class='ocrx_word' id='word_1_225' title='bbox 377 2499 534 2553; x_wconf 83' lang='grc' dir='ltr'><strong><em>λεβηρὶς</em></strong></span> <span class='ocrx_word' id='word_1_226' title='bbox 565 2499 609 2541; x_wconf 88' lang='grc' dir='ltr'><strong><em>τὸ</em></strong></span> <span class='ocrx_word' id='word_1_227' title='bbox 641 2498 710 2540; x_wconf 83' lang='grc' dir='ltr'><strong><em>τοῦ</em></strong></span> <span class='ocrx_word' id='word_1_228' title='bbox 738 2499 871 2552; x_wconf 80' lang='grc' dir='ltr'><strong><em>ὄφεως</em></strong></span> <span class='ocrx_word' id='word_1_229' title='bbox 900 2505 1026 2554; x_wconf 79' lang='grc' dir='ltr'><strong><em>γῆρας</em></strong></span> <span class='ocrx_word' id='word_1_230' title='bbox 1058 2535 1067 2544; x_wconf 92' lang='grc'><strong>.</strong></span> <span class='ocrx_word' id='word_1_231' title='bbox 1097 2533 1107 2542; x_wconf 94' lang='grc'><strong>.</strong></span> <span class='ocrx_word' id='word_1_232' title='bbox 1139 2532 1148 2542; x_wconf 89' lang='grc'><strong>.</strong></span> <span class='ocrx_word' id='word_1_233' title='bbox 1179 2499 1300 2542; x_wconf 80' lang='grc' dir='ltr'><strong><em>κενὸν</em></strong></span> <span class='ocrx_word' id='word_1_234' title='bbox 1329 2500 1375 2541; x_wconf 81' lang='grc' dir='ltr'><strong><em>δὲ</em></strong></span> <span class='ocrx_word' id='word_1_235' title='bbox 1404 2498 1543 2550; x_wconf 81' lang='grc' dir='ltr'><strong><em>τελέως</em></strong></span> <span class='ocrx_word' id='word_1_236' title='bbox 1573 2499 1766 2542; x_wconf 56' lang='lat' dir='ltr'><strong><em>gottw&amp;-</em></strong></span> 
     </span>
     <span class='ocr_line' id='line_1_35' title="bbox 194 2554 1769 2611; baseline 0.003 -17"><span class='ocrx_word' id='word_1_237' title='bbox 194 2570 236 2594; x_wconf 87' lang='grc' dir='ltr'><strong><em>το</em></strong></span> <span class='ocrx_word' id='word_1_238' title='bbox 266 2555 333 2595; x_wconf 84' lang='grc' dir='ltr'><strong><em>καὶ</em></strong></span> <span class='ocrx_word' id='word_1_239' title='bbox 362 2557 528 2607; x_wconf 88' lang='grc' dir='ltr'><strong><em>τυφλόν.</em></strong></span> <span class='ocrx_word' id='word_1_240' title='bbox 570 2555 640 2606; x_wconf 76' lang='grc' dir='ltr'><strong><em>τὰς</em></strong></span> <span class='ocrx_word' id='word_1_241' title='bbox 669 2556 745 2611; x_wconf 75' lang='grc' dir='ltr'><strong><em>γὰρ</em></strong></span> <span class='ocrx_word' id='word_1_242' title='bbox 775 2554 876 2606; x_wconf 77' lang='grc' dir='ltr'><strong><em>ὀπὰς</em></strong></span> <span class='ocrx_word' id='word_1_243' title='bbox 907 2557 1034 2610; x_wconf 89' lang='grc' dir='ltr'><strong><em>μόνας</em></strong></span> <span class='ocrx_word' id='word_1_244' title='bbox 1065 2556 1143 2610; x_wconf 70' lang='grc' dir='ltr'><strong><em>ἔχει</em></strong></span> <span class='ocrx_word' id='word_1_245' title='bbox 1180 2563 1263 2599; x_wconf 75' lang='grc' dir='ltr'><strong><em>τῶν</em></strong></span> <span class='ocrx_word' id='word_1_246' title='bbox 1297 2555 1536 2611; x_wconf 76' lang='grc' dir='ltr'><strong><em>ὀφθαλμῶν.</em></strong></span> <span class='ocrx_word' id='word_1_247' title='bbox 1585 2555 1769 2599; x_wconf 87' lang='grc' dir='ltr'><strong><em>τάττουσι</em></strong></span> 
     </span>
     <span class='ocr_line' id='line_1_36' title="bbox 194 2610 1765 2671; baseline 0.004 -21"><span class='ocrx_word' id='word_1_248' title='bbox 194 2610 237 2651; x_wconf 79' lang='grc' dir='ltr'><strong><em>δὲ</em></strong></span> <span class='ocrx_word' id='word_1_249' title='bbox 267 2611 342 2664; x_wconf 83' lang='grc' dir='ltr'><strong><em>τὴν</em></strong></span> <span class='ocrx_word' id='word_1_250' title='bbox 370 2612 475 2663; x_wconf 82' lang='grc' dir='ltr'><strong><em>λέξιν</em></strong></span> <span class='ocrx_word' id='word_1_251' title='bbox 507 2645 517 2654; x_wconf 94' lang='grc'><strong>.</strong></span> <span class='ocrx_word' id='word_1_252' title='bbox 551 2644 559 2653; x_wconf 94' lang='grc'><em>.</em></span> <span class='ocrx_word' id='word_1_253' title='bbox 594 2646 603 2656; x_wconf 92' lang='grc'><strong>.</strong></span> <span class='ocrx_word' id='word_1_254' title='bbox 635 2613 700 2655; x_wconf 78' lang='grc' dir='ltr'><strong><em>ἐπὶ</em></strong></span> <span class='ocrx_word' id='word_1_255' title='bbox 736 2620 818 2655; x_wconf 81' lang='grc' dir='ltr'><strong><em>τῶν</em></strong></span> <span class='ocrx_word' id='word_1_256' title='bbox 854 2612 1146 2667; x_wconf 71' lang='grc' dir='ltr'><strong><em>ἆποὸυομὲνων</em></strong></span> <span class='ocrx_word' id='word_1_257' title='bbox 1183 2614 1227 2655; x_wconf 84' lang='grc' dir='ltr'><strong><em>τὸ</em></strong></span> <span class='ocrx_word' id='word_1_258' title='bbox 1263 2621 1402 2669; x_wconf 78' lang='grc' dir='ltr'><strong><em>γῆρας.</em></strong></span> <span class='ocrx_word' id='word_1_259' title='bbox 1448 2614 1562 2671; x_wconf 77' lang='grc' dir='ltr'><strong><em>τριχῇ</em></strong></span> <span class='ocrx_word' id='word_1_260' title='bbox 1589 2614 1636 2655; x_wconf 82' lang='grc' dir='ltr'><strong><em>δὲ</em></strong></span> <span class='ocrx_word' id='word_1_261' title='bbox 1665 2612 1765 2656; x_wconf 78' lang='grc' dir='ltr'><strong><em>ἅνα-</em></strong></span> 
     </span>
     <span class='ocr_line' id='line_1_37' title="bbox 191 2667 1766 2725; baseline 0.003 -18"><span class='ocrx_word' id='word_1_262' title='bbox 191 2667 391 2721; x_wconf 77' lang='grc' dir='ltr'><strong><em>γράφουσι</em></strong></span> <span class='ocrx_word' id='word_1_263' title='bbox 411 2670 484 2722; x_wconf 82' lang='grc' dir='ltr'><strong><em>τὴν</em></strong></span> <span class='ocrx_word' id='word_1_264' title='bbox 504 2672 741 2724; x_wconf 82' lang='grc' dir='ltr'><strong><em>παροιμίαν,</em></strong></span> <span class='ocrx_word' id='word_1_265' title='bbox 779 2673 821 2712; x_wconf 82' lang='grc' dir='ltr'><strong><em>οἷ</em></strong></span> <span class='ocrx_word' id='word_1_266' title='bbox 843 2670 919 2724; x_wconf 87' lang='grc' dir='ltr'><strong><em>μὲν</em></strong></span> <span class='ocrx_word' id='word_1_267' title='bbox 939 2669 1174 2725; x_wconf 85' lang='grc' dir='ltr'><strong><em>τυφλότερος</em></strong></span> <span class='ocrx_word' id='word_1_268' title='bbox 1195 2675 1246 2724; x_wconf 62' lang='lat' dir='ltr'><strong><em>L,</em></strong></span> <span class='ocrx_word' id='word_1_269' title='bbox 1277 2673 1318 2712; x_wconf 80' lang='grc' dir='ltr'><strong><em>οἵ</em></strong></span> <span class='ocrx_word' id='word_1_270' title='bbox 1333 2670 1378 2712; x_wconf 81' lang='grc' dir='ltr'><strong><em>δὲ</em></strong></span> <span class='ocrx_word' id='word_1_271' title='bbox 1397 2672 1634 2725; x_wconf 80' lang='grc' dir='ltr'><strong><em>κενώτερος,</em></strong></span> <span class='ocrx_word' id='word_1_272' title='bbox 1664 2671 1766 2712; x_wconf 78' lang='grc' dir='ltr'><strong><em>οἶδὲ</em></strong></span> 
     </span>
     <span class='ocr_line' id='line_1_38' title="bbox 192 2725 1764 2782; baseline 0.003 -18"><span class='ocrx_word' id='word_1_273' title='bbox 192 2725 443 2780; x_wconf 78' lang='grc' dir='ltr'><strong><em>γυμνότερος.</em></strong></span> <span class='ocrx_word' id='word_1_274' title='bbox 467 2730 683 2769; x_wconf 80' lang='lat' dir='ltr'>Erotianus</span> <span class='ocrx_word' id='word_1_275' title='bbox 699 2732 766 2779; x_wconf 89' lang='lat'><strong><em>93,</em></strong></span> <span class='ocrx_word' id='word_1_276' title='bbox 777 2732 802 2770; x_wconf 88' lang='grc'>8</span> <span class='ocrx_word' id='word_1_277' title='bbox 819 2730 952 2769; x_wconf 88' lang='lat' dir='ltr'>Klein.</span> <span class='ocrx_word' id='word_1_278' title='bbox 970 2729 1178 2782; x_wconf 85' lang='grc' dir='ltr'><strong><em>λεβηρίδος</em></strong></span> <span class='ocrx_word' id='word_1_279' title='bbox 1189 2742 1199 2752; x_wconf 87' lang='grc'><em>·</em></span> <span class='ocrx_word' id='word_1_280' title='bbox 1221 2725 1456 2781; x_wconf 78' lang='grc' dir='ltr'><strong><em>ὖμενώδους</em></strong></span> <span class='ocrx_word' id='word_1_281' title='bbox 1470 2725 1764 2782; x_wconf 80' lang='grc' dir='ltr'><strong><em>άποσύρματος,</em></strong></span> 
     </span>
     <span class='ocr_line' id='line_1_39' title="bbox 191 2782 1764 2839; baseline 0.002 -18"><span class='ocrx_word' id='word_1_282' title='bbox 191 2782 289 2835; x_wconf 79' lang='grc' dir='ltr'><strong><em>ὅπερ</em></strong></span> <span class='ocrx_word' id='word_1_283' title='bbox 320 2782 401 2823; x_wconf 80' lang='grc' dir='ltr'><strong><em>ἐστὶ</em></strong></span> <span class='ocrx_word' id='word_1_284' title='bbox 433 2782 476 2823; x_wconf 87' lang='grc' dir='ltr'><strong><em>τὸ</em></strong></span> <span class='ocrx_word' id='word_1_285' title='bbox 506 2790 586 2825; x_wconf 81' lang='grc' dir='ltr'><strong><em>τῶν</em></strong></span> <span class='ocrx_word' id='word_1_286' title='bbox 616 2785 752 2836; x_wconf 80' lang='grc' dir='ltr'><strong><em>ὄφεων</em></strong></span> <span class='ocrx_word' id='word_1_287' title='bbox 780 2784 993 2839; x_wconf 77' lang='grc' dir='ltr'><strong><em>λεγόμενον</em></strong></span> <span class='ocrx_word' id='word_1_288' title='bbox 1020 2791 1159 2838; x_wconf 82' lang='grc' dir='ltr'><strong><em>γῆρας,</em></strong></span> <span class='ocrx_word' id='word_1_289' title='bbox 1191 2782 1247 2834; x_wconf 80' lang='grc' dir='ltr'><strong><em>ὥς</em></strong></span> <span class='ocrx_word' id='word_1_290' title='bbox 1268 2784 1335 2825; x_wconf 83' lang='grc' dir='ltr'><strong><em>καὶ</em></strong></span> <span class='ocrx_word' id='word_1_291' title='bbox 1360 2782 1648 2839; x_wconf 83' lang='grc' dir='ltr'><strong><em>Ἀριστοφάνης</em></strong></span> <span class='ocrx_word' id='word_1_292' title='bbox 1675 2783 1764 2838; x_wconf 86' lang='grc' dir='ltr'><strong><em>Ἀμ-</em></strong></span> 
     </span>
     <span class='ocr_line' id='line_1_40' title="bbox 193 2839 1764 2896; baseline 0.004 -17"><span class='ocrx_word' id='word_1_293' title='bbox 193 2839 364 2896; x_wconf 85' lang='grc' dir='ltr'><strong><em>φιαράῳ.</em></strong></span> <span class='ocrx_word' id='word_1_294' title='bbox 396 2843 448 2881; x_wconf 75' lang='lat' dir='ltr'><strong><em>ef.</em></strong></span> <span class='ocrx_word' id='word_1_295' title='bbox 470 2842 638 2884; x_wconf 84' lang='lat' dir='ltr'>Aristot.</span> <span class='ocrx_word' id='word_1_296' title='bbox 668 2844 717 2882; x_wconf 91' lang='lat' dir='ltr'><strong><em>H.</em></strong></span> <span class='ocrx_word' id='word_1_297' title='bbox 750 2857 814 2884; x_wconf 84' lang='lat' dir='ltr'><strong><em>an.</em></strong></span> <span class='ocrx_word' id='word_1_298' title='bbox 845 2845 886 2893; x_wconf 88' lang='lat'><strong><em>8,</em></strong></span> <span class='ocrx_word' id='word_1_299' title='bbox 917 2844 970 2882; x_wconf 84' lang='lat'><strong><em>23</em></strong></span> <span class='ocrx_word' id='word_1_300' title='bbox 1002 2846 1044 2883; x_wconf 82' lang='lat' dir='ltr'><strong><em>et</em></strong></span> <span class='ocrx_word' id='word_1_301' title='bbox 1073 2843 1229 2883; x_wconf 71' lang='lat' dir='ltr'>Aelian·</span> <span class='ocrx_word' id='word_1_302' title='bbox 1263 2843 1315 2882; x_wconf 88' lang='lat' dir='ltr'><strong><em>H.</em></strong></span> <span class='ocrx_word' id='word_1_303' title='bbox 1346 2856 1409 2883; x_wconf 84' lang='lat' dir='ltr'><strong><em>an.</em></strong></span> <span class='ocrx_word' id='word_1_304' title='bbox 1442 2845 1487 2893; x_wconf 89' lang='grc'><strong><em>9,</em></strong></span> <span class='ocrx_word' id='word_1_305' title='bbox 1513 2844 1577 2883; x_wconf 87' lang='grc'><strong><em>16.</em></strong></span> <span class='ocrx_word' id='word_1_306' title='bbox 1619 2843 1764 2885; x_wconf 82' lang='lat' dir='ltr'><strong>Suidas</strong></span> 
     </span>
    </p>
   </div>
  </div>
 </body>
</html>
