1872 3224
0 1254 17 1270 “,
0 1230 18 1251 Ῐέ·
0 1131 17 1227 “''S'QW
0 1093 17 1128 53

19 2943 52 2954 ’π

22 2959 36 2966 ,ι

588 199 976 247 ΚΑΕΟΒΟΤΛΙΝΑῙ
1000 211 1243 246 ΛΑΚΩΝΕΣ
1655 210 1708 252 41

895 315 946 358 91

338 372 535 428 ἰποῦμεν

244 456 391 496 Pollux
430 458 468 506 7,
507 457 559 495 41
605 453 842 507 (ἰπούμενος
883 459 968 504 ταῖς
1009 459 1262 510 συμφοραῖς’
1300 451 1591 510 Ἀριστοφάνης
1632 452 1712 496 πού

126 523 229 568 φησι
260 509 355 567 (Eq.
390 487 508 568 924).
541 511 609 552 καὶ
638 515 838 566 Κρατῖνος
871 513 1085 566 ι’ποῦμεν
1117 512 1161 554 ἐν
1193 514 1476 568 Κλεοβουλίνῃ.
1509 516 1712 567 Κρατῖνος

127 573 299 629 ἰποῦμεν
329 570 521 625 Meinek.]
556 570 652 611 ἴπον
681 568 767 623 μὲν.
795 571 975 624 Hesych.
1007 570 1101 625 ι’π[π
1102 570 1270 626 ]οὕμεν.
1301 570 1497 624 πιέζομεν.
1566 600 1568 602 v

335 748 632 798 παροψωνεῖν
894 683 950 727 92

243 825 320 879 ἔφη
351 827 551 879 Κρατῖνος
583 822 628 864 ἐν
658 824 971 878 Κλεοβουλίναις
1004 827 1236 867 Athenaeus
1267 827 1306 875 4,
1342 828 1419 866 171
1431 827 1472 866 b.

895 939 949 982 93

335 995 525 1047 σκάλωψ

243 1077 264 1121 ὁ
295 1078 464 1129 σπάλαξ.
507 1077 550 1119 ἐν
588 1079 900 1133 Κλεοβουλίναις
932 1082 1144 1134 Κρατῖνος.
1177 1076 1359 1122 Ph'otius.
1392 1082 1567 1121 Boeotus
1605 1081 1713 1131 apud

127 1140 256 1181 Arist.
289 1139 390 1181 Ach.
423 1140 504 1178 879
538 1136 758 1186 σκάλοπας
792 1139 900 1178 idem
932 1140 1081 1180 Atticis
1113 1140 1259 1180 tribuit
1279 1140 1418 1190 Etym.
1448 1153 1501 1178 m.
1527 1140 1622 1188 715,
1647 1140 1712 1180 27.

125 1197 301 1248 Hesyoh.
343 1194 526 1245 σκάλοψ
563 1191 761 1249 ἀσπάλαξ,
797 1196 900 1252 ζῷον
938 1195 1141 1250 γεωρύχον
1179 1195 1346 1247 τυφλόν.
1386 1197 1488 1236 Lob.
1529 1196 1714 1238 Rhemat.

130 1256 210 1294 115
243 1251 417 1293 σκάλλω
437 1255 564 1304 scabo,
586 1256 731 1305 sculpo,
763 1255 930 1306 parique
956 1256 1169 1306 utriusque
1191 1254 1422 1307 consonae(
1411 1254 1461 1307 (κ,
1483 1250 1542 1323 π)
1564 1254 1714 1294 vicissi-

127 1312 268 1352 tudine
299 1309 561 1364 σπάλευθρον
591 1314 633 1352 et
663 1310 938 1364 σκάλευθρον,
969 1311 1124 1362 σπάλαξ
1154 1315 1264 1363 talpa
1294 1315 1336 1353 et
1368 1306 1557 1362 σκάλοψῖ

887 1424 944 1467 94

335 1479 549 1536 φέροικος

244 1562 288 1604 ἐν
316 1564 642 1621 Κλεοβουλίναις.
677 1566 779 1613 ζῶον
808 1562 949 1617 όμοιον
965 1565 1100 1636 γαλῇ,
1129 1563 1297 1617 λευκόν,
1335 1567 1523 1616 φωλεῦον
1554 1562 1598 1604 ἐν
1628 1567 1714 1612 ταῖς

128 1621 254 1676 ῥίζαις
286 1627 367 1662 τῶν
397 1618 555 1675 δρυων,
586 1621 894 1677 βαλανηφάγον,
925 1621 1030 1663 οὕτω
1061 1619 1321 1676 καλούμενον.
1354 1624 1470 1663 Phot.
1493 1645 1548 1652 ——
1578 1620 1716 1674 ὅμοιον

127 1682 229 1735 γαλῆ
259 1694 500 1731 quamquam
531 1694 611 1721 non
643 1682 774 1721 solum
804 1682 984 1729 photius,
1024 1683 1093 1722 sed
1134 1683 1255 1723 etiam
1287 1681 1513 1733 Hesychius
1544 1683 1586 1720 et
1615 1681 1714 1731 Ety-

129 1739 375 1790 mologicum
391 1752 583 1789 magnum
601 1739 810 1789 praeben'r,
832 1742 968 1779 tamen
984 1752 1067 1779 non
1085 1738 1227 1779 dubito
1250 1739 1462 1779 emendare
1483 1736 1638 1791 γαλεοί
1648 1752 1714 1791 τῃ.

107 1809 277 1836 -nomen
305 1797 349 1835 in
379 1796 606 1848 aenigmate
637 1797 819 1847 positum
849 1797 973 1837 fuisse
1003 1811 1075 1849 pro
1106 1796 1243 1851 κοχλία
1266 1797 1493 1847 suspicatur
1514 1796 1715 1846 Bergkius

129 1853 178 1893 R.
210 1866 241 1893 c.
273 1853 359 1894 At‘n.
395 1854 487 1903 121,
522 1866 758 1905 comparans
790 1856 1018 1906 aenigmata
1057 1855 1164 1906 apud
1194 1855 1341 1894 Athen.
1383 1855 1419 1903 2,
1456 1854 1544 1893 63b
1575 1857 1616 1892 et
1649 1854 1713 1899 10,

129 1911 257 1951 455e.
291 1911 457 1951 Hesiod.
491 1910 566 1962 Op.
600 1913 681 1952 569
713 1908 803 1951 ἄλλ’
837 1908 988 1951 ὁπόταν
1020 1909 1226 1963 φερέοικος
1247 1907 1327 1950 ἀπὸ
1348 1908 1498 1962 χθονὸς
1528 1907 1584 1962 ὅίμ
1606 1924 1713 1961 φυτα

129 1966 267 2023 βαίνῃ.
298 1971 360 2009 est
389 1966 613 2019 domiporta
643 1967 846 2010 Ciceronis
878 1970 936 2009 De
969 1971 1095 2011 divin.
1129 1971 1166 2019 2,
1201 1970 1266 2019 64,
1303 1971 1398 2009 133.

795 2103 1042 2140 ΛΑΚΩΝΕΣ

245 2187 461 2238 Inscriptio
498 2160 713 2227 admodum
745 2188 883 2237 dubia,
925 2189 1072 2239 quippe
1111 2199 1214 2239 quae
1254 2188 1338 2228 sola
1370 2187 1590 2227 Clementis
1623 2187 1714 2226 Ale-

130 2245 317 2284 xandrini
348 2244 427 2283 fide
457 2245 624 2284 nitatur.
657 2245 709 2284 cf.
743 2246 791 2284 fr.
817 2247 884 2285 95.

901 2334 957 2377 95

614 2401 818 2471 φοβερὸν
848 2412 1117 2470 ἀνθρώποις
1146 2412 1245 2457 τόδ’
1278 2406 1338 2457 αὖ

339 2481 581 2538 κταμένοις
613 2481 686 2526 ἐπ’
719 2483 910 2539 αἰζηοῖσι
941 2486 1202 2540 καυχᾶσθαι
1232 2482 1358 2538 μέγα.

247 2565 432 2606 Clemens
463 2566 681 2606 Alexandr.
704 2566 854 2606 Strom.
881 2570 917 2617 6,
943 2569 1025 2607 738
1046 2563 1169 2606 πάλιν
1199 2558 1234 2605 δ’
1261 2559 1316 2604 αὖ
1333 2561 1506 2632 Ομήρου
1529 2563 1623 2633 (Οβ.
1647 2566 1714 2612 22,

132 2619 236 2691 412>
253 2621 434 2670 εἰπόντος
462 2618 549 2674 τοὐχ
573 2619 664 2675 ὁσίη
689 2621 946 2674 κταμένοισιν
969 2618 1031 2663 ἐπ’
1058 2621 1257 2676 ἀνδράσιν
1281 2618 1565 2674 εὐχετάασθαι’
1586 2619 1714 2674 Ἀρχί-

131 2682 245 2731 λοχος
276 2694 317 2719 τε
346 2678 414 2719 και
426 2681 645 2749 Κρατῖνος
675 2678 922 2734 γράφουσιν,
951 2679 972 2721 ὅ
1004 2680 1118 2734 μὲν,
1119 2695 1179 2734 ,ου
1210 2695 1286 2732 γαρ
1319 2675 1442 2719 ἐσθλὰ
1462 2679 1714 2719 κατθανοῦσι

131 2740 339 2789 κερτομεῖν
370 2733 435 2776 ἐπ’
469 2734 711 2791 ἀνδράσινζί,
745 2740 947 2786 Κρατῖνος
978 2739 1023 2778 δὲ
1055 2736 1096 2776 ἐν
1127 2741 1209 2785 τοῖς
1241 2735 1414 2777 Λάκωσι
1435 2734 1611 2790 φοβερὸν
1632 2738 1714 2775 κτλ.

133 2795 204 2834 ubi
234 2795 405 2835 dubium
435 2795 564 2835 videri
594 2798 729 2847 potest
749 2799 830 2844 τοῖς
854 2794 1025 2836 Λάκωσι
1058 2796 1270 2836 fabulaene
1300 2809 1447 2835 nomen
1479 2796 1533 2834 sit
1554 2808 1603 2833 an
1625 2807 1715 2833 cum

131 2852 267 2892 verbis
296 2857 439 2903 poet-ae
469 2853 809 2905 coniungendum.
851 2867 940 2893 cum
969 2867 1065 2894 vero
1096 2849 1332 2904 ανθρώποις
1364 2854 1572 2903 sequatur,
1605 2851 1716 2901 prior

134 2910 270 2960 opinio
299 2910 550 2960 probabilior
583 2912 659 2951 est.
700 2909 894 2963 φοβερὸν]
927 2908 1136 2963 φθονερὸν
1165 2910 1304 2950 Iacobs
1338 2910 1552 2949 Animadv.
1596 2908 1713 2947 Anal.
