1872 3224
778 194 1034 229 ΧΕΙΡΩΝΕΣ
1642 193 1701 235 85

10 303 11 306 ’
55 311 63 355 j
107 300 377 356 Κλειταγόρας
407 302 489 340 κτλ.
523 295 654 356 ᾄδειν]
687 297 778 356 ᾄδει
808 300 858 341 V.
901 301 948 340 de
982 299 1182 351 Olitayora
1214 300 1315 340 nihil
1355 301 1535 349 constat,
1568 313 1698 351 neque

108 362 158 403 de
188 362 322 413 patria
351 372 480 412 neque
521 359 719 410 poetriam
751 371 839 398 eam
869 359 1008 398 fuisse.
1062 356 1332 410 Κλειταγόρας
1372 355 1493 413 ᾄδειν
1523 370 1605 398 non
1637 360 1700 397 est

37 439 61 474 j
108 419 338 471 clitagorae
385 429 546 459 carmen
586 429 748 465 canere,
795 416 864 456 sed
908 418 955 456 ut
994 417 1051 456 ait
1091 416 1222 456 Schol.
1264 416 1389 456 Arist.
1434 415 1555 467 Vesp.
1591 416 1699 454 1245

0 482 1 485 ’
108 474 452 530 Κλειταγόρας
481 471 629 526 μέλος
661 471 822 527 λέγουσι
854 471 904 512 τὸ
935 473 1005 521 εἰς
1036 469 1197 525 αὐτήν
1230 505 1238 513 .
1266 506 1273 513 .
1299 504 1308 512 .
1339 470 1407 512 καὶ
1435 470 1634 525 Ἀδμήτου
1657 471 1701 512 τὸ

30 543 37 572 η’
107 534 164 584 εἰς
186 532 404 587 Ἄδμητον.
453 530 504 572 ἐκ
535 533 754 571 σκολιοῦ
784 530 922 578 τινός
955 528 1097 572 ἐστιν.
1144 534 1302 583 partem
1333 532 1419 571 eius
1451 532 1521 571 sed
1554 532 1696 571 alienis

5 612 8 615 “
107 593 297 634 admixtis
328 591 509 633 servavit
541 590 750 641 Aristoph.
783 589 905 639 Vesp.
941 590 1050 628 1245
1093 587 1275 641 χρήματα
1313 587 1382 628 καὶ
1411 587 1504 641 βίον
1534 590 1699 628 Κλειτα-

3 675 30 705 st
106 649 220 713 γόρςι.
251 651 406 691 scolion
437 649 616 697 Admeti,
656 649 706 687 ab
739 648 829 687 aliis
860 647 1075 696 Praxillae‚
1110 648 1159 686 ab
1192 647 1279 686 aliis
1313 648 1460 686 Alcaeo
1501 648 1565 687 vel
1598 647 1697 697 Sap-

106 709 232 762 phoni
268 709 489 756 tributum,
528 706 605 746 hoc
642 708 705 746 est
747 703 914 759 (Bergk.
955 705 1049 755 21):
1087 701 1284 756 Ἀδμήτου
1325 703 1463 756 λόγον,
1505 698 1536 743 ὦ
1575 701 1698 757 ’ταῑρε

106 763 256 820 μαθὼν
286 763 380 814 τοὺς
410 761 595 832 ἀγαθοὺς
627 762 755 814 φίλει,
787 767 868 802 τῶν
899 762 1045 801 δειλῶν
1075 759 1115 801 δ’
1149 759 1324 813 ἀπέχου,
1366 760 1488 814 γνοὺς
1521 759 1583 801 ὅτι
1614 762 1698 801 δει-

7 826 34 854 ἶ
106 827 191 872 λοῖς
236 819 352 876 ὀλίγα
391 837 517 875 χαρις.
565 821 793 873 Olitagorae
835 821 1003 860 scolium
1041 834 1203 869 canere,
1244 821 1314 859 ubi
1345 820 1495 859 tibicen
1531 820 1696 860 Admeti

3 911 10 919 γ·
108 879 273 923 exorsus
303 883 371 931 sit,
401 880 662 932 proverbium
694 881 756 919 est
787 879 834 918 de
866 879 922 919 eis
961 879 1030 930 qui
1067 881 1218 917 temere
1258 879 1391 917 omnia
1430 878 1696 917 confundunt.

10 975 27 979 „
107 943 314 992 tamquam
344 953 418 980 nos
450 937 981 989 dicamusfsymphoniaeis,
1011 937 1204 976 Paminae
1227 949 1388 976 carmen
1410 937 1698 986 praeeuntibus

0 990 25 1044 ζ’·
110 998 359 1039 Sarastronis
390 1010 550 1038 carmen
579 995 750 1036 canere'.

859 1072 941 1116 237

352 1157 496 1199 ταῦτα
528 1155 662 1198 δυοῖν
694 1153 840 1197 ἐτέοιν
869 1150 979 1209 ἡμῖν
1011 1151 1142 1209 μόλις
1174 1151 1443 1210 ἐξεπονήθη.

225 1242 424 1281 Aristides
456 1241 524 1289 49,
558 1239 640 1279 387
673 1235 839 1287 διδάξας
879 1233 924 1275 δὲ
955 1234 1048 1284 τοὺς
1090 1235 1300 1287 Χείρωνας
1339 1235 1701 1290 προσπαραγράφει

107 1297 231 1339 πάλιν
261 1292 317 1338 αὖ
346 1295 450 1350 μάλα
482 1293 759 1347 ὑπερηφάνως
792 1292 855 1334 ἐπὶ
878 1297 1060 1347 τελευτῆς
1088 1296 1238 1334 τταῦτα
1260 1294 1378 1334 δυοῖν
1409 1293 1452 1334 ἐν
1475 1293 1581 1334 ἐτοῖν
1602 1291 1701 1346 ἡμῖν

107 1353 219 1411 μόλις
260 1354 527 1407 ἐξεπονήθη’,
566 1357 650 1402 τοῖς
694 1350 736 1392 δ’
777 1351 910 1399 ἄλλοις
950 1350 995 1392 ἐν
1029 1350 1182 1392 ἅπαντι
1219 1352 1294 1406 βίῳ
1330 1351 1567 1404 προτιθέναι
1599 1351 1700 1404 φησὶ

107 1417 291 1465 ποιηταῖς
321 1415 552 1466 μιμεῖσθαι,
587 1406 771 1462 δηλονότι
801 1406 857 1458 ὥς
889 1406 1038 1450 οὐδένα
1071 1409 1320 1461 ἕφιξόμενον.
1355 1408 1480 1450 ἐτέοιν
1502 1409 1696 1463 Meinek.]

110 1471 227 1513 ἐτοῖν.
262 1471 306 1513 ἐν
337 1469 444 1511 ἐτοῖν
473 1470 597 1513 Dind.
620 1493 675 1498 —
696 1483 736 1520 p.
760 1469 842 1508 523
874 1469 988 1508 addit
1018 1466 1150 1521 ὥσπερ
1182 1467 1237 1514 εἰς
1268 1462 1407 1520 ἀγῶνα
1439 1466 1507 1508 καὶ
1528 1465 1700 1520 ἅμιλλαν

106 1529 290 1578 ἅπαντας
329 1526 675 1580 προκαλούμενος,
715 1519 769 1574 ὥς
808 1523 958 1565 οὐδένα
998 1524 1051 1566 ἂν
1081 1523 1173 1565 οὐδ’
1209 1523 1326 1579 ἐγγὺς
1360 1524 1545 1566 ἐλθόντα.
1598 1526 1700 1566 duos

108 1602 235 1630 annos
267 1602 309 1628 se
340 1587 434 1627 huic
465 1586 693 1627 comoediae
716 1585 1016 1635 componendae
1047 1585 1280 1635 inpendisse
1302 1585 1517 1635 gloriatur.
1548 1584 1697 1635 Bergk.
1760 1606 1763 1610 ·

42 1643 56 1661 x
591 1646 596 1654 ι
1481 1643 1488 1650 .
1567 1643 1574 1650 .
1671 1642 1678 1649 .

107 1646 478 1756 ῗιὸξιζιὲἒῄῖἶὲᾲ
508 1642 1198 1742 ῖῖἲξῑέἑὲθῖἕῖοῑῖῗιϋέᾏῖῖῑὲᾜῖἒ.
1213 1644 1589 1740 Θζὲἓέῗῂῗίιοῖἰὲξέ
1607 1642 1696 1750 3ζῖ-

107 1764 183 1803 bus
213 1775 296 1802 non
332 1761 494 1801 licuerit
530 1754 720 1810 ὀνομαστὶ
757 1757 968 1811 κωμῳδεῖν
1005 1758 1141 1809 opinio
1183 1760 1245 1797 est
1285 1757 1429 1797 Cobeti
1471 1756 1566 1797 Obs.
1609 1758 1696 1797 crit.

107 1821 213 1860 Plat.
247 1820 300 1858 24
311 1832 386 1870 sq„
428 1819 494 1869 qui
535 1819 742 1869 praeterea
773 1828 865 1855 cum
904 1816 978 1855 hoc
1017 1818 1246 1867 fragmento
1285 1816 1496 1866 coniungit
1526 1816 1574 1854 fr.
1611 1815 1693 1854 306

109 1878 198 1928 (ubi
219 1877 270 1917 cf.
288 1872 402 1927 adn.)
423 1881 464 1915 et
486 1874 555 1927 (V.
578 1872 627 1914 1.²
650 1876 730 1914 399
744 1871 821 1928 sq.)
839 1887 887 1913 ex
904 1874 1096 1913 Aristidis
1113 1873 1247 1913 verbis
1263 1873 1381 1911 addit
1398 1875 1479 1919 τοῖς
1497 1865 1536 1910 δ’
1561 1869 1697 1918 ἄλλοις

107 1933 153 1975 ἒν
171 1932 322 1974 ἅπαντι
336 1932 412 1988 βίῳ
428 1931 648 1986 προτίθημι
668 1934 853 1982 ποιηταῖς
874 1929 878 1985 Ι
897 1933 1122 1983 μιμεῖσθαι.
1146 1943 1190 1970 ac
1211 1930 1400 1970 similiter
1415 1930 1494 1969 iam
1511 1930 1695 1970 Bothius.

855 2020 940 2063 238

225 2106 448 2161 μακάριος
477 2095 537 2158 ἦν
568 2098 592 2144 ὁ
624 2099 714 2156 πρὸ
744 2103 826 2144 τοῦ
857 2103 953 2156 βίος

221 2175 429 2230 βροτοῖσι
461 2168 574 2226 πρὸς
603 2168 657 2212 τοὶ
689 2172 778 2213 νῦν
790 2203 802 2226 ,
836 2165 891 2212 ὃν
923 2166 1046 2225 εἶχον
1077 2167 1243 2225 ἄνδρες

219 2240 536 2297 ἅγανόφρονες
564 2236 782 2296 ἡδυλόγῳ
811 2241 951 2295 σοφίᾳ
982 2241 1160 2294 βροτῶν
1192 2239 1583 2294 περισσοκαλλεῑς.

221 2326 390 2366 Bekker.
413 2324 566 2364 Anecd.
591 2325 686 2371 335,
713 2324 763 2362 12
786 2320 959 2375 ἆγανόν·
992 2320 1129 2372 καλόν,
1160 2318 1254 2374 ἡδύ.
1288 2323 1489 2374 Κρατῖνος
1520 2320 1696 2375 Χείρωσι

105 2386 186 2437 κτλ.
239 2386 276 2426 1.
298 2381 388 2435 βίος
409 2379 638 2434 Bekkerus]
656 2373 809 2433 βροτὸς.
850 2383 888 2421 3.
911 2382 1236 2432 περισσοκαλλεῑς
1259 2376 1488 2432 Bekkerus]
1511 2389 1694 2431 περισσο-

104 2444 253 2489 καλεῖς.
275 2441 424 2492 duplex
437 2449 460 2478 σ
476 2439 518 2479 in
539 2439 684 2479 melico
701 2439 877 2479 carmine
894 2451 976 2479 non
991 2438 1171 2478 offendit.
1202 2440 1407 2488 postrema
1427 2437 1551 2476 verba
1567 2438 1693 2476 codex

104 2514 143 2551 p.
162 2500 258 2548 329,
282 2499 306 2538 5
327 2498 416 2538 loco
437 2498 567 2537 alieno
588 2497 653 2537 hic
676 2497 856 2536 exhibet:
878 2491 1183 2548 ἆγαννόφρονες
1205 2492 1389 2549 ἡδυλόγῳ
1411 2493 1535 2548 σοφίᾳ
1566 2495 1692 2547 βρω-

106 2571 203 2596 των
232 2547 341 2608 παρὰ
373 2553 458 2607 (vel
487 2552 593 2607 περὶ)
626 2550 671 2593 σὲ
701 2556 851 2602 καλεῖς.
884 2567 974 2594 cum
1005 2554 1183 2606 βροτοῖσι
1204 2574 1259 2580 —
1287 2549 1434 2604 ἄνδρες
1457 2574 1512 2579 -
1533 2552 1695 2605 βροτῶν

105 2614 270 2654 tolerari
300 2626 382 2653 non
412 2614 589 2663 possint,
620 2612 915 2652 Herwerdenus
947 2612 1097 2651 Mnem.
1130 2623 1225 2650 nov.
1257 2609 1317 2648 VI
1347 2611 1400 2649 56
1433 2605 1592 2661 τρόπων
1622 2623 1691 2648 πε-

107 2672 377 2723 ρισσοκαλλεῖς
406 2670 622 2709 admodum
642 2670 910 2709 mediocriter.
934 2669 1191 2709 scribendum
1214 2667 1374 2707 videtur
1402 2661 1691 2719 ἆγανόφρο-
1744 2688 1746 2691 -

108 2743 213 2780 νες,
243 2724 497 2779 ἡδυλόγου
543 2725 725 2778 σοφίας
770 2722 908 2780 πόθῳ
952 2739 1054 2778 περ.
1106 2727 1213 2764 mitis
1262 2729 1296 2764 et
1345 2726 1454 2764 dulce
1501 2726 1693 2774 loquentis

104 2788 322 2836 sapientiae
350 2797 482 2825 amore
513 2797 637 2835 supra
672 2785 833 2824 modwm
855 2785 1027 2834 pulchri.
1073 2782 1401 2834 βροτῶνηειτυω
1434 2784 1496 2822 est
1534 2783 1688 2821 librarii

106 2844 327 2883 dictantem
357 2842 559 2887 audientis
597 2844 639 2881 et
670 2855 808 2881 eorum
840 2854 940 2892 quae
979 2842 1282 2891 praecesserant
1321 2853 1531 2891 perperam
1562 2852 1691 2879 recor-

108 2901 242 2941 dantis
273 2913 419 2940 errore.
