1872 3224
54 159 67 219 s·
115 220 135 223 ψ
762 180 1002 216 ΚΟΛΑΚΕΣ
1530 221 1539 230 ,
1581 188 1666 230 299

843 284 920 326 151

295 355 438 400 ἄκουε
469 356 524 414 δή
560 359 699 416 σκεύη
731 359 784 403 τοὶ
818 364 930 406 κατὰ
963 363 1046 421 τὴν
1076 367 1240 413 οἰκίαν.

290 426 572 483 παραπλήσι’
609 426 718 472 όντα
748 441 819 474 σοι
849 433 1095 488 γέγραπται
1126 434 1335 481 τᾶπιπλα

139 527 141 529 ·
197 510 342 550 Pollux
377 512 532 559 10,10
561 509 663 551 αὐτὰ
697 510 741 552 δὲ
772 512 818 553 τὰ
851 513 975 567 σκεύη
1012 516 1160 558 καλοῖτ’
1203 517 1258 559 ἇν
1294 519 1500 572 ἔπιπλα,
1538 520 1667 575 ἤγουν

82 563 109 620 »3
127 563 274 620 κούφη
303 573 458 620 κτῆσις,
490 566 538 608 τὰ
569 567 759 622 ἐπιπολης
790 570 887 612 ὄντα
919 589 1000 613 των
1025 572 1251 638 κτημάτων.
1312 574 1332 617 ὁ
1363 584 1464 631 γοῦν
1484 578 1664 627 Εὔπολις

81 623 129 665 ἐν
157 628 239 673 τοῖς
275 624 422 675 Κόλαξι
450 627 669 679 προειπών,
700 628 824 669 α’κουε
855 628 906 682 δὴ
938 626 1064 682 σκεύη
1096 632 1141 672 τὰ
1173 631 1261 673 κατ’
1294 633 1448 686 οἰκίαν,
1488 634 1659 689 ἐπήγαγε

82 679 333 735 παραπλήσι’
367 682 465 724 ὄντα
497 694 560 724 σοι
579 684 797 739 γέγραπται
827 684 1016 729 τόἶπιπλα.
1049 691 1264 742 Phrynich.
1286 693 1397 743 Epit.
1431 696 1511 733 334
1543 692 1662 733 ἐνδυ-

81 739 216 793 μενία·
246 738 443 793 οἶμαθως·
476 740 570 782 δέον
599 743 740 792 διττῶς
774 743 912 797 λέγειν,
945 743 1000 794 ὡς
1032 745 1211 796 Εὔπολις
1251 747 1418 801 Κόλαξι,
1456 750 1578 802 σκεύη
1616 750 1662 790 τὰ

78 796 187 838 ’κατὰ
217 797 292 851 τὴν
324 799 466 839 οἰκίαν
506 798 576 840 καὶ
614 799 772 841 ἔπιπλα.
842 805 878 842 1.
909 802 1009 843 κατὰ
1048 803 1123 856 τὴν
1161 807 1367 847 Hanovius
1403 809 1542 848 Exelc.
1574 811 1662 849 crit.

85 856 185 909 141]
218 852 324 897 κατ’.
388 859 423 897 2.
455 859 514 897 ita
535 859 798 913 Fiitzschius]
832 861 1111 914 παραπλήσιον
1142 861 1471 916 τεσσυγέγραπται
1502 870 1584 913 τοῖς
1618 880 1663 904 τα

84 912 232 954 ἔπιπλα
263 916 308 955 F.
340 929 550 967 perperam
581 918 789 958 Hanovius
820 916 1101 971 παραπλήσιον
1133 922 1308 962 Pollucis
1340 935 1426 962 esse
1457 924 1662 962 iudicavit.

81 973 191 1024 apud
222 973 488 1024 Toeppelium
527 988 567 1024 p.
609 977 661 1014 69
700 976 941 1016 Fritzschius
978 975 1105 1025 ὄντως
1149 992 1221 1029 pro
1266 977 1375 1019 ὄντα.
1436 983 1662 1020 recensetur

0 1020 12 1065 ζ
83 1030 313 1082 scriptoque
344 1032 606 1083 consignatur
637 1033 786 1072 Calliae
817 1036 996 1085 supellex
1028 1037 1259 1085 domestica,
1292 1050 1409 1087 quam
1441 1051 1568 1088 nuper
1597 1039 1662 1077 de

83 1101 194 1128 mum
226 1091 318 1139 post
347 1091 476 1140 patris
514 1093 686 1130 mortem
726 1096 943 1142 acceperat.
985 1094 1158 1143 priorem
1199 1107 1357 1133 versum
1398 1095 1572 1146 scribae,
1610 1096 1662 1133 al-

25 1153 29 1155 ’
82 1148 215 1186 terum
246 1145 396 1187 Calliae
434 1147 623 1199 adsignat
660 1149 916 1190 Fritzschius.
962 1150 1060 1189 mihi
1098 1165 1178 1190 non
1217 1153 1438 1192 necessario
1479 1153 1664 1191 videntur

85 1203 310 1244 cohaerere.
364 1203 627 1257 παραπλήσια
673 1208 828 1247 totidem
872 1221 1034 1248 numero
1082 1209 1372 1259 interpretatur
1411 1210 1661 1260 Toeppelius,

84 1261 195 1302 cuius
226 1263 534 1314 significationis
566 1265 793 1315 exemplum
826 1279 872 1304 ex
895 1266 1041 1305 Atticis
1073 1267 1334 1316 scriptoribus
1366 1268 1536 1316 petitum
1568 1267 1663 1305 mihi

82 1319 244 1417 quigelzp
275 1333 357 1360 non
387 1324 549 1372 praesto
590 1324 664 1362 est.
705 1327 880 1362 ceterum
922 1324 971 1363 cf.
1005 1324 1197 1363 Fritzsch.
1231 1323 1275 1371 Q.
1308 1324 1433 1363 Arist.
1467 1324 1661 1363 55.1Ran.

86 1391 124 1428 p.
246 1406 256 1417 .

779 1493 873 1536 152.
909 1495 988 1537 153

289 1569 433 1614 ἵππον
464 1569 615 1628 κέλητ’
649 1570 883 1615 ἀσκοῦντα
913 1574 1005 1623 θές.

289 1639 372 1691 θὲς
402 1645 492 1683 νῦν
522 1638 691 1695 αγρούς
722 1643 797 1683 καὶ
828 1643 1033 1697 πρόβατα
1065 1641 1138 1685 καὶ
1169 1645 1296 1698 βοῦς.

142 1764 144 1766 ,
199 1724 370 1764 Bekker.
407 1725 559 1765 Anecd.
602 1728 667 1775 17,
706 1728 758 1765 29
794 1722 935 1765 ασκεῑν
973 1740 1039 1765 και
1081 1723 1276 1777 ἆσκηταί,
1329 1722 1574 1776 ασκητικῶς·
1624 1722 1664 1763 τὸ

32 1822 33 1825 ¹
83 1776 350 1834 αγωνιστικῆς
382 1778 674 1835 (ἀγωνιστικῶς
710 1781 818 1838 cod.)
848 1781 1067 1834 ἐπιμελείας
1105 1782 1317 1836 τυγχάνειν
1356 1780 1496 1822 ασκεῖν
1541 1781 1661 1821 ἐστίν.

84 1836 288 1886 Εὔπολις·
321 1837 451 1879 ἵππον
470 1863 526 1868 -—
547 1838 633 1888 θές.
667 1842 835 1881 Bekker.
859 1842 1012 1881 Anecd.
1038 1844 1145 1881 1196
1178 1840 1326 1879 σπανία
1350 1839 1455 1879 ἐστὶν
1483 1837 1507 1891 »3
1530 1839 1663 1891 χρῆσις

86 1901 154 1966 τῇς
184 1897 285 1949 βοῦς
317 1892 482 1946 εὐθείας
514 1894 593 1937 τῶν
599 1901 927 1963 πληθυντικῶν,
958 1901 1107 1950 μᾶλλον
1137 1895 1181 1937 δὲ
1211 1898 1252 1937 οἱ
1277 1896 1367 1950 βόες
1398 1895 1570 1949 εὕρηται
1602 1894 1665 1935 ἐπὶ

84 1951 129 1994 δε
150 1969 220 2004 τις
241 1950 538 2006 ὅμοφωνούσης
558 1949 664 2011 αυτῇ
684 1956 925 2008 αἰτιατικῆς,
958 1953 1056 2008 λέγω
1078 1953 1122 1995 δὲ
1151 1961 1221 2007 τῆς
1251 1953 1320 2003 τὰς
1351 1956 1471 2006 βοῦς,
1502 1949 1664 1993 πλατεῖα

85 2010 193 2051 ἔστιν
211 2008 238 2063 »3
260 2017 414 2065 χρῆσις,
437 2010 492 2061 ὡς
514 2011 559 2053 ἐν
579 2013 758 2063 Κόλαξιν
775 2010 1024 2061 Εὐπόλιδος·
1047 2010 1120 2061 θὲς
1143 2037 1195 2042 -
1218 2013 1328 2066 βοῦς.
1375 2014 1423 2052 cf
1446 2013 1662 2051 Herodian.

84 2071 126 2110 II
157 2071 254 2119 336,
288 2073 326 2110 6.
359 2072 454 2121 706,
488 2072 541 2111 29
574 2072 714 2112 Lenta
746 2073 952 2123 Aristoph.
985 2072 1092 2110 Nub.
1125 2073 1190 2112 28.
1226 2071 1275 2110 ad
1298 2071 1465 2109 eandem
1486 2070 1660 2109 eiusdem

85 2128 246 2168 fabulae
284 2141 468 2168 scaenam
514 2129 610 2169 haec
653 2131 854 2180 pertinere
893 2129 1090 2168 intellexit
1130 2129 1371 2176 Runkelius,
1414 2141 1503 2166 eum
1541 2140 1659 2177 quem

86 2199 206 2237 supra
236 2187 363 2226 secuti
395 2199 533 2226 sumus
564 2200 755 2227 versuum
788 2187 969 2227 ordinem
1001 2199 1085 2226 esse
1117 2186 1271 2233 debere,
1304 2186 1338 2224 si
1360 2185 1547 2224 continuo
1569 2184 1662 2222 haec

85 2243 237 2283 fuerint
266 2244 490 2294 coniuncta,
523 2245 769 2285 Fritzschius
802 2246 846 2293 Q.
878 2245 1005 2284 Arist.
1038 2244 1118 2284 202
1151 2243 1241 2281 adn.
1274 2243 1341 2292 31,
1373 2243 1476 2281 conl.
1500 2242 1571 2290 Eq.
1596 2243 1660 2278 21.

87 2301 156 2340 22.
188 2302 254 2343 24.
292 2301 392 2341 Ran.
434 2303 530 2342 286.
571 2304 610 2342 7.
651 2301 797 2353 Eupol.
837 2303 932 2341 279.
974 2304 1067 2351 post
1105 2301 1204 2352 βοῦς
1245 2300 1466 2338 Meinekius
1505 2298 1663 2347 supplet

85 2359 138 2397 B.
169 2355 224 2409 ἢν
254 2356 364 2408 ἰδού,
398 2360 474 2399 vel-
501 2356 585 2411 λέγ’
628 2357 782 2410 ἕτερον,
827 2364 873 2398 ut
913 2360 996 2399 sint
1032 2359 1116 2397 eius
1156 2358 1224 2408 qui
1264 2370 1364 2407 quae
1401 2357 1501 2394 alter
1538 2355 1663 2393 dictat

87 2417 237 2467 scripto
268 2417 492 2468 consignat.
526 2417 575 2457 cf.
608 2418 659 2457 fr.
695 2419 788 2457 149.
820 2418 1024 2467 pertinent
1054 2416 1149 2454 haee
1178 2427 1334 2464 quoque
1366 2413 1412 2451 ad
1443 2425 1528 2451 eam
1560 2423 1661 2475 scae-

86 2487 192 2521 nam,
224 2475 267 2513 in
298 2487 377 2525 qua
408 2474 554 2514 Callias
593 2475 776 2514 relictam
814 2474 891 2514 sibi
930 2474 979 2512 ab
1009 2473 1233 2522 Hipponico
1271 2470 1530 2509 hereditatem
1570 2468 1661 2507 ad1t.

87 2531 136 2570 de
166 2529 310 2570 ἄθλων
340 2529 457 2571 θέσει
487 2533 528 2572 in
559 2533 803 2572 adulationis
835 2531 1050 2571 certamine
1082 2530 1233 2580 cogitat
1264 2527 1518 2567 FrItzschiuS.

842 2654 922 2697 154

262 2734 438 2786 ἐκεῖνος
468 2729 526 2791 ἦν
557 2733 794 2791 φειδωλός,
828 2730 877 2783 ὃς
908 2733 981 2776 ἐπὶ
1010 2734 1091 2774 τοῦ
1121 2732 1227 2785 βίου

259 2802 349 2859 πρὸ
379 2807 461 2847 τοῦ
492 2805 693 2858 πολέμου
723 2804 808 2859 μὲν
839 2801 1038 2856 τριχίδας
1067 2794 1282 2853 ώψώνησ’
1313 2796 1445 2851 ἅπαξ,

261 2870 336 2916 ὅτε
367 2871 451 2916 τᾶν
486 2870 626 2930 Σάμῳ
658 2870 700 2914 δ’
733 2864 807 2927 ἦν,
839 2869 1117 2926 ἡμιωβολίου
1147 2867 1271 2923 κρέα.
1327 2906 1333 2913 ,
