1872 3224
237 205 286 246 10
596 200 912 235 ΕΚΦΑΝΤΙΔΗΣ
959 198 1195 232 ΤΟΛΤΝΟΣ
1219 196 1425 230 ΤΕΛΛΗΝ

230 309 374 359 δίειμαι
403 305 635 358 αἰσχύνομαι
664 303 705 343 τὸ
735 303 862 354 δρᾶμα
896 299 1130 355 Μεγαρικὸν
1158 303 1318 341 ποιεῖν.’
1357 299 1506 350 δίειμαι
1526 298 1788 356 αἰσχύνομαι]
1867 322 1872 329 ·

232 361 349 415 δίειμ’
382 359 605 415 ἦσχυνόμην
636 363 720 401 cod.
752 362 878 400 Paris.
910 374 972 411 ap.
1004 360 1200 399 Gaisford.
1233 359 1452 410 Hephaest.
1486 359 1551 408 15,
1574 359 1628 399 27
1658 358 1703 399 in
1722 356 1785 399 ed.

229 422 377 473 priore,
423 417 532 471 ὥδὴν
572 416 809 470 παρέρχομαι
845 415 929 457 ὤκν
968 416 1254 468 (suprascripto
1294 413 1333 467 ς)
1375 414 1527 467 ποίημα
1570 412 1790 469 μεγαρικὸν

235 483 394 528 ποιῆσαι
422 478 463 516 in
493 477 554 516 ed.
584 477 717 515 altera.
749 488 849 525 quae
878 475 1155 531 interpretatio
1187 486 1271 513 esse
1293 473 1455 513 videtur
1474 473 1691 513 verborum
1712 473 1786 514 Eo-

229 534 441 586 phantidis.
471 533 664 584 Bergkius
685 533 743 571 De
764 532 832 573 rel.
851 545 882 571 o.
898 532 983 571 Att.
1007 533 1087 571 359
1110 527 1204 586 ᾆσμ’
1228 526 1301 569 οὐκ
1321 526 1375 569 ἂν
1391 527 1544 585 ᾄδοιμ’,
1566 543 1669 581 quae
1689 543 1786 583 quo-

229 592 344 631 modo
375 590 594 630 continuari
624 589 794 628 voluerit
822 589 964 628 neseio.
997 589 1217 627 Meinekius
1238 588 1431 627 dimetros
1453 587 1644 628 iambicos
1669 587 1788 629 finxifi

228 650 459 699 Μεγαρικῆς
480 645 683 700 κωμῳδίας
699 639 811 700 [ᾆσμ’
834 641 880 684 οὗ
902 640 1021 696 δίειμ’
1035 657 1043 666 ”
1075 641 1380 699 ᾐσχυνόμηνΙτό
1397 643 1529 696 δρᾶμα
1547 637 1789 698 Μεγαρικὸν
1815 653 1818 658 ’

226 706 353 743 ποιεῖν
388 705 631 743 adsentiente
670 703 716 742 G.
748 703 994 750 Hermanno,
1033 703 1111 742 nisi
1148 702 1252 753 quod
1291 703 1324 741 is
1362 695 1459 757 ᾆσμ’
1499 696 1617 756 ᾖδον,
1656 701 1694 743 εἰ
1728 698 1785 756 μὴ

226 756 464 815 ᾐσχυνόμην.
494 760 631 799 multis
669 760 716 798 de
754 760 880 798 causis
910 760 1010 798 nihil
1041 760 1182 798 horum
1212 760 1373 810 probari
1413 762 1564 811 potest3
1606 760 1785 802 maxime

227 818 331 868 quod
359 820 497 868 poetae
528 817 575 856 de
605 830 674 856 sua
706 819 787 856 arte
816 817 1004 855 iudicium
1034 817 1268 863 locumssnon
1297 817 1472 856 habebat
1500 818 1543 857 in
1563 819 1786 870 systemate

226 875 411 923 iambico,
444 874 512 913 sed
542 876 609 912 aut
637 874 679 912 in
708 874 874 925 prologo
896 877 965 913 aut
993 874 1035 913 in
1064 875 1262 924 parabasi.
1285 883 1380 925 αισμ
1402 874 1508 924 quod
1529 876 1672 926 leyitwr
1689 877 1786 927 post
1859 915 1862 918 .

226 929 431 984 κωμῳδίας
461 931 560 970 nihil
581 931 687 969 aliud
707 933 765 970 est
786 944 902 981 quam
922 932 1148 971 terminatio
1170 931 1296 971 dativi
1316 932 1359 971 in
1381 942 1506 983 αισιν,
1542 934 1783 986 ΔΔΙΕΙΜΔΙ,

227 989 259 1027 si
288 988 345 1026 ita
372 988 553 1027 librarius
583 988 752 1037 scripsit,
785 990 1013 1039 corruptum
1045 989 1202 1028 videtur
1231 1002 1278 1028 ex
1308 986 1500 1041 ἄχθομαι.
1541 990 1682 1042 itaque
1709 991 1784 1032 tri.

227 1046 373 1084 metros
401 1044 530 1084 reficio
559 1045 693 1084 hosce:

420 1110 487 1151 καὶ
515 1111 596 1163 (vel
624 1109 728 1166 ταῖς)
760 1114 1009 1166 Μεγαρικαῐς
1038 1112 1347 1168 κωμῳδίαισιν
1374 1113 1622 1169 ἄχθομαι,

420 1167 654 1220 αἰσχύνομαί
682 1184 730 1209 τε
761 1169 890 1222 δρᾶμα
922 1169 1160 1224 Μεγαρικὸν
1189 1175 1330 1212 ποιεῖν.

975 1264 999 1302 3

620 1324 730 1369 Εὔιε
762 1326 1009 1383 κισσοχαῖτ’
1042 1326 1178 1385 ἄναξ,
1209 1337 1350 1386 χαῖρε.

331 1407 513 1447 Cratinus
551 1410 653 1458 apud
685 1410 898 1460 Hephaest.
933 1412 1004 1460 15,
1039 1413 1091 1451 24
1132 1410 1232 1453 Εὔιε
1269 1411 1489 1466 κισσοχαῐτ’
1523 1412 1626 1464 ἄναξ
1653 1411 1779 1470 χαῖρ’,

220 1460 360 1512 ἔφασκ’
388 1461 664 1517 Ἐκφαντίδης.
695 1467 746 1506 cf.
780 1467 928 1508 eratin.
961 1470 1054 1510 324.

973 1558 1003 1599 4

332 1623 457 1662 Schol.
481 1625 682 1677 Aristoph.
713 1626 835 1678 Vesp.
862 1630 967 1668 1187
1003 1625 1239 1683 Ἀνδροκλέα
1270 1628 1314 1670 δὲ
1344 1633 1540 1684 Κρατῖνος
1571 1632 1780 1687 Σεριφίοις
1847 1645 1853 1651 ’

220 1677 314 1728 φησὶ
345 1679 489 1719 δοῦλον
517 1680 585 1721 καὶ
613 1682 791 1734 πτωχόν,
823 1682 866 1723 ἐν
886 1682 930 1724 δὲ
949 1683 1097 1740 ”Ώραις
1127 1684 1367 1740 ἡταιρηκότα
1384 1686 1675 1744 Ἀριστοφάνης
1705 1689 1779 1733 τὸν

219 1732 339 1774 αὐτὸν
372 1738 624 1790 Τηλεκλείδης
654 1737 698 1779 δὲ
729 1738 773 1779 ἐν
797 1737 999 1791 Ἡσιόδοις
1029 1743 1097 1784 καὶ
1123 1741 1391 1798 Ἐκφαντίδης
1422 1743 1775 1802 βαλλαντιοτόμον.

218 1791 443 1840 Androcles,
474 1796 713 1849 demagogus
737 1799 1016 1852 Atheniensis,
1049 1802 1186 1842 infimo
1216 1804 1303 1844 loco
1333 1806 1464 1846 natus.
1498 1805 1651 1851 eratin.
1676 1808 1774 1850 263.

219 1848 358 1888 Teleel.
400 1852 462 1890 15.
509 1853 632 1896 Arist.
665 1855 713 1896 fr.
746 1856 841 1896 570.
892 1856 1062 1909 Hesych.
1099 1855 1170 1898 ἄπ’
1202 1859 1406 1914 αἰγείρων·
1435 1858 1674 1916 Ἀνδροκλέα
1703 1861 1776 1906 τὸν

573 1903 582 1917 θ

216 1898 286 1942 ἀπ’
327 1906 524 1959 αἰγείρων,
562 1909 649 1949 αντὶ
683 1916 754 1951 τοῦ
793 1911 1073 1966 συκοφάντην,
1114 1915 1250 1968 ἐπειδὴ
1289 1916 1333 1958 ἐκ
1372 1924 1441 1969 τῆς
1480 1917 1524 1959 ἐν
1563 1926 1612 1976 τῇ
1647 1918 1774 1980 ἆγορᾳ

250 1961 259 1975 2

214 1961 384 2028 ‚atyelqov
423 1962 468 2002 τὰ
505 1964 668 2006 πινάκια
704 1966 884 2020 ε’ξῆπτον.
933 1973 1080 2013 Zenob.
1113 1976 1150 2022 3,
1184 1977 1235 2015 77
1274 1973 1318 2015 ἐν
1355 1973 1399 2015 δὲ
1437 1976 1669 2035 διχοστασίῃ
1703 1977 1775 2022 καὶ

217 2017 462 2087 Ανδροκλέης
491 2025 740 2089 πολεμαρχεῐ·
780 2024 844 2066 ἐπὶ
882 2029 975 2068 τῶν
993 2026 1162 2082 εὐτελῶν
1191 2037 1273 2072 τῶν
1302 2031 1370 2072 διὰ
1400 2031 1653 2088 περιπέτειαν
1681 2051 1773 2078 τινα

217 2079 328 2126 τιμῆς
356 2083 606 2129 αξιουμενων.
636 2083 871 2135 Diogenian.
904 2087 942 2136 4,
976 2088 1041 2127 55.

967 2175 996 2218 5
1073 2206 1075 2208 .

415 2240 787 2291 κακηγορίστατος

326 2313 429 2367 παρὰ
456 2312 695 2375 Ἐκφαντίδῃ
725 2323 826 2363 Poll.
860 2327 896 2375 2,
932 2329 1024 2367 127.

601 2535 980 2591 ΤΟΛΤΝΟΣ
1024 2544 1369 2599 ΤΕΑΛΗΝ

845 2634 964 2674 Mein.
994 2637 1015 2675 I
1046 2639 1112 2677 38.
1358 2638 1362 2641 ’
