1872 3224
705 186 1035 223 KPAHATAAOI
1391 191 1400 200 ·
1587 192 1669 236 159

854 289 911 333 84

286 365 508 425 τακεροὺς
538 370 725 425 ποιῆσαι
754 369 864 420 τούς
895 371 1167 430 ἐρεβίνθους
1197 371 1411 419 αὐτόθεν.

56 446 84 490 -f
107 498 109 501 ι
139 464 142 466 ·
194 452 426 493 Athenaeus
450 453 488 502 2,
511 453 564 492 55
584 453 610 492 b
643 455 685 493 et
717 455 754 504 9,
789 455 909 495 366d
940 453 983 494 τὸ
1014 449 1180 509 τακερὸν
1210 455 1348 507 ε’ταξεν
1377 457 1442 500 ἐπὶ
1472 465 1543 500 τοῦ
1575 475 1668 514 τρυ-

23 514 32 546 “.
50 514 251 582 sycen-u,
302 541 310 551 .
353 508 604 564 Φερεκράτης
649 507 961 564 Κραπατάλλοις.
1020 513 1201 568 ποιῆσαι]
1248 514 1432 569 ποιήσεις
1479 519 1524 568 2,
1557 519 1610 558 55
1627 520 1668 559 b.

56 565 260 616 ,αὐτόθεν
296 566 637 622 Schweighaeus]
671 565 833 609 αὐτόθι.
876 572 920 620 2,
955 572 1008 611 55
1027 571 1052 611 b
1084 569 1260 622 εὐθέως,
1302 576 1411 626 quod
1449 578 1510 616 est
1547 577 1669 616 inter-

46 628 388 682 loretamffltum.
451 627 502 667 cf.
535 627 749 679 Aristoph.
782 628 891 668 Eccl.
925 629 1022 669 246.

858 763 914 806 85

285 844 354 895 τίς
383 815 735 899 των-λυχνείων
762 841 790 900 ἡ
819 842 1026 901 ’ργασία;
1059 848 1109 888 Β.
1149 847 1425 903 Τυρρηνική.

27 979 39 983 7
194 904 428 969 Athenaeus
462 929 528 978 15,
563 930 646 968 700
668 941 688 967 c
725 927 979 982 Φερεκράτης
1011 923 1049 968 δ’
1085 927 1129 969 ἐν
1158 926 1461 983 Κραπατάλλοις
1493 928 1567 983 τὴν
1597 931 1675 972 νῦν

79 985 252 1058 λυχνίαν
280 982 535 1038 καλουμένην
572 987 759 1038 λυχνεῖον
788 983 955 1039 κέκληκε
985 984 1053 1026 διὰ
1084 985 1257 1027 τούτων·
1289 987 1349 1035 τίς
1378 989 1461 1029 κτλ.
1499 988 1676 1043 ποικίλαι

31 1049 38 1068 ’ἶ
79 1043 159 1100 γάρ
188 1039 295 1098 ἦσαν
323 1044 371 1084 αἱ
394 1041 503 1096 παρὰ
534 1047 617 1091 τοῖς
652 1045 877 1097 Τυρρηνοῖς
909 1042 1108 1097 ἐργασίαι,
1142 1042 1389 1097 φιλοτέχνων
1426 1044 1558 1086 ὄντων
1594 1052 1676 1086 τῶν

24 1114 47 1122 “’
85 1101 319 1158 Τυρρηνῶν.
358 1102 599 1143 Eustathius
625 1103 852 1152 1571,19.
896 1102 1044 1144 Critias
1066 1104 1214 1143 Athen.
1250 1106 1296 1153 1,
1329 1105 1449 1145 28b0
1483 1103 1673 1157 Τυρσηνὴ

83 1159 129 1202 δὲ
157 1163 298 1258 κρατῗῐ
329 1158 581 1215 χρυσότυπος
619 1157 745 1211 φιάλη
773 1157 779 1213 Ι
805 1158 884 1199 καὶ
902 1165 986 1208 ποῒς
1017 1154 1163 1213 χαλκὸς
1194 1158 1277 1209 ὅτις
1307 1164 1453 1214 κοσμεῖ
1477 1160 1603 1214 δόμον
1633 1160 1676 1201 ἕν

83 1234 163 1260 τινι
192 1233 293 1274 χρε
277 1233 317 1257 α.

861 1307 916 1350 86

291 1385 442 1439 οὐδεὶς
471 1385 559 1445 γάρ
592 1385 760 1443 ἐδέχετ’
793 1385 895 1430 οὐδ’
929 1385 1104 1447 ἀνέῳγέ
1127 1403 1204 1444 μοι
1235 1387 1406 1444 θύραν.

0 1441 17 1521 Ξ
198 1473 374 1514 Bekker.
406 1472 560 1512 Anecd.
594 1473 690 1520 399,
723 1472 778 1510 24
809 1473 850 1511 et
882 1472 1027 1512 Suidas
1058 1468 1325 1527 ἀνεῷγεισαν·
1356 1468 1555 1527 ἀνέῳγεν,
1587 1468 1676 1525 ουχὶ

0 1530 13 1590 ’,ᾗ
82 1530 223 1586 ἤνοιγε
255 1563 264 1574 .
290 1526 621 1583 ..Φερεκράτης
653 1526 959 1597 Κραπατάλλοις
989 1531 1072 1569 κτλ.
1108 1528 1412 1583 (Κραπατάλοις
1435 1530 1569 1583 Suid)
1602 1532 1673 1571 Zo-

0 1599 3 1634 5
84 1604 203 1632 naras
246 1584 424 1642 ἀνέωγα·
475 1585 753 1640 Φερεκράτης·
802 1582 934 1635 οὐδεὶς
979 1583 1130 1640 ἀνέωγέ
1172 1601 1240 1639 μοι
1282 1585 1434 1640 θύραν.
1497 1588 1675 1629 Cramer.

86 1648 240 1690 Anecd.
260 1647 353 1686 Par.
364 1646 460 1686 IIII
489 1647 591 1695 113,
614 1646 670 1685 24
700 1640 970 1697 Φερεκράτης·
1003 1641 1136 1692 ουδεὶς
1170 1642 1214 1684 δὲ
1243 1641 1397 1699 ἀνέῳγέ
1424 1659 1491 1697 μοι
1521 1644 1676 1699 θύραν.

85 1719 299 1759 perperam
330 1705 535 1745 Porsonus
565 1676 736 1744 Advers.
770 1704 853 1743 296
884 1697 1066 1758 ἀνεῴγει.
1100 1696 1276 1758 ἀνέῳγεν
1306 1705 1367 1744 est
1396 1704 1676 1755 imperfectum

86 1763 332 1830 ’Ἦν-ξῷον.
391 1762 560 1802 Lucian.
591 1761 864 1812 Pseudosoph.
898 1762 936 1800 8.
977 1760 1106 1800 Cobeiz
1134 1761 1182 1800 V.
1214 1758 1263 1801 l.2
1296 1763 1361 1801 76.
1394 1763 1432 1801 7.
1492 1763 1677 1812 queritur

86 1822 221 1864 nescio
252 1821 342 1872 quis
374 1833 416 1861 se
447 1820 496 1860 ab
528 1819 688 1870 hospite
717 1831 801 1859 non
832 1819 1001 1859 comiter
1031 1820 1243 1869 exceptum
1273 1831 1372 1860 esse.

862 1954 914 1995 87

294 2052 329 2079 ω
363 2031 546 2078 δέσποτ’
575 2032 778 2090 Ἀγυιεῦ,
808 2033 954 2076 ταῦτα’
985 2048 1074 2075 νυν
1103 2032 1305 2090 μέμνησό
1336 2048 1426 2089 μοι.

206 2132 368 2180 Suidas,
407 2130 580 2170 Zonaras
618 2125 762 2182 ἀγυιαί
805 2130 846 2168 et
887 2128 1019 2170 Schol.
1058 2128 1151 2168 Ald.
1191 2128 1400 2179 Aristoph.
1431 2128 1554 2178 Vesp.
1593 2128 1676 2168 875

88 2188 269 2261 ἀγυιεὺς
286 2183 307 2228 ὁ
337 2185 416 2255 πρὸ
449 2192 530 2227 τῶν
559 2180 733 2226 αὐλείων
761 2188 909 2256 θυρῶν
937 2178 1157 2237 κωνοειδὴς
1187 2184 1313 2238 κίων,
1353 2183 1456 2239 ἱερὸς
1483 2182 1679 2224 Ἀπόλλω-

90 2263 174 2300 νος,
204 2245 274 2288 καὶ
301 2240 423 2295 αὐτὸς
444 2241 466 2284 ὃ
487 2242 601 2292 θεός.
662 2242 914 2298 Φερεκράτης
946 2241 1252 2297 Κραπατάλλοις
1282 2245 1363 2282 κτλ.
1424 2238 1551 2282 ταῦτά
1583 2242 1676 2294 νυν]

91 2312 217 2347 ταῦτα
247 2300 308 2345 σύ.
369 2303 606 2354 Bernhardy
645 2302 770 2342 ταῦτα
807 2307 899 2342 νῦν.
950 2315 1020 2353 μοι
1048 2298 1302 2354 Bernhardy]
1333 2314 1423 2352 μου.
1475 2302 1524 2340 de
1553 2313 1596 2339 re
1627 2301 1678 2339 cf.

93 2365 356 2406 Schoemann.
389 2362 530 2412 Antiq.
561 2356 644 2413 gr.²³
673 2361 715 2400 II
747 2362 842 2401 187.
875 2360 956 2400 527
990 2361 1088 2400 extr.

867 2494 923 2538 88

300 2576 414 2635 πρὸς
442 2579 500 2634 τῇ
528 2578 707 2633 κεφαλῇ
737 2590 828 2630 μου
859 2573 1035 2617 λάσανα
1065 2572 1279 2623 καταθεὶς
1309 2553 1535 2628 πέρδεται.

208 2663 353 2702 Pollux
385 2662 451 2711 10,
481 2662 535 2700 45
567 2657 631 2699 ότι
661 2656 706 2698 δὲ
735 2654 784 2698 οὐ
813 2653 939 2710 μόνον
969 2655 1034 2697 ε’πὶ
1064 2661 1134 2696 τοῦ
1163 2652 1358 2707 ἀκινήτου
1389 2651 1601 2694 ἀποπάτου
1632 2669 1678 2694 τα

95 2717 252 2760 λάσανα
283 2716 547 2771 ὀνομαστέον,
586 2713 687 2756 ἀλλά
717 2713 786 2755 καὶ
816 2713 881 2755 ἐπὶ
910 2714 980 2755 τοῦ
1011 2710 1224 2766 τιθεμένου
1262 2709 1331 2752 καὶ
1370 2708 1679 2765 ἀναιρουμένου,

95 2777 370 2831 μαρτυροῦσιν
409 2809 419 2819 .
450 2773 793 2846 ..Φερεκράτης
830 2771 875 2812 ἐν
912 2775 995 2820 τοῖς
1033 2768 1335 2824 Κραπατάλλοις
1371 2770 1681 2810 κτλ.Ρ1101;1113

96 2833 319 2875 λάσανα.
344 2867 353 2877 .
377 2832 477 2876 ,και
507 2829 572 2884 ἐφ’
606 2826 665 2872 οἷν
695 2827 931 2871 ἀπεπάτουν
962 2828 1109 2882 ἔλεγον.
1150 2826 1255 2868 ου’τω
1276 2825 1542 2880 Φερεκράτης.
1581 2828 1680 2867 Hor.

99 2892 182 2933 Sat.
217 2895 255 2942 1,
288 2893 440 2941 6,109
469 2893 584 2942 pueri
613 2891 842 2931 lasanum
863 2891 1082 2939 portantes.
