1872 3224
615 197 830 237 ΑΔΗΛΩΝ
867 200 1138 243 ΔΡΑΜΑΤΩΝ
1576 207 1661 251 207

822 297 910 348 234

282 356 567 414 στομοδόκον

189 437 263 481 τὸν
291 439 503 494 στωμύλον
532 440 600 482 καὶ
619 441 742 483 λάλον
761 444 1027 498 Φερεκράτης
1059 448 1205 487 Pollux
1228 451 1385 498 2,101,
1416 463 1498 491 non
1519 451 1659 492 dubito

47 498 60 562 ᾗ
72 499 174 552 quin
187 497 394 551 scripserit
414 499 679 553 στομοκόπον,
700 515 944 555 quamquam
961 506 1081 544 etiam
1097 506 1323 558 Hesychius
1339 506 1602 562 στομοδόκο[υ
1605 507 1660 563 ]ν.

825 615 911 659 235

283 673 526 727 στρατηγίς

189 749 216 806 ἡ
247 751 367 807 γυνή.
399 751 530 803 οὕτως
560 751 827 809 Φερεκράτης.
860 758 1044 798 Photius.
1076 759 1285 810 Aristoph.
1308 761 1416 808 Ecel.
1438 763 1533 802 835.
1558 765 1655 804 870.

823 869 909 913 236

281 922 556 981 στρόφιγγες

188 1007 472 1078 P011.2‚13o
492 1005 754 1061 ὀνομάζονται
775 1007 820 1050 δὲ
840 1010 882 1050 οἵ
905 1010 1128 1062 σφόνδυλοι
1158 1011 1226 1052 καὶ
1252 1017 1436 1066 στροφεῖς
1457 1013 1565 1068 παρὰ
1587 1013 1659 1068 τὴν

29 1059 139 1105 ἐπ
172 1062 312 1114 αὐτοῖς
343 1071 417 1107 τοῦ
446 1066 644 1120 τραχήλου
675 1064 867 1133 στροφήν,
907 1068 976 1109 καὶ
1005 1069 1241 1124 στρόφιγγες
1271 1070 1381 1124 παρὰ
1411 1069 1659 1125 Φερεκρατει.

822 1181 906 1225 237

282 1238 450 1294 συηνία
480 1238 548 1280 καὶ
579 1234 718 1294 ὑηνία

187 1316 368 1374 ἀμαθία,
398 1319 599 1374 σκαιότης.
630 1320 738 1375 παρὰ
769 1318 1020 1375 Φερεκράτει.
1053 1293 1226 1364 ΡῙ10111151
1254 1327 1294 1364 et
1327 1325 1469 1365 Suidas
1500 1325 1659 1377 συηνία.

0 1389 6 1427 3
71 1379 294 1477 ἓέἦωὲίῃ.
329 1380 426 1432 733,
458 1382 525 1421 30.
559 1379 756 1435 (καυηνία
778 1382 862 1423 cod.
885 1379 1022 1436 Phot.)
1055 1378 1178 1433 ὑηνία
1209 1383 1415 1433 Aristoph.
1449 1384 1538 1423 Pac.
1562 1386 1657 1424 928.

280 1585 452 1652 σφῆκες
481 1585 551 1627 καὶ
581 1587 773 1642 σφηκιάι
829 1528 938 1606 238*

141 1706 144 1709 Α
188 1664 236 1706 τὰ
279 1665 400 1720 μικρὰ
444 1666 512 1707 καὶ
557 1668 613 1716 εἰς
654 1665 726 1718 ὀξὺ
771 1666 1004 1722 συνηγμένα
1048 1666 1159 1719 ξύλα.
1219 1668 1346 1718 οὕτως
1393 1667 1655 1724 Φερεκράτης,

73 1725 256 1765 Photius.
306 1726 512 1766 Porsonus
559 1726 742 1778 σφηκιαί.
789 1728 838 1766 de
883 1729 957 1767 hoc
1000 1730 1200 1778 tiynorum
1245 1742 1391 1779 genere
1435 1730 1658 1769 Meinekius

72 1783 228 1834 relegat
268 1783 319 1822 ad
363 1782 619 1823 Boeekhium
656 1785 792 1824 Iahrb.
839 1785 878 1823 d.
918 1785 1146 1825 wissensch.
1187 1786 1292 1825 Krit.
1335 1787 1463 1834 1835,
1506 1788 1658 1837 GlOsq.

74 1838 268 1890 εσφηκίας
299 1841 326 1880 1.
358 1854 391 1880 e.
425 1839 661 1892 σφηκώὸης
700 1843 878 1882 eiusdem
908 1843 1068 1893 generis
1099 1833 1194 1882 sunt
1225 1842 1393 1893 σχιζίας,
1426 1842 1656 1894 στημονίας

71 1897 300 1953 πωγωνίας,
346 1897 547 1950 γερανίας,
588 1900 616 1938 1.
663 1912 698 1938 e.
738 1896 840 1950 ἔχων
883 1897 1041 1951 μακρὸν
1084 1898 1152 1938 καὶ
1196 1898 1406 1952 γερανώδη
1451 1896 1656 1953 τραχηλον.

72 1955 245 1995 Bekker.
278 1956 431 1995 Aneed.
466 1957 532 2005 31,
569 1956 655 1995 15’.
707 1957 881 1996 Meinek.

35 2078 38 2080 ·
113 2081 133 2102 ο
819 2068 905 2111 239

283 2126 507 2181 ταχεωστί

190 2207 322 2248 Schol.
353 2209 474 2249 Hom.
506 2209 555 2248 Il.
591 2211 655 2257 18,
680 2210 732 2249 26
763 2207 997 2262 μεγαλωστί.
1025 2205 1252 2261 Ἀνακρέων
1283 2210 1428 2263 ιρωστί
1457 2209 1654 2264 Φερεκρα-

72 2279 142 2316 της
159 2262 388 2316 ταχεωστί’
365 2264 455 2305 αντὶ
470 2271 542 2305 τοῦ
559 2263 719 2319 ταχέως,
735 2268 806 2307 ubi
824 2266 1015 2318 ταχεωστί
1027 2269 1200 2308 inseruit
1222 2269 1370 2319 Bergk.
1389 2270 1535 2309 Anacr.
1556 2270 1650 2308 255.

822 2378 907 2422 240

282 2435 598 2492 τραπέμπαλιν
675 2472 677 2474 .

186 2515 258 2586 7ἐπ’
290 2515 500 2575 αριστερα·
532 2516 797 2567 υπεναντίως.
838 2517 966 2567 οὕτως
1005 2518 1271 2572 Φερεκράτης
1319 2520 1499 2560 Ρ1101ιί111.
1533 2522 1652 2560 etiam

77 2570 142 2614 ἐπ’
173 2571 361 2632 ἀριστερᾷ
391 2578 640 2618 Pherecratis
672 2591 766 2618 esse
789 2578 982 2617 arbitror:
1012 2591 1106 2616 nam
1138 2574 1411 2628 τραπέμπαλιν
1439 2579 1560 2617 etiam
1592 2576 1655 2616 ἐπι

77 2631 192 2688 δεξιᾶ
222 2647 308 2674 esse
337 2637 485 2686 potest.

821 2701 903 2743 241

283 2756 515 2826 τραύξανα

192 2854 239 2878 τα
277 2837 505 2895 ἅκανθώδη
545 2839 612 2880 καὶ
651 2839 750 2895 ξηρα
788 2836 900 2890 ξυλα.
945 2838 1073 2888 οὕτως
1103 2838 1367 2908 Φερεκρατης.
1414 2842 1580 2881 Photius
1612 2844 1652 2880 et

78 2896 236 2937 Suidas.
267 2898 441 2949 Hesych.
475 2898 723 2951 τραὶὶσανον·
756 2893 877 2952 ξηρὸν
906 2903 1004 2940 παν.
1035 2895 1063 2950 ἢ
1092 2895 1313 2950 φρύγανον.
