1872 3224
202 224 286 267 532
799 221 1186 255 ΑΡΙΣΤΟΦΑΝΟΤΣ

205 332 242 378 7,
275 331 341 369 29.
376 331 413 381 2,
446 331 483 377 3,
514 331 582 368 46.
614 329 719 367 Plat.
751 327 848 378 Leg.
884 329 920 375 1,
954 328 1080 366 637e.
1127 340 1173 365 ex
1203 328 1456 378 syntagmate
1486 327 1689 367 trochaico
1719 327 1778 367 vi-

204 387 354 483 ἓὲἓὶιὲὲ
357 389 561 482 1{xcerpta
591 398 688 425 esse.
750 398 868 424 versu
898 385 1023 423 altero
1052 385 1139 434 ipse
1169 384 1427 424 Aristarchus
1458 385 1620 424 iubetur
1639 384 1776 424 Iberas

951 552 1036 595 552

309 633 476 677 κούδὲν
507 631 567 676 α“ν
599 633 849 689 δράσαιμεν
879 631 1053 675 άτοπον
1085 630 1186 675 οὐδ’
1219 629 1277 675 ἂν
1309 631 1576 689 ε’πιήλαιμεν
1605 630 1677 677 ἄν.

317 717 448 760 Schol
495 717 1002 786 νεερ.1348,φιαλεῖς·
1054 715 1106 770 τῷ
1155 713 1252 770 ε’ργῳ
1306 713 1519 768 ἐπιβαλεῖς.
1579 713 1778 768 ”·Ομηρος

202 768 320 821 αὐτὸς
361 773 435 827 γὰρ
475 772 638 824 ἐπίηλεν
673 772 766 812 τάδε
805 771 897 826 ἔργα
930 802 938 811 .
963 803 973 813 .
997 806 1006 815 .
1039 770 1082 812 ἐν
1117 770 1162 811 δὲ
1206 771 1457 825 Τριφάλησιν
1490 769 1778 826 Ἀριστοφάνης

201 834 282 870 κτλ.
315 829 368 871 ἂν
406 827 626 883 δράσαιμεν
656 829 724 884 K.]
764 829 896 883 α’νδρα
932 830 1002 878 εἰς.
1047 827 1102 869 ἀν
1139 829 1327 883 δράσειας
1365 832 1515 883 Bergk.
1547 828 1781 884 ἐπιήλαιμεν

200 887 435 941 dc'vBergk]
454 887 610 940 ἐπιῆλαι
628 886 715 939 μέν.
734 890 903 928 fortasse
920 890 1098 938 praestat
1112 884 1310 940 δράσειε
1323 903 1347 927 ν
1364 911 1414 917 -—
1435 885 1691 940 ε’πιήλειεν
1709 886 1776 928 ἄν.

204 949 273 985 aut
305 961 353 986 ex
384 947 649 996 epirrhemate
681 949 751 985 aut
781 959 830 984 ex
859 948 1116 996 syntagmate
1146 946 1347 985 trochaico
1378 949 1576 996 excerpta.

951 1079 1036 1123 553

314 1165 539 1215 Hesychius
564 1160 744 1216 Ἑρμῆς
784 1160 1103 1215 τρικέφαλος·
1161 1156 1452 1215 Αριστοφάνης
1483 1160 1528 1203 ἐν
1561 1161 1780 1216 Τριφάλητι

201 1227 316 1260 τοῦτο
354 1219 452 1272 ε’φη,
488 1222 643 1268 παίζων
680 1225 886 1272 κωμικῶς·
926 1218 1108 1270 παρόσον
1143 1217 1428 1273 τετρακέφαλος
1459 1217 1608 1273 Ἑρμῆς
1649 1218 1694 1261 έν
1731 1226 1779 1275 τῇ

190 1275 341 1334 τριόδῳ
371 1284 420 1334 τῆ
451 1276 513 1329 (ἐν
543 1279 633 1318 add.
666 1274 861 1332 Meinek.)
893 1279 1124 1332 Κεραμεικῷ
1154 1275 1305 1328 ιδρυτο.
1365 1278 1561 1346 Harpocr.
1593 1275 1779 1331 τρικέφα-

198 1339 264 1384 λος
298 1367 305 1375 .
331 1369 339 1377 .
363 1370 371 1378 .
403 1341 544 1375 τοῦτον
575 1333 620 1374 δέ
649 1346 748 1386 φησι
786 1333 1002 1387 Φιλόχορος
1034 1332 1078 1373 ἐν
1106 1333 1148 1386 γ’
1179 1331 1408 1385 Εὐκλείδην
1444 1331 1665 1375 άναθεῖναι
1691 1331 1779 1388 ’Ay-

197 1393 381 1445 κύλησιν.
413 1395 581 1433 Photius
607 1390 753 1444 Ερμῆς
784 1390 1019 1447 τρικέφαλος
1059 1389 1228 1446 (excidit
1257 1392 1575 1444 interpretatio).
1628 1389 1779 1445 Ἑρμῆς

199 1449 507 1503 τετρακέφαλος·
541 1449 585 1489 ἐν
616 1453 845 1518 Κεραμεικοῦ
879 1448 1165 1500 Τελεσαρχίδου
1196 1447 1322 1502 ε’ργον.
1354 1451 1405 1490 cf.
1434 1451 1622 1491 Eustath.
1655 1451 1777 1498 1553,

201 1511 239 1547 7.
273 1509 439 1548 Photius
470 1505 723 1577 τρικέφαλος·
757 1504 778 1546 6
803 1504 970 1558 Ἑρμῆς·
1002 1503 1136 1559 ὥσπερ
1166 1505 1372 1546 διδάσκων
1409 1521 1480 1554 τας
1517 1503 1660 1573 ὁδούς,
1696 1512 1778 1546 ποῦ

198 1563 273 1615 μὲν
302 1563 404 1616 αὕτη
436 1562 546 1617 φέρει
574 1561 600 1615 ἡ
630 1561 747 1614 ὁδός,
778 1569 859 1603 ποῦ
897 1562 941 1603 δὲ
973 1561 1146 1614 ἐκείνη.
1172 1594 1182 1604 .
1204 1595 1212 1603 .
1245 1562 1353 1603 εστιν
1382 1561 1428 1604 δὲ
1457 1561 1480 1603 6
1509 1558 1679 1612 ἀναθεὶς
1710 1561 1780 1604 τὸν

200 1620 445 1674 τρικέφαλον
462 1619 623 1674 Ερμῆν,
656 1620 711 1669 ὡς
746 1620 965 1673 Φιλόχορος
996 1620 1116 1674 φησί,
1156 1621 1404 1674 Προκλείδης
1437 1618 1657 1687 Ἵππαρχον
1687 1619 1776 1674 ἔρα-

199 1678 309 1731 στής.
369 1681 680 1730 Aristophanem
725 1680 871 1719 dixisse
910 1674 1086 1730 Ἑρμῆς
1131 1676 1446 1731 τετραφάλης
1489 1682 1530 1719 et
1573 1680 1629 1719 sic
1671 1679 1777 1730 apud

198 1738 444 1788 Hesychium
483 1737 738 1777 scribendum
769 1749 854 1776 esse
884 1736 1106 1775 arbitratur
1142 1735 1418 1788 Goettlingius
1454 1734 1541 1776 Ind.
1580 1731 1664 1776 Ien.
1695 1735 1776 1776 hib.

202 1795 357 1845 1861s2
389 1808 427 1845 p.
461 1796 506 1833 5.
538 1808 676 1834 omnes
707 1795 814 1833 enim
844 1794 1016 1833 Helmas
1046 1793 1226 1844 insignes
1264 1794 1388 1834 fuisse
1425 1794 1594 1834 veretris
1633 1793 1777 1834 erectis

199 1851 411 1904 (Herodot.
445 1853 484 1898 2,
516 1849 609 1903 51):
642 1853 778 1902 itaque
800 1852 972 1891 comicos
993 1851 1139 1890 dixisse
1160 1847 1401 1901 τριφάλητας
1421 1853 1463 1891 et
1483 1849 1778 1902 τετραφάλητας

198 1922 271 1959 pro
316 1904 577 1960 τρικεφάλους
616 1912 657 1948 et
694 1906 1023 1961 τετρακεφάλους.
1085 1908 1374 1948 Telesarohidae
1412 1912 1548 1947 autem
1583 1908 1777 1947 Herniam

201 1966 420 2017 significari
450 1967 499 2006 ab
529 1966 746 2016 Hesychio‚
777 1979 867 2005 cum
898 1979 988 2005 eum
1019 1966 1062 2004 in
1094 1964 1291 2006 Ceramico
1319 1966 1496 2016 positum
1517 1965 1639 2006 fuisse
1660 1965 1776 2005 dicat.

201 2024 400 2062 inridetur
430 2024 623 2063 Mercurii
652 2024 869 2063 trimentuh'
898 2023 1060 2062 nomine
1091 2022 1334 2064 Alcibiades,

948 2157 1034 2199 554

320 2240 545 2292 Hesychius
576 2237 638 2278 ἐπὶ
669 2238 894 2290 Φαληνίου·
935 2237 1004 2277 τὸν
1030 2234 1289 2292 Ἀλκιβιάδην
1324 2237 1447 2291 φησὶν
1478 2235 1499 2278 6
1525 2235 1776 2292 Ἀρίσταρχος

199 2294 281 2336 ἐπὶ
312 2297 578 2348 Φαληνίου
608 2298 868 2349 γεγενῆσθαι,
898 2293 1091 2335 σκώπτων
1119 2294 1227 2349 παρὰ
1258 2293 1328 2335 τὸν
1357 2295 1533 2348 φάλητα·
1563 2294 1778 2348 ἕπασχητία

203 2353 293 2407 γάρ.
355 2356 411 2395 sic
440 2355 537 2394 haec
567 2355 617 2394 ab
643 2355 813 2393 Alberto
835 2357 875 2393 et
895 2354 1103 2393 Dindorfio
1125 2355 1346 2396 emendata.
1373 2351 1642 2407 Ἀρίσταρχος]
1672 2351 1776 2407 Ἀρι-

205 2408 411 2461 στοφάνης
441 2412 600 2453 Pearso.
631 2425 859 2462 perperam:
900 2424 1029 2461 neque
1069 2412 1173 2450 enim
1211 2411 1470 2451 Aristarchus
1503 2413 1572 2462 qui
1608 2424 1777 2451 comme·

206 2472 389 2508 moratur
407 2470 691 2520 grammaticus
712 2471 785 2520 est,
807 2469 875 2508 sed
894 2467 1056 2519 praetor
1076 2468 1346 2519 Atheniensis,
1372 2469 1421 2508 de
1441 2481 1520 2519 quo
1541 2469 1591 2507 cf.
1612 2469 1661 2507 fr.
1683 2468 1778 2510 550.

205 2528 239 2565 is
274 2527 412 2578 igitur,
444 2527 554 2565 cuius
583 2527 627 2565 in
656 2526 730 2565 hac
760 2526 897 2565 fabula
926 2526 1010 2565 sine
1041 2525 1184 2577 dubio,
1213 2526 1282 2564 sed
1317 2526 1488 2565 fortasse
1526 2525 1776 2564 dissimulato

204 2584 380 2632 nomine,
413 2584 567 2634 aliquae
598 2585 732 2634 partes
762 2583 939 2630 fuerunt,
971 2582 1221 2622 Alcibiadem
1259 2582 1414 2622 dixerat
1444 2582 1634 2621 archonte
1664 2582 1775 2622 Pha-

207 2641 311 2679 lema
341 2641 404 2680 vel
434 2641 636 2680 Phaletide
666 2639 931 2691 (Φαλητίδου)
960 2641 1100 2678 natum
1131 2652 1237 2688 esse,
1277 2641 1482 2689 tamquam
1511 2639 1635 2678 latine
1667 2639 1774 2680 dicas

200 2696 242 2735 O.
274 2697 464 2736 Peniculo
495 2698 540 2737 L.
572 2698 751 2736 Mentula
781 2697 1025 2736 consulibus.

945 2818 1030 2861 555

315 2902 539 2953 Hesychius
565 2898 708 2940 Ἱλάων
736 2898 861 2954 ἥρως·
895 2899 1148 2947 Ποσειδῶνος
1177 2896 1277 2951 υἱός,
1307 2896 1384 2950 άφ’
1406 2894 1457 2939 οὗ
1473 2895 1764 2953 Ἀριστοφάνης
