1872 3224
223 178 308 220 624
872 177 1148 211 ΠΛΑΤΩΝΟΣ

860 275 962 316 ΝΤΞ
988 279 1158 319 MAKPA

333 352 424 390 Nox
443 340 705 401 'significatur
735 363 780 389 ea
810 363 890 400 qua
919 350 1111 390 Hercules
1143 351 1262 390 natus
1294 352 1367 391 est.
1419 351 1554 402 itaque
1585 364 1793 402 argumen-

219 412 305 448 tum
336 409 443 447 idem
474 408 551 445 fuit
572 409 693 457 atque
714 407 907 458 Archippi
929 407 1142 458 Plautique
1163 409 1484 458 Amphitruonis.
1516 408 1635 448 Mein.
1657 408 1678 447 I
1700 409 1794 450 176.

221 466 360 505 Cobet.
395 464 491 507 Obs.
523 465 611 504 crit.
646 465 740 504 120.

987 541 1041 583 83

425 618 525 663 ἀλλ’
558 612 618 663 αὖ
648 619 829 675 γέλοιον
860 618 1009 674 ἄνδρα
1038 636 1127 677 μου
1157 620 1216 677 μὴ
1248 623 1492 678 φροντίσαι

420 689 580 745 μηδέν.

334 773 503 812 Bekker.
535 773 686 812 Aneed.
719 773 900 830 384,10
929 766 1013 811 ἀλλ’
1049 766 1122 812 αὖ·
1154 768 1247 812 ἀντὶ
1277 772 1348 812 τοῦ
1377 770 1476 812 ἀλλὰ
1505 771 1640 814 πάλιν.
1680 771 1792 814 Πλά-

220 845 300 869 των
331 827 465 868 Νυκτὶ
495 835 631 884 μακρᾷ
661 832 743 869 κτλ.
794 823 848 868 αὖ
869 828 1094 883 Bekkerus]
1118 825 1165 869 οὐ
1188 831 1274 870 cod.
1324 844 1402 882 μου
1423 828 1476 882 μὴ
1499 829 1691 884 Bekker.]
1713 845 1792 883 μοι.

220 888 514 940 Herw'erdenus
545 888 647 928 Nov.
680 888 771 926 add.
804 888 890 926 crit.
925 889 948 926 9
979 884 1102 939 γέλως
1138 884 1208 926 τὸν
1243 886 1398 941 α’νδρα,
1442 889 1543 930 conl.
1584 889 1794 932 Demosth.

219 946 259 993 4,
293 946 346 983 25
377 941 462 983 ἐπεὶ
492 944 569 983 νῦν
597 958 641 997 γε
672 941 793 996 γέλως
825 940 917 983 ἔσθ’
950 940 1005 991 ὡς
1037 943 1227 997 χρώμεθα
1258 947 1339 993 τοῖς
1359 944 1602 998 πράγμασιν.
1634 946 1796 987 videtur

219 1004 354 1041 autem
387 1002 580 1041 Alcmena
611 1002 814 1053 indignari
847 1002 895 1040 de
926 1002 1233 1052 Amphitruonis
1264 1003 1491 1043 securitate.

987 1113 1043 1155 84

395 1251 397 1254 .
428 1190 617 1236 ἐνταῦθ’
651 1191 724 1236 ἐπ’
757 1191 915 1248 ἄκρων
945 1194 1038 1235 τῶν
1070 1192 1316 1249 κροτάφων
1345 1192 1433 1245 ἕξει
1463 1192 1633 1250 λύχνον

426 1262 629 1318 δίμυξον.

335 1346 564 1385 Athenaeus
599 1347 663 1398 15,
688 1347 800 1386 700f
828 1343 1004 1385 Πλάτων
1034 1342 1078 1385 ἕν
1108 1343 1242 1385 Νυκτὶ
1269 1350 1403 1401 μακρᾷ
1432 1347 1514 1386 κτλ.
1551 1348 1795 1396 tetrameter,
1856 1337 1867 1351 '

221 1406 267 1442 ut
297 1404 460 1443 volebat
496 1403 649 1443 Iacobs.
682 1403 790 1443 Add.
821 1403 917 1442 Ath.
952 1405 1054 1453 371,
1097 1417 1183 1443 esse
1220 1416 1300 1443 non
1337 1405 1474 1454 potest
1509 1405 1676 1455 propter
1704 1417 1795 1443 ana-

222 1462 405 1511 paestum
434 1461 475 1499 in
508 1460 599 1499 sede
630 1463 785 1511 quarta.
838 1457 1034 1513 ἐνταῦθ’]
1068 1457 1264 1500 ἐντεῦθεν
1293 1461 1528 1511 Meinekius‚
1569 1461 1722 1501 seilicet
1750 1463 1798 1500 ut

224 1519 428 1558 amoveret
457 1518 645 1557 vitiosam
667 1518 909 1568 positionem
931 1518 1104 1557 debilem
1126 1515 1317 1572 (ἄκρων).
1349 1518 1518 1558 fortasse
1540 1518 1796 1558 scribendum

222 1577 284 1615 est
329 1571 402 1612 ἐπ’
443 1570 611 1613 αὐτῶν
650 1589 682 1614 τ
721 1589 783 1627 κρ.
837 1571 926 1628 ἕξει]
968 1572 1053 1625 ἥξει
1084 1575 1127 1614 Ρ.
1179 1589 1367 1615 numeros
1397 1575 1685 1616 choriambioos
1714 1588 1796 1615 11011

220 1635 325 1671 ieote
355 1632 593 1672 restituebat
613 1632 761 1683 Reisig.
787 1632 965 1671 Conieot.
994 1635 1087 1672 101.
1121 1645 1210 1672 cum
1237 1633 1286 1671 fr.
1305 1633 1359 1673 85
1389 1633 1682 1683 quodammodo
1703 1645 1795 1673 eon·-

220 1690 402 1729 iunctum
432 1689 556 1729 fuisse
587 1691 722 1729 censet
752 1689 990 1730 Meinekius.

987 1789 1042 1832 85

424 1867 606 1920 ἕξουσιν
638 1869 684 1911 οἱ
710 1871 891 1925 πομπῆς
921 1866 1208 1925 λυχνούχους
1238 1868 1426 1925 δηλαδή.

337 1953 568 1992 Athenaeus
602 1953 666 2002 15,
699 1954 781 1992 562
822 1952 1044 2005 Schweigh.
1079 1953 1185 1992 1561
1217 1952 1339 1992 Dind.
1380 1949 1555 1992 Πλάτων
1583 1950 1628 1992 ἐν
1657 1951 1795 1993 Νυκτὶ

221 2015 356 2065 μακρᾷ
387 2012 469 2052 κτλ.
519 2014 682 2061 πομπῆς
713 2008 908 2063 Meinek.]
940 2012 1124 2061 πομπεῖς.

989 2122 1044 2165 86

759 2238 762 2241 .
827 2193 935 2258 κᾷθ’
966 2195 1078 2257 ἧκεν
1108 2199 1274 2258 ἄρτους
1303 2199 1551 2256 πριάμενος

428 2267 488 2325 μὴ
508 2285 602 2312 των
622 2267 958 2326 καθαρύλλων,
990 2267 1104 2312 αλλὰ
1123 2269 1347 2326 μεγάλους
1366 2271 1614 2320 Κιλικίους.

335 2354 566 2393 Athenaeus
589 2353 769 2403 3,110d
801 2350 976 2391 Πλατων
1005 2349 1043 2391 δ’
1077 2349 1098 2391 ὁ
1119 2350 1414 2407 κωμῳδιοποιὸς
1442 2350 1486 2392 ἐν
1507 2350 1640 2392 Νυκτὶ
1659 2352 1794 2421 μακρᾶ

223 2408 314 2457 τοὺς
344 2409 539 2463 μεγαλους
569 2408 718 2462 ἄρτους
748 2408 816 2449 καὶ
846 2407 1109 2467 ῥυπαρους
1147 2409 1355 2457 Κιλικίους
1385 2407 1568 2480 ὀνομαζει
1605 2407 1671 2449 δια
1702 2423 1790 2449 του

221 2482 302 2506 των
329 2470 411 2511 κτλ
460 2468 698 2537 Epstathius
734 2468 853 2516 1817,
886 2469 941 2508 60
970 2461 1091 2522 (κατα
1121 2464 1342 2521 omittens).
1389 2461 1493 2506 καθ’
1523 2461 1623 2518 ἧκεν
1641 2465 1791 2519 σ’ίρτους

221 2522 413 2577 Meinek.]
452 2518 545 2564 κᾶτ’
584 2522 730 2578 ἄρτους
765 2518 852 2576 ἧκε.
904 2537 1144 2590 magnopere
1182 2525 1348 2564 offendit
1383 2522 1450 2575 μή.
1496 2524 1720 2564 Meinekius
1749 2525 1792 2564 111

222 2582 370 2621 Athen.
414 2582 460 2622 Β.
489 2579 543 2634 μὴ
572 2604 630 2611 --
663 2580 890 2629 Κιλικίους;
926 2582 970 2621 in
1006 2582 1125 2621 Anal.
1156 2583 1244 2621 crit.
1277 2583 1328 2620 51
1383 2582 1423 2621 B.
1459 2573 1514 2632 μὴ
1553 2586 1635 2621 τῶν
1662 2583 1792 2620 καθα-

222 2636 399 2690 ρύλλων,
431 2640 483 2678 A.
514 2635 641 2691 μᾶλλα
672 2641 752 2679 κτλ.

429 2771 789 2828 αὐτοσχεδίασμα
988 2715 1041 2757 87

335 2856 480 2895 Pollux
512 2858 662 2904 6,142
694 2854 738 2894 τὸ
775 2852 815 2893 δ’
856 2852 900 2894 ἐν
935 2859 983 2909 τῇ
1015 2852 1148 2893 Νυκτὶ
1182 2858 1317 2909 μακρᾷ
1349 2851 1566 2901 Πλάτωνος
1596 2850 1785 2905 αὐτοσχε-
