1872 3224
195 216 277 259 758
871 214 1096 249 AAKAIo‘r

976 373 1001 415 7

399 431 726 486 κακοτεχνίζων

305 511 395 553 ἀντὶ
435 518 505 553 τοῦ
541 514 804 564 κακοτεχνῶν.
868 508 1051 560 Ἀλκαῖος
1092 510 1336 564 Γανυμήδει.
1406 512 1577 555 Bekker.
1616 512 1770 553 Anecd.

196 574 288 620 103,
324 574 387 613 18.
422 572 620 611 Schaefer.
652 570 821 622 Gregor.
854 570 1034 610 Corinth.
1067 571 1163 610 343.

399 761 610 817 κρεμάσω
975 703 1002 746 8

309 841 357 884 οὐ
387 840 512 896 μόνον
547 849 692 897 κρεμῶ.
748 840 930 891 Ἀλκαῖος
973 839 1215 896 Γανυμήδει.
1274 844 1446 885 Bekkcr.
1483 844 1635 885 Anecd.
1677 845 1771 894 103,

195 905 236 943 4.
268 904 347 943 alia
376 903 557 954 exempla
587 902 789 955 congessit
815 902 1041 942 Lobeckius
1061 902 1211 954 Phryn.
1234 903 1330 951 746,
1351 915 1481 953 neque
1501 903 1609 942 certa
1626 901 1770 951 omnia,

195 974 323 1011 neque
353 961 593 1000 Atticorum.
627 961 752 999 veluti
782 958 964 1011 κρεμᾶσω
995 972 1155 1011 quoque
1185 959 1361 999 dubitari
1395 961 1532 1010 potest
1560 973 1612 999 an
1633 955 1772 1000 'fuerit

199 1018 478 1058 coniunctivus
507 1017 658 1058 aoristi.
689 1018 740 1057 cf.
774 1017 1019 1068 Theopomp.
1050 1018 1117 1067 32,
1149 1018 1188 1058 4.

978 1151 1005 1194 9

400 1206 590 1251 ποτικόν

303 1285 485 1339 Ἀλκαῖος
519 1289 750 1343 Γανυμήδει
781 1288 910 1339 οὕτως
942 1286 1179 1345 (ὠνόμασε).
1211 1291 1440 1331 Athenaeus
1473 1292 1538 1340 10,
1569 1290 1652 1330 445
1663 1303 1698 1331 e.

856 1438 1121 1473 ΕΝΔΤΜΙΩΝ
1183 1468 1187 1473 .

968 1539 1021 1582 10

401 1616 497 1676 ὁτιὴ
529 1619 693 1675 σχεδόν
722 1635 766 1663 τι
795 1622 941 1676 μῆνας
973 1617 1108 1686 ἐγγὺς
1137 1626 1258 1675 τρεῖς
1287 1617 1422 1670 ὅλους

404 1691 595 1744 φρουρῶ
626 1687 709 1731 τὸν
735 1686 1032 1743 Ἐνδυμίωνα.

310 1783 538 1824 Priscianus
572 1785 754 1831 18,180
779 1779 960 1830 Ἀλκαῖος
991 1777 1246 1834 ’.Ενὸυμίωνι
1292 1783 1473 1834 disputat
1502 1783 1550 1822 de
1582 1782 1771 1824 adveibio

198 1840 327 1895 ἐγγύς,
352 1842 646 1935 propemodum,
672 1840 804 1889 ferme
835 1837 923 1892 ὁτιὴ
953 1836 1095 1891 σχεδόν
1121 1853 1158 1878 τι
1185 1837 1372 1893 Meinek.]
1405 1843 1774 1879 ΟΤΙΝΟΧΕΔΟΝΤΙ

200 1891 536 1948 111118δέἶῇ
560 1894 620 1952 (22)
642 1901 833 1936 ΕΛΟΝΤΙ
865 1897 913 1938 Ο.
946 1899 1098 1938 ceterae
1127 1897 1341 1938 varietates
1363 1895 1432 1950 (cf.
1455 1909 1583 1951 quae
1585 1896 1773 1938 Hertzius

199 1955 423 2006 adnotavit)
455 1956 557 1994 nihil
587 1955 637 1994 ad
668 1968 753 1995 rem
785 1955 954 1995 faciunt.
1003 1955 1185 2005 quamvis
1206 1954 1334 1994 facilis
1357 1955 1411 1994 sit
1431 1953 1620 1994 Meinekii
1640 1964 1774 1994 emen-

198 2015 309 2053 datio
339 2015 381 2053 et
410 2013 640 2063 frequentes
672 2012 778 2077 apud
810 2013 967 2052 Atticos
997 2012 1220 2062 pleonasmi
1249 2011 1389 2062 quales
1413 2006 1579 2061 ἀληθῶς
1600 2015 1654 2065 τῷ
1673 2008 1774 2061 ὄντι,

199 2064 325 2118 εὐθὺς
355 2073 609 2122 παραχρῆμα,
640 2062 770 2116 ευθύς
801 2062 902 2108 κατὰ
931 2065 1067 2120 τάχος,
1113 2066 1254 2127 α’λλως.
1283 2066 1438 2119 μα’την,
1478 2068 1548 2108 alii
1580 2042 1774 2119 (L‘ffobeck

197 2128 349 2179 Phryn.
383 2128 463 2166 753
473 2123 565 2180 sqq)
601 2124 745 2177 σχεδόν
775 2140 811 2165 τι
841 2123 959 2179 ἐγγὺς
990 2128 1092 2178 τρεῖς
1113 2123 1232 2173 ὅλους
1252 2129 1385 2177 μῆνας
1405 2138 1626 2175 numquam
1645 2125 1774 2165 ullum

199 2185 438 2224 Graecorum
470 2184 709 2248 scriptorum
741 2184 886 2223 dixisse
917 2183 1051 2223 credo.
1110 2195 1205 2222 nam
1235 2182 1343 2233 apud
1373 2182 1583 2222 Platonem
1613 2181 1774 2233 quidem

199 2242 302 2281 Tim.
322 2242 372 2279 21
384 2241 411 2280 b
428 2238 572 2292 σχεδὸν
586 2233 702 2293 ἐγγὺς
720 2238 801 2292 ἤδη
819 2245 900 2279 των
916 2237 1160 2289 ἐνενήκοντα
1175 2237 1276 2278 ἐτῶν
1293 2239 1537 2290 praepositio
1563 2241 1625 2279 est
1641 2235 1774 2292 εγγύς,

198 2312 279 2339 11011
318 2298 566 2338 adverbium.
625 2299 764 2349 itaque
804 2311 894 2337 eum
931 2298 1075 2337 notum
1113 2298 1168 2337 sit
1209 2299 1455 2348 quantopere
1492 2296 1536 2335 in
1579 2296 1775 2336 Prisciani

199 2356 402 2396 codicibus
432 2356 515 2394 fere
546 2358 736 2406 corrupta
773 2354 856 2395 sint
893 2367 1056 2406 gr‚aeca
1096 2367 1178 2394 11011
1217 2353 1470 2393 temerariam
1509 2352 1642 2393 iudico
1682 2365 1775 2394 con·

199 2415 392 2452 iecturam
421 2413 559 2463 paullo
590 2413 841 2452 audaciorem
880 2407 1307 2463 ὀνειροπολοῦντα
1344 2414 1477 2461 μῆνας
1517 2407 1634 2462 ἐγγὺς
1671 2412 1774 2462 τρεῖς

199 2467 315 2517 όλους
347 2474 511 2521 φρουρω
541 2466 612 2508 τὸν
636 2464 904 2520 Ἐνδυμίωνα.
935 2468 1159 2508 dormiebat
1186 2468 1295 2507 enim
1326 2467 1562 2507 diutissime.
1601 2467 1652 2507 of.
1682 2467 1774 2507 Ari-

200 2527 330 2622 sTtpgh.
334 2526 435 2623 ἐξ.
468 2527 549 2567 809
581 2526 707 2576 (Nub.
741 2527 807 2568 16.
838 2522 927 2577 27).
957 2524 1772 2576 1310113011).7,5340.Ϊ.ιος.10,904ἃ.

970 2694 1018 2734 11

318 2776 450 2816 Schol.
471 2775 679 2827 Aristoph.
703 2776 779 2817 Av.
805 2754 912 2816 1701'
933 2768 988 2826 ἦν
1007 2770 1053 2814 δὲ
1072 2772 1140 2813 καὶ
1159 2771 1288 2827 ἕτερος
1312 2770 1567 2826 (Γοργίας)
1587 2771 1773 2826 ἰατρός,

202 2828 251 2872 οὗ
279 2827 520 2885 μνημονεύει
547 2829 730 2880 Ἀλκαῖος
751 2830 796 2871 ἐν
810 2828 1071 2884 Ἐνδυμίωνι.
1100 2833 1222 2871 natus
1242 2833 1328 2870 erat
1348 2830 1548 2880 Thessalo,
1580 2829 1664 2871 filio
1694 2831 1773 2871 cla-

202 2891 352 2931 rissimi
381 2890 490 2930 illius
520 2890 786 2941 Hippocratis,
820 2890 855 2930 si
884 2902 977 2931 vera
1005 2888 1132 2928 tradit
1162 2888 1305 2929 Suidas
1335 2885 1551 2934 Θεσσαλός.

1859 553 1872 601 ἰ
