1872 3224
210 223 296 266 652
875 222 1151 257 ΠΛΑΤΩΝΟΣ

419 325 642 379 σκελετός,
675 323 862 379 ἅπυγος,
895 321 1123 378 καλάμινα
1153 323 1289 380 σκέλη
1321 326 1497 380 φορῶν,

416 392 566 449 φθόης
596 391 841 449 προφήτης,
876 390 1068 448 ἐσχάρας
1097 393 1375 448 κεκαυμένος

416 463 629 512 πλείστας
658 459 738 504 ὑπ’
771 458 1086 516 Εὐρυφῶντος
1117 459 1169 504 ἐν
1198 462 1262 518 τῷ
1292 460 1478 517 στόματι.

329 557 504 596 Galenus
535 557 728 608 Hippocr.
760 557 913 608 Aphor.
946 557 984 595 V
1015 558 1096 597 322
1127 557 1221 597 Bas.
1257 554 1413 610 (XVIII
1437 559 1472 606 1,
1499 557 1579 596 149
1610 554 1786 610 Kuchn.)

212 609 386 665 ἐμπύους
431 612 715 667 προσαγορεύει
754 644 762 652 .
791 645 800 654 .
841 609 901 662 οἷς
946 611 1092 666 μεταξὺ
1139 611 1327 667 θώρακός
1367 628 1407 653 τε
1451 610 1518 652 καὶ
1563 611 1788 666 πνεύμονος
1830 634 1833 635 ’

211 670 428 723 ἤθροισται
458 669 502 710 τὸ
532 674 652 721 πῦον,
684 668 756 719 οὓς
788 669 846 711 ὅτι
879 670 1072 723 συνήθως
1104 668 1239 710 ἔκαιον
1269 670 1310 710 οἵ
1335 669 1506 717 παλαιοί,
1527 671 1678 723 μαθεῖν
1707 668 1789 710 ἔστι

211 726 277 767 καὶ
312 726 352 777 ἐξ
383 722 443 767 οἷν
473 729 607 781 εἴρηκε
639 727 813 768 Πλάτων
843 725 864 768 ὁ
894 725 1068 779 κωμικὸς
1100 726 1164 768 ἐπὶ
1193 727 1391 780 Κινησίου
1428 726 1527 768 κατὰ
1566 725 1685 780 τήνδε
1715 726 1789 780 τὴν

210 785 332 838 ῥῆσιν
362 787 444 825 κτλ.
476 787 715 827 Plutarchus
735 788 834 827 Mor.
858 788 939 826 712
953 801 976 826 a
999 784 1134 838 δεήσει
1163 778 1434 839 γραμματικὸν
1456 816 1467 827 .
1491 815 1499 824 .
1526 815 1536 825 .
1559 782 1789 838 ἐξηγεῖσθαι

210 843 266 889 τίς
304 839 324 881 ὁ
365 843 623 891 Λαισποδίας
661 840 756 897 παρ’
799 840 1022 895 Εὐπόλιδι,
1057 841 1124 883 καὶ
1163 840 1184 882 ὁ
1221 842 1418 895 Κινησίας
1455 840 1563 896 παρὰ
1595 841 1788 883 Πλάτωνι

211 898 278 939 καὶ
310 899 390 939 τῶν
419 899 747 955 κωμῳδουμένων
776 899 953 949 ἕκαστος.
1043 903 1082 941 3.
1113 898 1268 954 ἅπυγος
1300 899 1490 955 Meinek.]
1530 898 1787 948 oi‘wvtogflOi-

210 960 359 1005 ncsias,
400 958 556 998 Meletis
595 959 723 1009 filius,
762 960 796 999 is
836 962 917 1009 est,
959 958 1028 1010 qui
1065 959 1226 999 comicis
1266 955 1335 1006 τὰς
1374 957 1559 1011 χορηγίας
1603 959 1786 1012 περιεῖλε.

210 1015 384 1055 Meinek.
418 1015 437 1053 I
470 1017 563 1055 229.
597 1015 735 1056 Cobet.
769 1015 865 1056 Obs.
897 1018 985 1056 crit.
1020 1018 1086 1056 50.
1122 1018 1160 1055 1.
1201 1016 1250 1056 cf.
1282 1016 1464 1056 Pherecr.
1501 1017 1593 1067 145,
1626 1017 1665 1056 8.
1696 1015 1787 1056 Ari-

211 1073 340 1123 stoph.
365 1073 465 1112 Rau.
485 1075 578 1115 153.
601 1075 724 1113 1437.
758 1074 866 1113 Nub.
885 1075 979 1116 333.
1009 1073 1085 1113 Av.
1106 1074 1229 1113 1372.
1252 1073 1301 1112 fr.
1327 1074 1422 1112 149.
1504 1074 1543 1112 2.
1567 1072 1789 1113 Meinekius

211 1133 307 1177 παῖς
339 1122 552 1182 Εὐαγόρου
580 1127 618 1169 ’κ
660 1129 932 1183 Πλευρίτιδος.
993 1143 1074 1170 non
1112 1131 1252 1170 dubito
1293 1131 1391 1181 quin
1430 1130 1547 1171 Plato
1585 1130 1791 1182 scripserit

209 1190 328 1234 παῖς
361 1186 587 1239 Οἰάγρου
613 1184 653 1226 ’κ
687 1187 1038 1240 Πλευρίτιδος.
1081 1188 1248 1228 ridicule
1280 1188 1382 1227 alter
1412 1187 1596 1239 Orpheus
1627 1187 1787 1237 dicitur,

211 1244 356 1296 Oeagri
387 1245 514 1294 filius,
545 1259 628 1285 non
671 1248 805 1285 tamen
842 1248 906 1299 ut*
927 1246 996 1284 ille
1035 1258 1082 1284 ex
1121 1245 1321 1296 Calliope,
1363 1245 1432 1284 sed
1470 1258 1518 1284 ex
1554 1245 1788 1287 Pleuritide.

210 1303 249 1341 3.
288 1302 463 1353 Hesych.
503 1301 660 1354 φθόη·
709 1302 874 1354 φθίσις,
916 1298 1074 1355 φθορά,
1120 1300 1238 1354 λύμη.
1283 1302 1388 1342 Plat.
1428 1302 1526 1354 Leg.
1562 1303 1626 1350 11,
1657 1303 1786 1342 9168..

210 1360 250 1398 4.
283 1356 494 1411 ἐσχάραι
523 1362 618 1400 sunt
638 1363 792 1400 crustae
815 1362 871 1400 eis
892 1361 1071 1411 corporis
1091 1360 1274 1411 partibus
1296 1360 1494 1409 inductae,
1523 1372 1622 1411 quas
1643 1359 1789 1399 medici

212 1417 455 1457 ustulatione
503 1420 756 1458 sanaverunt.
815 1418 1037 1469 Euryphon
1082 1417 1269 1466 Cnidius,
1314 1417 1492 1457 medicus
1530 1416 1787 1465 clarissimus,

210 1474 469 1524 Hippocratis
501 1475 691 1525 aequalis,
724 1474 793 1515 sed
829 1475 965 1526 paullo
1004 1475 1133 1514 maior
1165 1477 1263 1514 natu
1299 1474 1390 1514 fuit.
1424 1474 1562 1515 Galen.
1593 1474 1786 1524 Hippocr.

210 1531 270 1570 De
300 1532 411 1570 victu
442 1532 526 1570 IIII
558 1534 638 1572 306
677 1533 800 1572 Basil.
842 1533 892 1572 cf.
927 1531 973 1575 Ο.
1005 1532 1118 1571 Iahn.
1152 1531 1360 1572 Censorin.
1391 1532 1442 1571 D.
1473 1545 1512 1571 n.
1547 1533 1613 1571 18.
1672 1531 1788 1570 illum

212 1588 345 1639 ipsum
376 1589 692 1639 Euryphontem‚
725 1602 807 1628 non
838 1590 966 1628 filium
987 1589 1072 1629 eius
1092 1591 1344 1640 nepotemve,
1366 1602 1467 1640 quae
1488 1588 1678 1628 Meinekii
1697 1590 1786 1627 erat

213 1646 426 1695 sententia,
457 1646 674 1697 significari
705 1646 925 1686 arbitratur
956 1646 1131 1686 Cobetus
1164 1646 1260 1687 Obs.
1283 1646 1370 1685 crit.
1396 1647 1475 1686 196
1507 1645 1610 1685 conl.
1645 1644 1789 1686 Soran.

210 1703 359 1753 Ephes.
391 1703 473 1742 Vit.
508 1704 702 1755 Hippocr.
736 1704 843 1755 apud
882 1704 1037 1743 Fabric.
1070 1703 1119 1743 B.
1152 1703 1199 1743 Gr.
1232 1703 1310 1742 XII
1342 1704 1423 1743 676
1463 1696 1543 1742 ὑπὸ
1583 1700 1788 1755 Περδίκκα

245 1792 253 1800 .
278 1789 287 1798 .
327 1759 637 1812 παρακληθέντα
676 1757 962 1815 (Ἱπποκράτη)
1002 1759 1173 1815 δημοσίᾳ
1210 1757 1331 1818 πρὸς,
1350 1756 1475 1800 αὐτὸν
1512 1757 1649 1800 ἐλθεῖν
1686 1754 1784 1810 μετ’

211 1808 576 1869 Εὐρυφῶντος,
609 1815 652 1866 ὃς
683 1814 783 1857 καθ’
817 1815 979 1870 ἡλικίαν
1007 1816 1273 1871 πρεσβύτερος
1303 1818 1369 1870 ἠν.

963 1964 1044 2007 185

418 2056 563 2110 λαβοῦ
594 2056 738 2110 λαβοῦ
769 2058 848 2111 τῆς
878 2053 1026 2111 χειρὸς
1055 2053 1117 2106 ὠς
1144 2051 1330 2111 τάχιστά
1360 2070 1468 2111 μου·

416 2122 564 2178 μέλλω
596 2121 850 2180 στρατηγὸν
879 2130 1157 2181 χειροτονεῖν
1182 2121 1437 2181 Ἀγύρριον.

635 2210 657 2235 *
881 2209 903 2236 »ε
1110 2210 1133 2236 *
1338 2210 1362 2236 *

418 2261 720 2315 προσίσταταί
745 2276 834 2316 μου
865 2259 978 2317 πρὸς
1007 2259 1056 2304 τὸ
1088 2262 1211 2318 βῆμα
1240 2262 1446 2317 μαντίλη.

634 2346 657 2372 *
871 2347 893 2372 *
1106 2347 1129 2374 *
1343 2346 1365 2372 *

415 2396 574 2452 βόσκει
607 2396 789 2454 δυσώδη
822 2398 1051 2454 Κέφαλον,
1083 2398 1319 2455 αἰσχίστην
1349 2397 1504 2442 νόσον.

326 2504 561 2544 Plutarchus
592 2505 694 2544 Mor.
729 2504 848 2544 801b
885 2503 927 2543 οἶ
959 2503 1079 2556 δῆμοι
1109 2501 1175 2543 διὰ
1206 2501 1366 2557 τρυφὴν
1394 2502 1462 2543 καὶ
1491 2501 1614 2556 ὕβριν
1641 2500 1670 2555 ἢ
1697 2504 1786 2557 βελ-

211 2558 356 2599 τιόνων
394 2556 542 2615 ἀπορίᾳ
578 2560 744 2613 δημαγω
771 2566 831 2601 (δν
866 2566 1039 2614 χρῶνται
1075 2564 1157 2609 τοῖς
1195 2559 1447 2613 ἐπιτυχοῦσι,
1485 2556 1786 2626 βδελυττόμενοι

211 2615 278 2656 καὶ
307 2622 656 2671 καταφρονοῦντες
670 2649 679 2667 ,
721 2632 738 2658 ε
756 2632 803 2657 τα
838 2618 1021 2671 χαίρουσι
1057 2616 1248 2658 τοιούτων
1285 2619 1342 2666 εἰς
1379 2614 1526 2665 αὐτους
1564 2615 1788 2670 λεγομένων

211 2669 275 2713 οἷα
298 2673 473 2724 Πλάτων
493 2672 513 2714 ὁ
535 2673 712 2727 κωμικὸς
743 2673 825 2714 τὸν
846 2677 1019 2728 Δῆμον
1047 2669 1202 2715 αὐτὸν
1230 2672 1440 2728 λέγοντα
1470 2677 1626 2714 ποιεῖ·
1658 2675 1787 2727 λαβοῦ

211 2733 293 2770 κτλ.
355 2729 422 2770 καὶ
452 2728 573 2772 πάλιν
602 2732 844 2772 αἰτοῦντα
873 2731 1089 2784 λεκάνην
1124 2731 1206 2772 καὶ
1243 2729 1424 2784 πτερὸν
1461 2729 1589 2780 ’ὅπως
1619 2728 1783 2786 ἐμέσῃ,

212 2785 395 2840 λέγοντα·
427 2789 684 2840 προσίσταται
705 2792 786 2828 κτλ.
817 2788 884 2829 καὶ
904 2788 1041 2841 βόσκει
1060 2791 1141 2829 κτλ.
1230 2792 1270 2830 3.
1291 2787 1552 2841 προσίσταταί
1576 2802 1654 2840 μοι.
1685 2785 1784 2840 πρὸς

212 2843 254 2883 τὸ
284 2845 411 2896 βῆμα,
447 2846 629 2889 Μαντία.
661 2848 833 2887 Meinek,
866 2848 914 2887 cf.
946 2847 995 2886 fr.
1029 2848 1094 2896 95,
1129 2848 1166 2886 2.
1207 2846 1382 2886 Cobetus
1421 2847 1567 2886 Mnem.
1599 2859 1692 2886 nov.
1723 2845 1786 2885 ῙΠ

220 2903 281 2943 13.
310 2904 359 2942 14
395 2901 587 2957 (λεκάνην
616 2901 763 2955 ταχέως
790 2917 857 2956 μοι
876 2900 1129 2957 προσφερέτω
1150 2917 1208 2951 τις
1228 2901 1295 2942 καὶ
1316 2901 1499 2958 πτερόν·)
1529 2899 1787 2956 προσέρχεταί
