1872 3224
207 235 260 276 68
458 242 461 245 f
853 220 1099 256 KPATINOT

206 336 346 389 γράφει
375 335 504 386 δρᾶμα
535 329 607 381 τὴν
637 327 829 378 Πυτίνην,
861 326 915 372 εἰς
945 320 1070 362 αὑτόν
1099 336 1138 360 τε
1167 319 1235 359 καὶ
1263 317 1337 371 τὴν
1365 316 1510 387 μέθην.
1553 316 1762 388 οἰκονρμΙᾳ.

207 392 250 432 δὲ
293 390 471 443 κέχρηται
513 385 683 439 τοιαύτῃ.
741 383 814 434 τὴν
855 379 1067 435 κωμῳδίαν
1103 374 1123 417 ὃ
1154 380 1346 429 Κρατῖνος
1393 374 1588 444 έπλασατο
1630 378 1762 415 αυτοῦ

206 445 305 488 εἶναι
333 450 500 500 γυναῖκα
530 442 594 482 καὶ
625 439 874 491 ἀφίστασθαι
903 443 974 477 τοῦ
1004 435 1254 475 συνοικεσίου
1276 438 1346 473 τοῦ
1377 431 1455 472 σὺν
1484 437 1596 487 αυτῷ
1622 428 1761 489 θέλειν

205 504 270 544 καὶ
299 499 501 547 κακώσεως
531 497 637 554 αὐτῷ
673 497 788 548 δίκην
826 491 1053 547 λαγχάνειν,
1093 491 1246 542 φίλους-
1274 488 1318 529 δὲ
1354 489 1658 542 παρατυχόντας
1687 494 1775 545 τοῦ·

207 560 399 612 Κρατίνου
430 559 589 597 δεῖσθαι
617 552 741 607 μηδὲν
770 550 958 605 προπετὲς
991 555 1152 600 ποιῆσαι
1181 547 1248 587 καὶ
1277 553 1345 600 τῆς
1377 546 1526 599 ἔχθρας
1555 543 1760 600 ἀνερωτᾶν

205 617 276 667 τὴν
304 610 446 666 αἰτίανρ
477 613 548 665 τὴν
577 611 620 651 δὲ
649 610 876 662 μέμφεσθαι
905 604 1033 662 αὐτῷ,
1065 605 1123 646 ὅτι
1153 604 1207 658 μὴ
1239 604 1445 660 κωμῳδοίη
1475 601 1635 656 μηκέτι,
1666 613 1757 656 σχοφ

203 674 307 721 λα’ζοι
336 670 379 712 δὲ
409 677 455 723 τῆ
484 668 600 723 μέθη.
661 668 912 708 Comoediam
951 666 1077 716 igitur
1114 667 1153 702 et
1189 663 1436 702 Ebrietatem
1474 661 1634 701 fabulae
1670 662 1759 712 per'-

204 745 316 770 sonas
347 714 441 769 95εᾶ
458 729 599 767 voluit.
650 726 798 764 ‘audita
836 723 1062 762 comoediae
1102 722 1280 760 oratione
1320 721 1466 759 amicos
1503 719 1671 760 consilia
1709 718 1759 760 (ἴθ’

204 789 350 837 optima
379 785 562 824 medendi
593 783 743 822 Cratini
782 782 934 820 ratione
968 779 1104 818 iniisse
1142 778 1320 828 conligas
1350 790 1371 815 e
1403 777 1452 818 fr.
1486 777 1580 816 187.
1613 774 1759 827 quibus

204 844 383 882 omnibus
413 844 468 882 ita
496 840 741 891 respondisse
770 838 930 878 videtur
959 836 1158 883 Cratinus,
1190 838 1236 874 ut
1265 835 1367 873 nihil
1398 833 1552 885 egregii
1580 833 1760 884 proferre

202 904 357 950 poetam
385 911 502 949 posse
533 899 689 944 diceret,
720 896 797 934 nisi
825 896 893 944 qui
923 894 1016 933 vino
1046 892 1307 932 incaluisset'.
1338 891 1511 930 Meinek.
1543 890 1564 929 Ι
1593 891 1662 930 48.
1694 896 1705 914 ’·
1751 897 1754 901 ⁴

929 1005 1002 1047 181
1035 1031 1037 1034 <
1330 1011 1349 1035 0

402 1086 497 1131 ἀλλ’
533 1085 833 1142 ἐπανατρέψαι
862 1083 1089 1140 βούλομαί
1114 1095 1200 1126 σου
1229 1081 1312 1126 τὸν
1343 1082 1494 1138 λόγον.

402 1156 621 1211 πρότερον
652 1155 820 1203 ἐκεῖνος
849 1150 960 1207 πρὸς
989 1151 1144 1207 ἑτέραν
1173 1150 1355 1206 γυναῖκ’
1388 1152 1503 1206 ἔχων

400 1223 479 1266 τὸν
508 1225 635 1278 νοῦν,
667 1222 803 1271 κακὰς
833 1224 948 1263 εἴποι
979 1217 1091 1275 πρὸς
1121 1219 1295 1275 ἑτέραν·
1329 1217 1430 1262 ἀλλ’

400 1291 487 1346 ἅμα
516 1291 599 1346 μὲν
627 1288 677 1333 τὸ
704 1292 855 1345 γῆρας,
887 1286 975 1343 ἅμα
1006 1289 1058 1331 δέ
1084 1305 1160 1344 μοι
1191 1289 1320 1332 δοκεῖ

400 1357 605 1402 οὐδέποτ’
637 1356 776 1400 αὐτοῦ
805 1357 1037 1414 πρότερον.

313 1444 437 1483 Schol.
476 1443 599 1481 Arist.
631 1443 702 1491 Eq.
735 1443 818 1481 400
861 1443 953 1491 post
995 1441 1118 1480 verba
1153 1454 1253 1490 quae
1297 1454 1416 1491 supra
1460 1441 1755 1492 exscripsimus.

204 1504 239 1541 1.
269 1497 538 1551 ἐπανατρέψαι
566 1496 783 1550 Bentleius]
817 1494 1126 1549 έπαναστρέψαι.
1159 1495 1440 1549 ἐπαναθρέξαι,
1475 1499 1582 1549 quod
1613 1495 1759 1537 ἐπανα-

202 1555 354 1605 τρέπειν
390 1557 555 1595 verbum
593 1557 644 1595 sit
678 1556 902 1603 insolitum,
935 1556 1128 1594 Fritzsch.
1168 1557 1211 1594 in
1249 1556 1385 1594 libello
1426 1555 1534 1595 acad.
1567 1555 1757 1596 Rostooh.

203 1616 306 1652 1877
338 1627 376 1663 p.
410 1615 473 1660 14,
507 1613 573 1652 sed
610 1613 650 1651 id
687 1625 758 1662 pro
789 1609 992 1650 ἐπανιέναι
1028 1625 1108 1651 non
1156 1613 1271 1651 credo
1308 1612 1492 1663 cuiquam
1530 1613 1757 1652 Atticorum

200 1671 388 1709 usitatum
417 1670 546 1708 fuisse.
577 1669 823 1708 scribendum
846 1682 982 1708 censeo
1012 1664 1116 1707 ἀλλ’
1149 1663 1208 1706 εἷ’
1241 1662 1537 1723 ἀνατρέψαι.
1568 1683 1663 1709 nam
1693 1662 1758 1709 εἷα

200 1740 324 1776 neque
353 1727 394 1764 in
423 1727 661 1765 adhortando
692 1727 815 1765 altero
851 1739 981 1777 neque
1006 1739 1095 1765 cum
1116 1726 1354 1776 imperativo
1375 1727 1505 1766 solum
1526 1728 1757 1778 usurpatur.

200 1783 294 1824 Eur.
326 1783 414 1822 Hel.
448 1784 551 1822 1429
583 1779 668 1821 ἀλλ’
701 1776 775 1832 εἶα,
796 1780 887 1829 τοὺς
914 1781 987 1834 μὲν
1021 1783 1261 1822 Πελοπιδῖον
1292 1780 1345 1822 εἀἷ
1375 1782 1534 1835 νόμους.
1565 1784 1614 1823 de
1643 1783 1759 1825 verbi

199 1835 432 1891 ἀνατρέπειν
462 1838 743 1890 significatione
774 1841 824 1879 cf.
855 1841 1059 1890 Aristoph.
1090 1841 1197 1880 Nub.
1230 1843 1332 1888 901,
1366 1843 1486 1892 atque
1523 1841 1630 1881 haud
1667 1853 1762 1882 raro,

202 1897 255 1935 sic
283 1897 407 1934 Plato.
437 1895 629 1947 βούλομαί
656 1907 728 1934 σου
757 1897 803 1938 L.
834 1897 1013 1936 Dindorf.
1045 1898 1191 1937 Annal.
1220 1898 1414 1940 Fleckeis.
1449 1900 1572 1945 1869,
1595 1899 1693 1940 522.
1714 1894 1761 1954 3]

201 1949 386 2003 βούλομαι
416 1952 482 1999 εἰς.
519 1949 756 2005 βουλόμενος
786 1953 841 2000 εἰς
871 1954 977 1993 Flor.
1056 1956 1093 1993 2.
1125 1952 1316 2007 πρότερον
1347 1956 1469 2007 vulgo
1509 1969 1600 1996 cum
1639 1953 1759 2008 λόγον

201 2010 460 2057 coniunctum,
491 2011 531 2048 in
560 2010 701 2049 Venet.
723 2011 806 2050 464
836 2012 1046 2063 omissum3
1078 2013 1219 2051 melius
1240 2013 1492 2063 interpunxit
1510 2012 1755 2053 Fritzsehius

203 2064 357 2110 Quaest.
381 2067 501 2105 Arist.
530 2067 548 2105 I
578 2068 670 2106 263.
716 2067 956 2107 Fritzschius
984 2069 1045 2107 De
1073 2070 1175 2119 prol.
1202 2083 1241 2120 p.
1267 2071 1319 2108 14
1350 2073 1555 2121 praeterea
1589 2064 1758 2122 χάτέραν

204 2143 253 2148 -
297 2127 427 2168 κακῶς
470 2120 583 2173 κάμοὶ
619 2127 833 2175 προσεῖχεν.
881 2125 1001 2164 verba
1033 2125 1191 2165 >Cratini
1230 2125 1298 2178 (cf.
1343 2127 1448 2167 Mus.
1480 2127 1606 2166 Rhen.
1646 2126 1758 2166 XXX

203 2180 282 2216 413
300 2178 381 2229 sq.)
413 2181 468 2218 sic
496 2181 679 2219 videntur
709 2182 984 2220 constituenda
1758 2211 1761 2214 <

399 2242 482 2284 ἀλλ’
516 2242 564 2286 εἷ’
596 2244 815 2300 ἀνατρέψαι
844 2248 1041 2301 βούλομαί
1067 2261 1141 2290 σου
1172 2248 1245 2290 τὸν
1274 2247 1403 2304 λόγον.

400 2299 584 2355 πρότερον
613 2302 698 2355 μὲν
728 2304 875 2353 ἐκεῖνος
905 2305 1004 2359 πρὸς
1035 2306 1172 2360 ἑτέραν
1200 2305 1362 2361 γυναῖκ’
1396 2307 1497 2360 ἔχων

401 2355 467 2398 τὸν
496 2366 594 2399 νοῦν
625 2359 760 2415 [ὅμως]
792 2359 908 2414 κάμοὶ
939 2360 1188 2418 [προσεχρῆτ’
1219 2364 1309 2420 ἄν’]
1342 2362 1440 2405 ἀλλὰ
1471 2370 1534 2405 νῦ
1542 2381 1568 2405 ν

400 2414 478 2467 ἅμα
507 2414 577 2468 μὲν
608 2417 648 2456 τὸ
678 2425 813 2471 γῆρας,
844 2418 925 2471 ἅμα
955 2419 1000 2460 δέ
1028 2436 1093 2474 μοι
1122 2420 1255 2474 μέθη
1285 2423 1402 2463 δοκεῖ

402 2470 461 2520 ὡς
491 2471 669 2513 οὐδέποτ’
702 2473 825 2515 αὐτοῦ
855 2476 1045 2531 πρότερον
1075 2478 1322 2532 [ἐπικρατεῖν
1349 2477 1480 2534 ὅλως].
1755 2528 1760 2535 ἡ

203 2540 245 2577 in
274 2540 333 2579 his
363 2538 466 2592 μέθη
486 2545 544 2581 est
563 2543 771 2584 Fritzschii
792 2545 950 2591 Quaest.
973 2547 1095 2586 Arist.
1118 2549 1214 2588 263.
1237 2549 1276 2588 4.
1299 2546 1402 2596 ὅλως
1423 2549 1480 2590 sic
1508 2543 1761 2601 saepissimo-‚⁶

208 2596 257 2634 cf.
289 2598 502 2647 Antiphan.
540 2601 612 2647 33,
652 2603 689 2639 5.
730 2603 940 2641 Athenion.
979 2605 1017 2642 2.
1057 2609 1152 2644 sunt
1189 2608 1322 2646 autem
1358 2607 1482 2647 verba
1519 2606 1782 2647 Comoediae.

206 2651 407 2692 Cratinum
451 2656 552 2705 apud
595 2659 736 2698 amicos
777 2660 1021 2710 adcusantis‚
1059 2675 1105 2701 ex
1143 2664 1288 2713 quibus
1326 2677 1429 2703 unus
1469 2662 1577 2715 (σου)
1613 2666 1756 2715 poetae

204 2721 356 2748 causam
386 2714 526 2761 egerat.

419 2877 532 2934 γυνή
564 2878 603 2922 δ’
637 2883 812 2927 ἐκείνου
842 2885 1065 2945 πρότερον
1095 2882 1139 2946 ἦ,
1171 2892 1260 2932 νῦν
1291 2888 1334 2933 δ’
1368 2888 1533 2934 οὐκέτι.
