1872 3224
220 173 305 214 512
826 168 1212 203 ΑΡΙΣΤΟΦΑΝΟΤΣ

222 275 277 324 ὡς
310 307 318 315 .
354 309 360 317 .
396 307 404 315 .
436 274 503 315 καὶ
530 272 821 326 Ἀριστοφάνης
853 271 897 312 ἓν
930 271 1148 325 Προάγωνι
1176 275 1258 311 κτλ.
1305 271 1490 324 σημαίνει
1518 270 1586 312 καὶ
1615 265 1660 311 τὸ
1687 269 1800 324 μόνι-
1856 296 1858 298 v

220 348 308 385 μον.
340 335 390 373 cf.
422 334 524 372 Plat.
549 333 716 371 Phaedr.
743 329 970 400 2423ἤδη
999 329 1223 383 μεσημβρία
1254 328 1408 369 ἵσταται
1437 326 1463 381 ἡ
1495 327 1547 382 δὴ
1576 326 1803 381 καλονμὲνη

221 390 401 438 σταθερά
433 387 644 441 (ὅτε-κατὰ
677 386 862 441 κορυφὴν
893 402 914 427 ο
943 385 1053 439 ἥλιος
1083 387 1235 439 γίνεται
1256 385 1394 442 Tim).
1435 389 1486 427 cf.
1508 387 1675 428 'Ruhnh
1697 387 1803 427 Tim.
1855 380 1872 431 Ξ

223 451 317 487 235.
351 449 522 487 colorem
554 447 753 498 tragicum
783 447 858 486 hoc
888 446 1059 485 maxime
1090 446 1358 497 fragmentum
1390 446 1524 484 habet.
1858 430 1872 486 f:

969 579 1054 623 468

335 665 468 704 Schol.
501 665 665 704 Lucian.
700 665 783 703 140
803 664 933 703 Iacob.
966 659 987 701 ὃ
1016 660 1330 731 Φρυνώνδας
1363 659 1427 702 ἐπὶ
1455 661 1630 716 πονηρίᾳ
1659 662 1804 715 βοᾶται

226 717 423 760 Εὐπόλιδι
455 719 499 760 ἕν
524 713 830 822 Ἀστρατεύτοις,
871 718 1039 772 Δήμοις,
1075 714 1351 770 Ἀριστοφάνει
1392 716 1437 758 δὲ
1470 718 1717 773 Προάγωνι.
1751 720 1801 760 ef.

154 791 158 795 ’
222 780 270 818 sr.
304 772 370 818 26.
422 776 567 830 Eupol.
602 780 796 818 39.127.

970 866 1056 909 469

431 946 483 990 ἐν
514 948 637 1005 πίθῳ
667 945 751 1003 τὴν
782 947 1028 1002 κεραμείαν

337 1030 528 1083 παροιμία
571 1063 580 1071 .
615 1061 623 1070 .
657 1062 665 1070 .
699 1027 762 1069 ἐπὶ
803 1029 883 1069 τῶν
920 1026 990 1077 τὰς
1028 1026 1188 1082 πρώτας
1223 1026 1423 1080 μαθήσεις
1461 1023 1804 1082 ὑπερβαινόντων,

222 1085 459 1139 ἁπτομένων
489 1086 534 1126 δὲ
564 1093 645 1126 τῶν
673 1086 867 1139 μειζόνων
897 1085 965 1126 καὶ
992 1084 1073 1139 ἤδη
1111 1085 1192 1125 τῶν
1229 1083 1487 1139 τελειοτέρων.
1538 1083 1722 1139 κέχρηται
1758 1083 1804 1125 δὲ

222 1143 327 1200 αὐτῆ
352 1142 643 1198 Ἀριστοφάνης
675 1142 720 1184 ἐν
751 1143 989 1197 Προάγωνι.
1029 1144 1160 1186 Schol.
1190 1144 1294 1183 Plat.
1325 1145 1407 1183 322
1438 1144 1607 1184 Bekker.
1655 1143 1803 1185 Zenob.

227 1206 265 1252 3,
299 1205 352 1242 65
384 1206 425 1242 et
455 1203 692 1254 Diogenian.
733 1204 780 1252 2,
814 1204 953 1242 65..
987 1232 996 1240 .
1026 1198 1082 1249 ὦς
1119 1199 1161 1240 εἶ’
1195 1215 1253 1248 τις
1294 1199 1523 1253 μανθάνων
1559 1195 1804 1254 κεραμεύειν,

223 1259 319 1312 πρὶν
349 1262 501 1311 μαθεῖν
529 1258 705 1306 πίνακας
741 1256 770 1311 ἢ
799 1258 894 1298 α’λλο
931 1273 966 1298 τι
1004 1264 1086 1298 τῶν
1123 1263 1279 1311 μικρῶν
1307 1257 1507 1309 πλάττειν,
1538 1257 1650 1312 πίθῳ
1680 1255 1803 1311 ἔγχει-

225 1318 325 1369 ροίη.
358 1319 407 1357 cf.
438 1319 562 1357 etiam
583 1317 759 1368 ‘Gregon
792 1317 915 1368 Gypr.
947 1318 1076 1368 Mosq.
1108 1318 1147 1365 3,
1177 1317 1245 1355 28.
1278 1317 1424 1355 Macar.
1458 1317 1496 1365 3,
1520 1317 1587 1355 90.
1619 1316 1803 1367 Apostol.

227 1378 263 1423 7,
298 1377 364 1414 32.
398 1375 689 1414 Schneidewin.
721 1375 994 1425 Paroemiogr.
1024 1374 1148 1425 praef.
1178 1373 1287 1413 XVI.
1319 1387 1414 1414 usus
1444 1376 1506 1413 est
1535 1373 1650 1413 Plato
1681 1373 1803 1413 Lach.

229 1433 357 1472 1871).
391 1432 516 1483 Gorg.
549 1432 677 1471 514e.

978 1520 1064 1562 470

433 1575 622 1619 άντλιόν

340 1660 824 1709 Bekker.Anecd.411,
861 1662 909 1699 17
941 1656 1280 1712 ἆντλιαιτλητῆρα
1311 1693 1320 1701 .
1353 1692 1362 1701 .
1394 1654 1729 1727 Ἀριστοφάνης
1759 1655 1821 1701 δὲ.

229 1715 443 1770 Προάγωνι
479 1714 545 1756 καὶ
581 1713 793 1764 Ἐπίλυκος
824 1715 1068 1771 Κωραλίσκῳ
1101 1715 1170 1769 (fr.
1198 1714 1243 1770 5)
1280 1714 1324 1756 τὸ
1361 1712 1458 1755 αὐτὸ
1498 1721 1614 1755 τουτο
1642 1711 1806 1756 άντλίον

226 1773 482 1826 κεκλήκασιν.

925 1864 1113 1898 ΣΚΕΤΑῙ

342 1946 403 1986 Cf.
435 1960 536 1997 quae
566 1947 616 1986 ad
647 1946 926 1998 cognominem
956 1946 1137 1987 Platonis
1168 1947 1344 1986 fabulam
1374 1946 1686 1989 adnotavimus:

655 2046 858 2116 ΣΚΗΝΑοΣ
885 2082 1379 2117 ΚΑΤΑΛΑΜΒΑΝΟΤΣΑΙ

342 2163 531 2203 Mulieres
551 2164 895 2214 interpretabatur
921 2163 1179 2204 casaubonus
1199 2164 1365 2215 (Athen.
1381 2164 1421 2213 4,
1439 2164 1495 2203 20
1508 2177 1548 2214 p.
1565 2161 1678 2215 301),
1701 2173 1802 2214 quae

232 2224 276 2259 ut
307 2221 461 2260 faciunt
491 2222 731 2260 mercatores
753 2222 794 2260 in
815 2221 903 2260 foro
924 2223 965 2260 et
986 2222 1059 2260 viis
1080 2221 1253 2272 publicis
1274 2222 1404 2260 locum
1426 2223 1621 2271 occupant
1639 2220 1711 2259 ubi
1731 2231 1804 2273 sua

230 2279 465 2318 umbracula
486 2278 747 2317 constituant.
781 2278 830 2319 cf.
854 2278 1045 2317 Valcken.
1070 2278 1235 2317 Theocr.
1259 2278 1452 2317 Adoniaz.
1475 2291 1513 2328 p.
1537 2278 1634 2316 309.
1665 2279 1804 2316 contra

231 2336 439 2374 Kuehnius
461 2331 584 2388 (Poll.
607 2336 647 2387 8,
671 2332 772 2387 157)
802 2338 844 2374 et
863 2335 1190 2375 Hemsterhusius
1212 2332 1333 2387 (Poll.
1358 2336 1423 2384 10,
1449 2331 1549 2387 106)
1573 2337 1614 2373 et
1633 2347 1724 2374 cum
1745 2334 1816 2387 eis*

230 2393 427 2444 Bergkius
459 2393 506 2431 de
537 2393 774 2431 mulieribus
803 2392 951 2432 theatri
988 2392 1101 2432 sedes
1140 2391 1524 2443 praeoccupantibus
1555 2391 1801 2443 cogitabant.

228 2452 417 2488 neutrum
437 2450 598 2489 videtur
613 2450 775 2500 probari
790 2462 921 2500 posse.
939 2462 1033 2488 nam
1049 2449 1318 2488 mercatores
1307 2462 1350 2487 m
1364 2449 1450 2488 foro
1466 2445 1620 2499 σκηνὰς
1631 2447 1805 2500 ποιοῦσι,

228 2519 310 2545 non
339 2501 712 2572 καταλαμβάνουσι,
745 2507 890 2546 theatri
920 2508 1054 2545 autem
1085 2506 1199 2546 sedes
1227 2516 1449 2556 numquam
1486 2503 1638 2569 σκηναί
1663 2505 1802 2544 dicun-

229 2566 309 2612 tur,
341 2576 392 2602 ne
422 2565 465 2602 in
494 2563 596 2603 Pace
627 2564 790 2614 quidem
813 2564 891 2602 731
924 2564 990 2602 vel
1012 2563 1173 2603 Thesm.
1198 2563 1294 2602 658.
1317 2562 1413 2612 quid
1435 2562 1488 2601 sit
1508 2554 1664 2612 σκηνὴν
1683 2574 1801 2600 κατα·

229 2618 450 2671 λαμβάνειν
479 2621 565 2670 ipse
596 2621 711 2660 docet
740 2621 1030 2670 Aristophanes
1050 2620 1142 2659 Pac.
1166 2620 1251 2659 880
1279 2618 1335 2665 εἰς
1355 2616 1554 2669 Ἴσθμια.
1614 2615 1803 2669 ,σκηνὴν

230 2674 535 2728 καταλαμβάνω,
568 2678 638 2716 ubi
668 2678 794 2717 schol.
827 2676 900 2715 RV
931 2675 972 2714 οἵ
997 2674 1072 2728 γὰρ
1102 2673 1289 2722 θέλοντες
1319 2677 1492 2726 θεωρεῖν
1526 2675 1800 2727 προκαταλαμ-

230 2731 428 2784 βάνουσιν
466 2730 621 2780 ἑαυτοῖς
659 2731 805 2780 τόπους
844 2763 853 2772 .
886 2761 895 2771 .
929 2762 938 2772 .
977 2730 1109 2778 πάσας
1146 2729 1191 2771 δὲ
1230 2727 1299 2778 τὰς
1335 2730 1580 2784 πανηγύρεις
1625 2729 1801 2783 θεωρίας

232 2787 412 2829 ἐκάλουν.
464 2793 518 2828 et
533 2789 634 2829 Ven.
666 2788 761 2837 ἔθος
791 2794 839 2844 τῇ
868 2803 1087 2841 πανηγυρει
1118 2794 1199 2828 τῶν
1223 2785 1416 2838 Ἰσθμίων
1450 2786 1651 2840 πρόπαλαι
1678 2802 1797 2826 κατα-

231 2843 452 2897 λαμβάνειν
488 2843 557 2892 τὰς
588 2845 739 2897 σκηνας
780 2846 824 2898 (i.
855 2860 889 2886 e.
920 2847 1052 2886 locum
1087 2845 1272 2886 tentoriis
1308 2843 1513 2899 idoneum)
1554 2847 1636 2892 τοῖς
1672 2857 1798 2894 πανη-
