1872 3224
247 228 326 271 162
835 213 1200 253 ΦΕΡΕΚΡΑΤΟΤΣ

995 317 1050 360 64

358 384 469 463 κᾷτα
498 403 782 459 μυροπωλεῖν
811 401 857 442 τί
884 393 1076 441 παθόντ’
1110 391 1242 450 ἄνδρ’
1277 392 1417 448 ἐχρῆν
1447 388 1712 447 καθήμενον
1753 381 1761 390 ”

357 473 538 530 ὑψηλαῖς
567 470 658 514 ὑπὸ
690 468 916 523 σκιαδείῳ,
948 462 1367 517 κατεσκευασμένον

358 542 598 596 συνέδριον
628 544 720 588 τοῖς
749 535 995 592 μειρακίοις
1028 533 1236 576 ἐλλαλεῖν
1267 528 1331 572 δι’
1360 525 1552 585 ἡμέραςς

1011 603 1031 625 ²1*

819 637 839 660 ak
1204 633 1225 655 {t

360 664 505 723 αὐτίκ’
538 669 687 725 οὐδεὶς
716 671 822 717 οὐδὲ
852 672 1144 728 μαγείραιναν
1175 665 1267 711 εἶδε
1297 665 1494 722 πώποτε,

312 759 332 790 5
363 743 462 791 ἀλλ’
495 744 549 788 οὐ
579 742 668 800 μὴν
699 740 796 785 οὐδ’
831 738 1215 796 ἰχθυοπώλαιναν.

360 843 589 882 Athenaeus
622 840 685 887 13,
721 838 853 877 612a:
886 832 1134 887 Φερεκράτης
1166 829 1210 871 ἐν
1235 827 1356 885 Ἰπνῷ
1385 826 1414 882 ἢ
1444 826 1676 881 Παννυχίδι
1695 825 1813 882 φησί·

247 896 347 940 κᾶτα
377 922 431 928 -
462 894 622 949 ἡμέρας.
681 888 757 934 εἶθ’
800 891 888 944 ἑξῆς
928 890 1054 942 φησίν
1090 881 1220 929 αὐτίκ’
1264 885 1395 935 οὐδεὶς
1426 889 1507 927 κτλ.
1558 881 1711 941 ἑκάστῳ
1737 881 1816 939 γὰρ

249 942 353 1011 γε’νει
381 953 597 1008 ἁρμόζοντα
627 951 713 991 δεῖν
742 945 844 990 εἶναι
873 947 939 988 καὶ
969 946 1015 987 τὰ
1047 952 1115 999 τῆς
1153 944 1304 998 τέχνης.
1395 947 1431 984 1.
1464 937 1568 1000 κᾷτα
1595 959 1637 997 μ.
1668 943 1815 994 Caenu-
1866 949 1872 980 t

251 1012 356 1066 bon.]
402 1026 542 1063 καταμ.
586 1004 762 1048 παθόντ’
806 1004 950 1059 Dobr.]
993 1001 1167 1057 μαθόντ’
1216 1004 1266 1044 Α.
1304 998 1424 1055 ἄνδρ’
1466 1000 1588 1055 ἐχρῆν
1633 1000 1814 1041 ffifurdt.
1868 1003 1872 1034 'T

251 1072 330 1111 Obs
354 1067 467 1122 ,444]
499 1065 553 1106 ἂν
582 1063 626 1105 δὲ
655 1070 755 1117 χρῆν
774 1064 823 1106 A.
855 1063 894 1102 τί
919 1058 1117 1113 πάθοντ’;
1149 1058 1202 1100 ὅὶν
1232 1058 1276 1099 δὲ
1306 1059 1380 1115 χρῇ
1417 1059 1541 1100 Dobr.
1632 1059 1672 1100 2.
1701 1066 1813 1097 σκια-
1868 1094 1872 1095 ⁷

249 1126 339 1180 δείῳ
369 1122 553 1177 Erfurdt]
585 1122 762 1177 σκιαδίῳ.
852 1123 889 1160 3.
922 1123 1001 1166 τοῖς
1031 1121 1172 1159 Herm.
1194 1118 1258 1158 El.
1281 1118 1408 1157 doctr.
1431 1130 1484 1156 m.
1507 1113 1605 1170 580]
1638 1108 1690 1155 οὗ
1719 1116 1814 1163 τοῖς.

248 1182 420 1223 ἐλλαλεῖν
449 1178 585 1233 Dobr.]
618 1178 756 1219 ἐλάλει.
845 1180 882 1217 5.
914 1171 999 1216 ἀλλ’
1033 1178 1121 1218 add.
1152 1177 1201 1216 K.
1235 1176 1338 1216 conl.
1373 1175 1490 1220 Hom.
1531 1174 1580 1213 Il.
1611 1174 1688 1223 23,
1719 1172 1816 1213 441.

250 1242 297 1280 de
327 1242 540 1290 anapaesto
571 1239 733 1276 alterius
762 1236 868 1275 basis
898 1249 936 1275 v.
962 1237 982 1272 1
1015 1235 1065 1276 cf.
1097 1234 1246 1273 Cratin.
1269 1233 1336 1284 98,
1358 1233 1398 1272 8.
1429 1232 1578 1271 Athen.
1609 1231 1676 1280 15,
1698 1229 1814 1271 68⁷⁸

251 1295 391 1336 Σόλων
413 1326 422 1335 .
446 1327 453 1335 .
479 1328 487 1335 .
510 1292 574 1333 διὰ
608 1299 687 1333 τῶν
716 1289 849 1344 νόμων
877 1290 1079 1331 κεκώλυκε
1109 1283 1223 1338 τοὺς
1254 1287 1444 1341 ἄνδρας
1465 1289 1732 1341 μυροπωλεῖν.
1755 1307 1812 1315 -

248 1349 714 1403 κατεσκευασμένον
742 1350 996 1401 participium
1026 1349 1147 1388 medii
1179 1350 1253 1388 est.
1291 1347 1396 1387 Plat.
1427 1346 1540 1386 Prot.
1571 1345 1691 1385 317d
1719 1338 1815 1398 βού-

254 1413 371 1450 λεσθε
409 1404 483 1448 οὖν
519 1406 729 1460 συνέδριον
757 1402 1131 1457 κατασκευάσωμεν,
1171 1403 1240 1444 ’ἵνα
1271 1401 1532 1454 καθεζόμενοι
1561 1398 1816 1455 διαλέγησθε.

255 1469 301 1507 de
333 1465 505 1506 ἐλλαλεῖν
535 1467 583 1505 cf.
616 1479 715 1516 quae
745 1465 794 1504 acl
814 1465 1021 1514 Aristoph.
1046 1463 1122 1503 Av.
1147 1464 1199 1502 38
1231 1461 1436 1511 adnotavi,
1469 1461 1516 1500 de
1536 1455 1681 1499 αὐτίκα
1699 1459 1818 1500 veluti

256 1526 386 1564 statim
425 1524 520 1562 ibid.
556 1525 645 1562 166.
676 1520 933 1574 μαγείραιναν
965 1523 1002 1560 et
1047 1518 1377 1571 ἰχθυοπώλαιναν
1407 1519 1553 1558 comice
1582 1517 1695 1558 fictas
1731 1528 1818 1557 esse

251 1581 532 1620 animadvertit
551 1580 721 1620 Meinek.
749 1579 786 1617 V
808 1581 873 1618 27.
905 1592 951 1617 ex
971 1578 1156 1628 parabasi
1185 1577 1271 1617 sine
1292 1576 1414 1616 dubio
1445 1576 1520 1615 hoc
1548 1575 1833 1627 fragmentum!

254 1640 483 1687 excerptum
514 1639 583 1684 est,
618 1636 819 1675 simillima
841 1636 998 1675 Thesm.
1023 1635 1102 1674 785
1120 1648 1179 1685 sq.
1239 1634 1408 1674 laudant
1427 1646 1468 1673 se
1489 1633 1597 1684 ipsae
1617 1631 1816 1681 mulieres,

259 1694 364 1744 quod
393 1694 488 1744 quid
516 1706 639 1744 genus
678 1693 870 1732 muliebre
910 1695 950 1731 et
988 1693 1103 1732 virile
1141 1693 1280 1731 deceat
1314 1691 1444 1730 multo
1473 1690 1617 1730 melius
1654 1689 1819 1730 teneant
1850 1690 1852 1694 ’

258 1751 369 1791 viris.
427 1763 471 1789 ac
500 1751 641 1790 chorus
671 1750 881 1789 mulierum
913 1747 1142 1800 Παννυχίδι
1172 1750 1321 1800 optime
1352 1748 1554 1788 convenit.

1003 1884 1058 1926 65

540 1960 794 2018 ὑποζυγίοις
824 1960 1062 2006 άλοάσαντ’
1097 1960 1239 2013 εὐθὺς
1271 1962 1523 2017 ἐκπονῆσαι.

365 2046 533 2087 Bekker.
565 2047 716 2086 Anecd.
757 2047 850 2096 379,
884 2047 936 2086 28
981 2042 1223 2085 άλοάσαντα·
1270 2044 1315 2084 ἐν
1352 2050 1406 2100 τῷ
1442 2044 1468 2084 ἆ
1505 2040 1692 2098 (ridicule
1731 2042 1818 2085 cod.

258 2099 414 2156 πρώτῳ,
445 2105 491 2141 ut
518 2116 589 2153 pro
619 2105 648 2153 ἧ
675 2104 779 2142 infra
809 2099 967 2156 ὀγδόῳ).
1010 2101 1261 2155 Φερεκράτης
1279 2101 1407 2156 Ἴπνῳ
1444 2103 1528 2141 κτλ.
1557 2093 1602 2140 τὸ
1637 2096 1683 2139 δὲ
1721 2109 1819 2152 συγ-

259 2155 388 2208 κόψαι
417 2161 583 2211 πληγαῖς
613 2156 777 2210 ἀλοῆσαι
812 2158 856 2198 ἐν
895 2165 948 2214 τῷ
977 2163 1015 2211 ἧ.
1048 2161 1098 2199 cf.
1131 2161 1273 2200 Suidas
1310 2156 1492 2199 άλοάων*
1531 2157 1688 2197 ἵππον
1721 2152 1819 2196 ὑπο-

259 2213 390 2267 ζύγιον
420 2238 472 2243 —
504 2213 728 2267 ἔκποιῆσαι,
766 2218 790 2255 i.
830 2230 861 2259 e.
895 2213 1025 2270 Ἰπνῷ.
1073 2219 1191 2267 atque
1227 2218 1266 2256 A
1304 2215 1450 2256 ἵπποι.
1510 2218 1683 2255 metrum
1720 2213 1819 2254 Mei-

257 2273 396 2312 nekius
427 2273 615 2312 indicavit
654 2287 737 2313 esse
772 2274 1082 2322 Archilochium,
1120 2275 1361 2314 sententiam
1399 2273 1659 2322 ‘frumentum
1694 2275 1814 2312 terere

257 2331 462 2378 tritumque
503 2332 633 2369 statim
669 2332 867 2379 vendere',
901 2345 979 2381 qua
1008 2332 1172 2370 notione
1205 2329 1381 2370 ἐκποιεῖν
1416 2330 1522 2381 apud
1552 2329 1710 2369 Atffioos
1739 2327 1821 2379 legi

259 2398 338 2424 non
368 2387 495 2437 magis
525 2387 686 2426 memini
715 2401 832 2437 quam
862 2388 1067 2428 Herwerd.
1098 2387 1193 2428 Obs.
1225 2389 1312 2430 crit.
1345 2390 1382 2437 9,
1414 2389 1483 2438 qui
1514 2384 1743 2438 ἐμπολῆσαι.
1797 2427 1800 2430 ⁴

1013 2522 1067 2564 66

371 2599 501 2640 Schol.
523 2601 724 2653 Aristoph.
747 2603 837 2642 Pac.
863 2605 969 2642 1242
1002 2601 1242 2655 μνημονεύει
1273 2601 1315 2643 δὲ
1348 2598 1599 2656 Φερεκράτης
1631 2599 1676 2642 ἐν
1708 2602 1820 2641 Παν-

263 2654 392 2706 νυχίδι
421 2662 513 2696 τῶν
541 2658 795 2710 κυμβείων
824 2660 908 2699 καὶ
939 2666 1023 2700 τοῦ
1052 2658 1302 2700 κατάκτου
1332 2659 1595 2712 κοττάβου.
1766 2657 1773 2663 ’

905 2796 1160 2831 ΚΟΡΙΑΝΝΩ

370 2883 596 2924 Athenaeus
637 2887 706 2935 13,
751 2887 831 2926 567
851 2899 870 2926 c
907 2880 1030 2927 πολλοὶ
1068 2886 1247 2941 δράματα
1283 2884 1361 2927 άπὸ
1405 2885 1576 2940 ἑταιρῶν
1619 2883 1706 2938 ἔσχε
1743 2881 1812 2934 τὰς
