1872 3224
774 186 1074 224 ΓΗΡΤΤΑΔΗΣ
1612 201 1696 243 429

113 281 170 323 „ol
193 280 330 323 λεπτοὶ
361 281 429 323 καὶ
459 284 591 337 ἰσχνοί
597 316 608 338 ,
639 287 706 328 καὶ
727 287 843 344 ἐγγὺς
864 291 1047 334 θανάτου
1068 293 1195 345 ὅντες.
1227 300 1274 339 de
1297 302 1436 342 Meleto
1458 305 1507 343 cf.
1531 306 1577 344 fr.
1605 309 1679 345 114

126 340 176 380 de
208 340 366 382 Ginesia
394 342 578 384 Pherecr.
613 347 714 398 145,
737 350 783 398 8,
816 351 862 389 de
892 352 1141 404 Sannyrione
1171 358 1318 397 comico
1350 360 1518 401 Meinek.
1549 362 1567 401 Ι
1600 339 1694 403 262ἂῖ

878 476 953 517 151

333 550 390 589 Α.
423 547 499 590 καὶ
529 552 624 601 πῶς
656 549 742 606 ἐγώ
775 554 1012 598 Σθενέλου
1043 557 1229 616 φάγοιμ’
1262 559 1319 604 ἄν
1350 563 1542 619 ῥήματα;

332 618 383 659 Β.
418 617 482 668 εἰς
512 616 613 670 ὅξος
644 620 982 679 ἐμβαπτόμενος
1011 621 1039 682 ἦ
1070 627 1231 683 ξηροὺς
1261 628 1379 681 ἅλας.

241 710 371 751 Schol.
408 712 530 776 Vcsp.
567 717 675 754 1312
716 714 917 766 Σθένελος
951 717 995 758 δὲ
1026 712 1227 774 τραγικός,
1266 722 1309 772 ὃς
1348 725 1412 764 διὰ
1444 728 1587 768 πενίαν
1619 728 1691 782 τὴν

8 766 14 781 ³
55 792 73 810 ,Α
123 765 318 821 τραγικὴν
349 779 500 821 σκευην
527 767 697 812 ἀπέδοτο
727 780 862 823 κακῶς
892 777 1077 826 πράττων
1107 778 1151 819 ἐν
1181 786 1227 836 τῇ
1257 780 1382 837 τέχνῃ.
1433 784 1521 836 περὶ
1551 784 1690 827 τούτου

121 822 340 878 γέγραπται
369 825 414 867 ἐν
445 829 662 884 Γηρυτάδῃ
690 834 770 871 κτλ.
802 827 918 881 οὗτος
950 831 989 873 δ’
1023 833 1202 877 ἐλαύνων
1233 836 1295 878 ε’πὶ
1326 843 1406 887 τοῖς
1437 842 1601 892 τείχεσιν
1631 842 1689 883 ἕν-

122 881 383 952 δεικνύμενος
423 883 645 939 διεχλεύαζε
685 886 1031 946 (διεχλευάζετοῖ).
1083 894 1313 937 Athenaeus
1351 900 1552 946 9„367b
1583 897 1692 940 ἆλῶν

121 940 168 980 δε
197 940 265 982 καὶ
294 940 415 992 όξους
445 943 640 997 μέμνηται
669 940 689 985 ὁ
719 942 837 995 καλὸς
865 945 1230 1001 Ἀριστοφάνηςέν
1259 958 1340 1002 τοῖς
1371 954 1457 1007 περὶ
1488 955 1691 997 Σθενέλου

121 1000 194 1038 τοῦ
223 1005 416 1054 τραγικοῦ
449 1000 574 1055 λέγων
604 1006 684 1043 κτλ.
736 1019 774 1046 v.
798 1007 821 1044 2
854 1007 973 1046 etiam
1003 1008 1146 1048 Pollux
1178 1012 1214 1059 6,
1249 1013 1315 1053 65.
1356 1011 1512 1064 ῥήματα
1544 1014 1689 1068 Schol.]

121 1055 230 1110 ῥῆμα
268 1060 307 1098 Α
344 1060 496 1103 Athen.
549 1059 693 1115 ξηροὺς
733 1062 882 1117 Schol.]
924 1063 1090 1113 λευκούς
1128 1067 1272 1108 Athen.
1334 1068 1497 1117 λεπτοὺς
1535 1071 1688 1112 Pollux.

123 1115 422 1168 conloquuntur
450 1120 584 1159 nescio
614 1121 694 1171 qui,
728 1123 774 1160 ut
803 1122 846 1160 in
866 1122 988 1162 Ranis
1009 1123 1186 1165 Bacchus
1208 1128 1248 1165 et
1268 1126 1470 1176 Hercules,
1503 1128 1550 1167 de
1570 1131 1689 1181 tragi-

124 1185 264 1214 corum
293 1176 514 1216 virtutibus
544 1179 587 1216 et
615 1178 738 1218 vitiis.
770 1192 871 1229 quae
897 1180 945 1219 de
972 1180 1148 1221 Sthenelo
1176 1182 1399 1233 Vesparum
1428 1185 1576 1225 scholia
1602 1200 1690 1225 nar-

119 1233 232 1281 rant,
274 1232 446 1274 fortasse
488 1248 509 1274 e
544 1234 747 1286 Gerytade
788 1236 854 1289 (cf.
883 1237 960 1277 Av.
994 1240 1100 1278 1127
1112 1238 1190 1290 sq.)
1219 1241 1431 1281 fluxerunt.
1482 1243 1531 1282 cf.
1564 1244 1612 1282 de
1642 1257 1688 1283 eo

123 1288 289 1341 interpr.
320 1290 444 1343 Vesp.
469 1293 579 1332 1312
611 1297 653 1332 et
683 1293 782 1333 Plat.
816 1294 864 1334 fr.
899 1296 992 1335 128.
1447 1304 1459 1315 ’

875 1419 957 1462 152

325 1497 431 1541 τότε
460 1496 545 1554 μὲν
576 1531 585 1541 .
621 1532 629 1541 .
665 1532 674 1541 .
708 1509 793 1541 σου
824 1498 1192 1555 κατεκοττάβιζον
1223 1497 1294 1556 ἄν,

327 1566 436 1609 νυνὶ
467 1564 518 1610 δέ
549 1577 636 1609 σου
667 1570 934 1623 κατεμοῦσι,
966 1568 1077 1624 τάχα
1107 1567 1151 1611 δ’
1187 1564 1238 1612 εὖ
1270 1565 1340 1612 οἶδ
1349 1569 1359 1585 ’
1391 1570 1459 1613 ὅτι

327 1633 404 1677 καὶ
434 1634 769 1691 καταχὲσονται.

232 1718 378 1758 Pollux
410 1721 448 1770 6,
482 1722 560 1759 111
594 1716 641 1759 οὐ
671 1717 746 1772 μὲν
775 1718 880 1760 εἴποι
910 1717 964 1761 ἄν
994 1736 1050 1768 τις
1082 1715 1124 1760 τὸ
1155 1722 1394 1774 κοτταβίζειν
1425 1719 1492 1772 ἐφ’
1526 1717 1576 1762 οὗ
1597 1729 1687 1774 νῦν,

115 1770 221 1815 ἄλλα
254 1773 364 1828 ἐμεῖν
392 1773 421 1829 ἢ
449 1773 700 1828 ἀποβλύζειν.
747 1775 853 1829 πλὴν
881 1779 924 1819 εἴ
949 1793 1008 1826 τις
1039 1778 1190 1827 παίζων
1218 1778 1402 1832 βούλοιτο
1433 1777 1560 1827 οὕτως
1590 1775 1684 1819 ὑπο-

115 1832 280 1874 πτεύειν
309 1832 352 1873 τὸ
383 1832 428 1874 ἐν
458 1839 510 1890 τῷ
532 1833 746 1890 Γηρυτάδῃ
775 1831 846 1874 ὑπ’
868 1833 1178 1888 Ἀριστοφάνους
1199 1835 1404 1888 εἰρημένον
1423 1839 1503 1876 κτλ.
1565 1840 1601 1876 1.
1630 1836 1686 1876 ἅν

115 1893 157 1931 et
178 1894 203 1931 2
233 1901 306 1931 σου
337 1893 433 1932 add*
451 1893 659 1944 Bergkius.
689 1894 824 1943 potuit
848 1895 968 1933 etiam
989 1894 1107 1933 scribi
1138 1892 1231 1932 νυνὶ
1257 1891 1299 1932 δ’
1323 1890 1506 1945 ἀμέλει.
1537 1895 1579 1933 in
1599 1908 1637 1934 v.
1663 1898 1682 1933 1

115 1952 324 1999 praeterea
355 1947 531 1989 Διόνυσε
560 1953 654 2001 post
672 1947 747 2001 μέν
776 1951 971 2002 Bergkius
1001 1952 1158 1999 inserit,
1189 1948 1279 2003 γάρ,
1309 1945 1342 1990 ὦ
1369 1947 1455 1989 ’τάν
1475 1951 1680 1990 Herwerd.

116 2007 221 2048 Nov.
244 2008 335 2047 add.
355 2007 443 2046 crit.
468 2009 532 2047 16.
583 2008 783 2047 Bacchum
803 2008 994 2059 adpellari
1015 2021 1096 2046 non
1117 2009 1364 2058 inprobabile
1393 2011 1474 2058 est;
1507 2011 1683 2047 attamen

78 2101 80 2103 ,
115 2067 163 2105 ut
199 2066 242 2104 in
281 2065 401 2104 Ranis
440 2065 589 2104 iterum
630 2079 719 2104 eum
759 2066 799 2104 in
837 2065 1037 2116 Gerytade
1075 2066 1117 2104 in
1147 2078 1328 2105 scaenam
1358 2066 1563 2104 inductum
1594 2078 1680 2104 esse

114 2135 196 2162 non
227 2123 358 2162 credo.
389 2123 524 2172 itaque
555 2123 723 2162 fortasse
753 2119 988 2175 τάλαινα,
1018 2123 1045 2162 i.
1077 2136 1108 2161 e.
1140 2123 1288 2162 Poesis.
1327 2126 1503 2162 extrema
1533 2122 1585 2161 ad
1614 2122 1680 2160 Ci-

114 2181 270 2221 nesiam
299 2180 502 2231 pertinere
533 2180 731 2232 Bergkius
762 2181 927 2220 monuit.
961 2181 1012 2220 cf.
1044 2180 1142 2219 Ran.
1166 2181 1247 2219 366
1277 2182 1318 2219 et
1347 2182 1414 2221 95.

869 2305 950 2349 153

323 2384 376 2430 ἐν
405 2374 521 2430 τοῖσι
552 2384 844 2436 συνδείπνοις
875 2385 1075 2429 ἐπαινῶν
1103 2383 1332 2440 Αἰσχύλον

230 2471 462 2511 Athenaeus
493 2472 540 2520 8,
564 2470 682 2510 365b
710 2465 999 2523 Ἀριστοφάνης
1030 2466 1256 2522 Γηρυτάδῃ.
1289 2469 1387 2505 τοῖσι
1408 2462 1557 2518 Dindf.]
1590 2467 1681 2512 τοῖς.

0 2506 2 2508 ’
42 2560 44 2563 .
117 2528 169 2568 ef.
198 2529 308 2568 Ναὶ).
343 2530 466 2569 1365.
491 2530 527 2570 6.

869 2604 950 2647 154

323 2684 554 2743 θεράπευε
585 2685 660 2728 καὶ
690 2684 872 2741 χόρταζε
901 2686 994 2726 τῶν
1023 2680 1274 2739 μονῳδιῶν.

232 2771 464 2810 Athenaeus
497 2773 536 2820 3,
569 2769 651 2808 99f
674 2765 961 2820 Ἀριστοφάνης
993 2764 1036 2805 ἕν
1066 2763 1291 2818 Γηρυτάδῃ.
1330 2764 1475 2815 aliquis
1506 2777 1552 2802 ex
1576 2764 1678 2802 anti-

116 2828 206 2878 qm‘s
237 2829 391 2879 poetis,
425 2829 592 2868 fortasse
622 2826 856 2876 Euripides,
889 2838 1012 2863 unum
1044 2837 1090 2862 ex
1119 2822 1419 2869 recentioribus,
1451 2821 1570 2860 nimis
1600 2834 1677 2859 ma-

117 2886 307 2925 cilentum
339 2887 502 2925 iubetur
522 2884 722 2924 monodiis
743 2884 824 2923 suis
845 2895 983 2921 curare
1005 2883 1045 2920 et
1064 2880 1229 2918 firmare.
1261 2879 1309 2918 cf.
1333 2878 1677 2918 Ran.939—944.
