1872 3224
621 167 887 206 ΑΝΑΓΤΡΟΣ
913 173 1220 214 ΒΑΒΤΛῼΝΙΟΙ
1615 188 1697 231 407

88 278 248 323 ,quom
276 269 512 342 Dinfforiius
542 273 807 344 huc'rettulit
837 292 992 320 versum
1032 282 1074 322 in
1111 283 1244 336 Etym.
1283 301 1335 328 m.
1369 290 1469 337 677,
1503 292 1557 331 40
1587 293 1694 343 περί-

77 326 204 376 ῇες
234 337 390 384 σεαυτῳ
422 343 492 368 τον
522 345 686 400 πνιγεα,
717 348 751 375 is
781 349 860 375 non
891 338 941 377 ad
972 352 1137 393 equum,
1169 343 1236 382 sed
1266 345 1315 384 ad
1346 345 1545 388 hominem
1576 352 1694 400 porti-

78 399 97 453 ᾖ.
125 384 254 427 nebat
280 388 324 428 et
351 386 524 440 figurate
556 393 807 442 accipiendus
838 397 908 435 est.

897 484 950 527 61

333 530 566 591 ὑφόλμιον

57 637 60 639 Δ
125 639 193 725 ΙῘΟ,
231 608 514 717 ἶὶὶίῧπόθημα
545 626 617 661 τοῦ
648 619 794 675 ὅλμον,
827 620 881 672 ὡς
909 622 1196 681 Ἀριστοφάνης
1228 628 1270 670 ἐν
1295 628 1510 688 Ἀναγύρῳ.
1552 635 1691 676 Pollux

38 747 40 750 ,
59 759 61 762 ⁴
77 753 82 766 ÷
895 738 950 781 62

331 785 417 846 την
449 789 658 850 ψήκτραν

43 935 45 938 Ι
234 869 528 943 Ἀριστοφάνης
560 873 605 915 ἐν
631 873 834 932 Ἀναγύρῳ
865 877 1035 932 εἴρηκεν.
1088 881 1230 922 Pollux
1264 887 1326 934 10,
1359 887 1424 925 55.
1456 887 1503 928 cf.
1537 888 1583 927 fr.
1615 890 1682 936 42,

67 951 69 953 ·
121 943 296 984 quocum
327 940 512 986 ψηκτρας
545 938 870 977 commemoratio
900 938 1099 978 artissime
1129 941 1340 980 coniuncta
1369 946 1464 983 erat.

891 1049 946 1092 63

325 1125 428 1171 ἀλλ’
459 1126 710 1185 Ἀριφράδη
741 1129 926 1173 δέδοικα
955 1130 1014 1187 μή
1048 1129 1102 1173 τοὶ
1133 1132 1372 1187 πράγματα

324 1191 455 1253 ἡμῶν
487 1196 744 1256 διακναίσῃ.

231 1281 371 1333 Etym.
409 1280 512 1321 Gud.
546 1282 648 1331 330,
688 1284 740 1322 52
779 1280 1041 1335 παραιτητέον
1084 1280 1128 1323 δὲ
1174 1279 1273 1332 τοὺς
1303 1283 1529 1337 γράφοντας
1570 1301 1685 1326 κατα·

116 1338 347 1390 κ’νησθείην
384 1339 478 1391 (Eq.
511 1339 609 1391 768)
658 1339 772 1392 περί
816 1355 862 1380 τε
905 1337 1294 1394 Ἀριστοφάνους
1339 1337 1683 1395 ἀναγνώσεως·

112 1391 234 1436 ἄλλα
278 1395 439 1450 ῤ’ίμφα
483 1394 688 1436 δέδοικα
727 1389 787 1450 μὴ
817 1396 872 1436 τὰ
916 1392 1176 1450 πράγματα
1217 1396 1355 1450 ἡμῶν
1401 1399 1682 1452 διακνήσει.

114 1460 161 1494 ex
191 1454 253 1494 his
295 1455 458 1506 egregie
495 1454 704 1496 Dobraeus
745 1456 913 1496 Advers.
954 1455 995 1494 II
1033 1456 1112 1496 259
1152 1458 1376 1496 enucleavit
1412 1457 1518 1510 παρά
1556 1472 1595 1497 τε
1627 1463 1680 1513 τῷ

109 1507 389 1564 Ἀριστοφάνει
415 1509 621 1567 Ἀναγύρῳ
651 1515 748 1564 κτλ.,
779 1527 879 1564 quae
909 1527 1028 1564 supra
1046 1515 1399 1565 transscripsimus.
1432 1527 1519 1554 cum
1548 1517 1682 1555 tamen

113 1569 266 1610 incerta
296 1571 351 1610 sit
381 1571 626 1618 emendatio,
668 1573 842 1611 extremo
881 1572 967 1611 loco
1007 1571 1274 1623 fragmentum
1310 1573 1438 1622 posui.
1477 1573 1592 1613 initio
1622 1587 1682 1613 re-

113 1627 217 1668 ctius
248 1628 419 1668 fortasse
449 1625 583 1680 ὥσπερ
614 1626 680 1667 καὶ
711 1626 755 1667 ἐν
781 1624 861 1681 Ἀρ.
890 1624 1024 1679 Ἀναγ.
1056 1629 1103 1668 de
1133 1628 1357 1678 Ariphrade
1386 1630 1435 1668 cf.
1466 1630 1539 1681 Eq.
1576 1631 1676 1670 1281

113 1686 156 1725 e't
184 1698 286 1736 quae
317 1686 599 1726 adnotavimus
631 1687 681 1725 ad
712 1700 750 1726 v.
786 1687 907 1726 1276.

223 1766 289 1806 Ad
319 1767 555 1818 Anagyrum
585 1766 756 1806 fortasse
785 1767 962 1817 pertinet
991 1767 1057 1806 fr„
1076 1767 1168 1805 736.
1222 1779 1379 1805 versum
1410 1766 1677 1816 Eupolideum

110 1836 232 1875 quem
263 1824 519 1876 Musgravius
549 1824 701 1875 primus
731 1826 872 1874 poetae
901 1824 1068 1863 alicuius
1100 1836 1184 1863 esse
1214 1823 1368 1863 monuit
1406 1826 1447 1862 et
1485 1836 1530 1862 ex
1558 1837 1677 1874 para—

110 1881 199 1924 basi
228 1881 389 1921 fabulae
418 1881 617 1932 Bergkius
648 1881 820 1931 petitum
850 1894 936 1920 esse
965 1881 1135 1931 putabat

346 1957 453 2015 (καὶ)
481 1958 735 2012 παχυσκελὴς
765 1955 915 2013 άλετρὶς
946 1957 1042 2012 πρὸς
1072 1955 1200 2011 μύλην
1230 1956 1462 2010 κινουμένη,

107 2055 200 2082 eum
229 2054 319 2081 cum
338 2041 651 2092 wyttenbachio
682 2041 921 2080 Fritzschius
952 2036 1042 2094 (καί
1067 2040 1277 2079 Plutarcho
1309 2039 1494 2091 reddens)
1517 2041 1668 2080 incerto

106 2101 250 2151 poetae
280 2099 425 2139 tribuit
454 2099 614 2150 Fragm.
646 2112 683 2139 V.
714 2098 816 2149 Eup.
850 2110 999 2138 consor.
1035 2098 1099 2137 18.

743 2210 1051 2245 ΒΑΒΥΛΩΝΙΟῙ

222 2298 327 2336 Acta
357 2297 420 2335 est
448 2294 572 2333 Eucle
605 2294 814 2340 archonte,
849 2291 911 2332 Ol.
945 2293 1010 2339 88,
1046 2293 1069 2330 2
1102 2289 1145 2330 ἐν
1173 2289 1294 2330 ἄστει.
1337 2291 1478 2330 Suidas
1510 2289 1674 2340 Σαμίων

107 2349 128 2393 ὃ
159 2353 302 2406 δῆμος·
346 2349 439 2399 τούς
477 2348 522 2389 δὲ
554 2349 839 2401 Βαβυλωνίους
878 2347 1032 2397 ἐδίδαξε
1070 2346 1135 2387 διὰ
1174 2345 1547 2398 Καλλιστράτου
1575 2343 1673 2397 Ἀρι-

108 2410 318 2464 στοφάνης
352 2441 360 2450 .
385 2441 393 2450 .
419 2442 427 2450 .
460 2407 524 2448 ἐπὶ
544 2404 762 2454 Εὐκλέους.
797 2407 927 2447 Schol.
952 2406 1157 2457 Aristoph.
1182 2406 1278 2445 Ach.
1301 2406 1379 2444 377
1404 2395 1474 2454 τὴν
1493 2401 1673 2454 πέρυσι

57 2503 60 2506 .
106 2467 342 2524 κωμῳδίαν·
373 2465 468 2516 τοὺς
499 2464 806 2518 Βαβυλωνίους·
839 2462 1002 2511 τούτους
1039 2462 1114 2514 πρὸ
1154 2468 1233 2500 τῶν
1260 2455 1477 2512 Ἀχαρνέων
1505 2455 1671 2511 Ἀριστο-

106 2525 242 2577 φάνης
274 2523 477 2576 ἐδίδαξεν,
517 2521 561 2563 ἐν
597 2517 657 2570 οἷς
687 2519 856 2569 πολλοὺς
894 2526 1027 2567 κακῶς
1063 2515 1188 2559 εἶπεν·
1231 2516 1465 2572 ἕκωμῳδησε
1495 2515 1569 2568 γὰρ
1600 2515 1668 2563 τάς

108 2598 148 2623 τε
185 2581 389 2636 κληρωτὰς
427 2579 494 2622 καὶ
528 2575 799 2633 χειροτονητὰς
837 2574 963 2629 ἀρχὰς
999 2576 1065 2616 καὶ
1095 2573 1258 2616 Κλέωνα
1288 2572 1497 2625 παρόντων
1529 2571 1666 2622 ξένων.

107 2635 192 2680 εἷπε
224 2638 461 2694 (macetum)
493 2636 567 2692 γὰρ
599 2638 730 2690 δρᾶμα
760 2634 852 2684 τοὺς
882 2633 1165 2686 Βαβυλωνίους
1196 2637 1249 2687 τῇ
1270 2637 1331 2670 τῶ
1342 2646 1364 2670 ν
1387 2630 1671 2669 Διονυσίων

108 2696 253 2753 ἑορτῇ
285 2728 294 2738 .
328 2728 337 2736 .
378 2695 423 2737 ἐν
461 2698 513 2750 τῳ
550 2693 634 2746 ἔαρι
666 2726 674 2734 .
707 2724 715 2732 .
756 2691 800 2733 ἐν
836 2687 870 2748 ᾧ
907 2690 1048 2742 ἔφερον
1085 2688 1175 2737 τοὺς
1214 2686 1363 2740 φόρους
1394 2687 1436 2726 οἱ
1462 2686 1669 2738 σύμμαχοι.

108 2756 157 2796 cf.
189 2755 290 2795 Ach.
324 2756 420 2795 502.
461 2754 546 2794 Vit.
578 2753 785 2802 Aristoph.
817 2764 856 2801 p.
889 2749 1041 2788 XXVII
1072 2749 1124 2787 28
1156 2747 1310 2785 Duebn.
1362 2746 1408 2784 de
1438 2747 1670 2795 argumento

107 2814 157 2853 cf.
190 2813 290 2852 Ach.
322 2812 564 2852 630-642.
597 2809 798 2850 inridebat
828 2806 1133 2847 Atheniensium
1155 2803 1442 2850 credulitatem,
1475 2802 1541 2852 qui
1563 2814 1669 2851 pere-

107 2871 315 2918 grinorum
347 2870 572 2922 legatorum
603 2867 818 2907 mendaciis
849 2864 1035 2904 facillime
1066 2862 1357 2912 deciperentur,
1389 2858 1670 2899 criminabatur
