1838 3230
163 177 246 219 798
558 198 562 201 -
745 175 1167 210 ΑΠΟΛΛΟΦΑΝΟΤΣ

941 278 968 320 3

366 357 546 400 κύαθον
577 356 761 413 λάβοιμι
790 364 887 408 τοῖς
917 355 1153 409 ὑπωπίοις.

273 442 405 481 Schol.
438 441 511 480 RV
542 441 751 491 Aristoph.
783 441 876 480 Pac.
901 442 983 480 542
1014 439 1214 490 κυάθοις·
1248 439 1293 482 ἕν
1323 439 1545 494 ὀξυβάφοις
1575 443 1739 513 χαλκοῖς

159 497 205 537 τὰ
236 495 401 537 ὑπώπια
430 494 751 550 ἆνατρίβοντες
731 495 759 549 η’
786 496 978 546 τοιούτοις
1007 497 1112 538 τισὶν
1119 495 1273 565 ’ἀφανῆ
1296 504 1468 540 ποιοῦσι.
1519 498 1588 540 καὶ
1603 495 1744 540 ’Auul-

158 554 337 607 λοφάνης
384 553 429 594 ἐν
468 551 703 622 'Itptyffpovu
750 557 830 594 κτλ
869 557 1008 596 eadem
1048 557 1197 597 omisso
1235 557 1395 597 fabulae
1433 558 1555 598 titulo
1597 550 1743 599 S'uidas

158 610 486 664 υπωπιασμέναι,
520 615 631 652 cuius
666 613 699 650 V
726 609 1078 665 Ἀπολλόδωρος.
1141 614 1318 655 Cobetus
1355 615 1407 655 N.
1440 616 1466 654 l.
1502 615 1584 655 145
1613 609 1747 654 πόθεν

158 667 211 709 ἂν
241 669 405 709 κύαθον
425 673 520 719 κτλ.,
557 671 626 710 sed
647 671 777 710 multa
798 671 876 710 alia
897 671 1073 722 suppleri
1096 674 1267 722 possunt
1287 669 1349 726 (εἴ
1364 685 1459 725 που,
1481 671 1520 712 εἰ
1536 667 1614 726 γάρ
1634 669 1745 728 ouh).

365 836 627 894 άδελφίζειν
938 783 966 824 4

273 917 451 973 ἀδελφὸν
480 924 618 962 καλεῖν
647 919 743 975 παρ’
777 919 992 975 Ἰσοκράτει
1025 956 1034 965 .
1067 954 1076 963 .
1110 953 1119 962 .
1158 922 1226 963 καὶ
1256 919 1471 977 Στράττιδι
1500 921 1532 976 ἦ
1556 921 1740 965 Ἀπολλο-

161 979 283 1030 φάνει
314 978 359 1018 ἐν
385 977 634 1050 Ἰφιγέροντι.
667 981 942 1032 Harpocratio.
1002 977 1031 1032 ἢ
1061 981 1286 1022 Meinek.1
1319 979 1416 1035 226]
1449 980 1529 1022 καὶ.
1569 982 1740 1024 Photius

159 1035 407 1088 ἆδελφίζειν·
441 1036 484 1077 τὸ
511 1033 691 1087 ἀδελφὸν
728 1035 817 1076 τινὰ
847 1043 1014 1086 πυκνῶς
1052 1053 1119 1078 και
1156 1038 1460 1092 θεραπευτικῶς
1490 1041 1638 1081 καλεῖν.
1689 1035 1739 1079 οὔ

159 1093 286 1146 μόνον
315 1091 340 1147 ἡ
372 1094 583 1149 κωμῳδία,
614 1091 713 1134 ἀλλὰ
745 1093 812 1135 καὶ
843 1095 884 1135 οἱ
911 1094 1087 1149 ῥήτορες.
1140 1096 1317 1138 Cramer.
1349 1097 1504 1137 Anecd.
1536 1097 1626 1138 Par.
1658 1096 1750 1139 1111*

162 1154 229 1201 94,
251 1155 302 1192 31
335 1136 583 1203 άδελφίζειν
615 1147 706 1191 ἀντὶ
728 1157 800 1192 τοῦ
829 1149 1009 1203 ἀδελφὸν
1037 1154 1206 1196 καλεῖν.
1231 1184 1241 1194 .
1265 1149 1605 1206 ,Ἀπολλοφάνης
1627 1150 1744 1208 ἔχρή

162 1221 269 1249 σατο.
301 1210 472 1250 Bekker.
504 1211 653 1251 Aneed.
686 1211 755 1257 83,
779 1211 832 1250 25
862 1206 1112 1262 άδελφίζειν·
1145 1207 1200 1259 ὥς
1230 1207 1394 1267 ἀδελφῷ
1423 1209 1744 1282 προσφέρεσθαι.

160 1264 448 1318 ἆσχημονῆσαι.
501 1262 726 1319 Εὐριπίδης
761 1263 914 1323 Ἑκάβῃ
953 1298 964 1308 .
997 1299 1005 1308 .
1040 1300 1049 1308 .
1079 1300 1088 1310 .
1237 1252 1470 1321 ,Στράττις
1497 1265 1748 1322 Ἰφνγέροντι,

161 1326 231 1364 ubi
262 1326 346 1365 sine
378 1326 498 1365 dubio
527 1326 722 1376 scnptum
751 1329 838 1365 erat
865 1308 1168 1377 Ἀπολλοφάνης
1193 1323 1223 1378 ἢ
1252 1324 1457 1380 Στράττις.
1490 1329 1532 1367 et
1560 1327 1656 1376 341,
1687 1327 1743 1366 24

160 1378 399 1432 ἆδελφίζειν.
421 1377 511 1422 ἀντὶ
531 1387 602 1422 τοῦ
623 1377 801 1431 ἀδελφὸν
820 1385 970 1423 καλεῖν.
993 1397 1122 1431 ουτως
1137 1378 1371 1436 Ἰσοκράτης
1391 1382 1460 1424 καὶ
1481 1380 1502 1423 ὃ
1524 1381 1746 1435 Μιλήσιος.

163 1441 252 1490 quis
293 1441 345 1480 sit
383 1436 404 1478 ὁ
446 1435 672 1492 Μιλήσιος,
720 1441 983 1492 Harpocratio
1022 1442 1155 1490 docet,
1201 1455 1250 1481 ex
1287 1455 1366 1494 quo
1402 1442 1500 1482 haec
1530 1442 1745 1494 desumpfa

163 1499 272 1546 sunt,
313 1493 412 1547 παρ’
442 1493 658 1550 Ἰσοκράτει
696 1512 763 1537 και
789 1495 984 1553 Ἑκαταίῳ
1015 1503 1070 1554 τῷ
1109 1500 1171 1539 Μ.
1231 1502 1409 1540 ceterum
1447 1500 1496 1540 of.
1538 1499 1748 1551 Aristoph.

164 1554 288 1606 Vesp.
320 1556 401 1594 652
433 1553 494 1606 μὴ
523 1554 775 1608 πατέριζε.

812 1680 1100 1716 ΚΕΝΤΔΤΡΟΙ

278 1750 573 1791 Commemorat
603 1751 762 1791 Suidas.
813 1752 984 1792 Meinek.
1016 1751 1036 1791 Ι
1068 1752 1166 1792 266.

851 1876 1051 1911 ΚΡΗΤΕΣ

935 1944 963 1987 5
1157 2000 1389 2058 πρώτιστα
1420 2001 1471 2045 δὲ

371 2072 464 2113 τῶν
493 2070 733 2125 μυρρινῶν
765 2068 839 2112 ἐπὶ
868 2068 953 2126 τὴν
981 2070 1207 2126 τράπεζαν
1236 2068 1480 2126 βούλομαι,

371 2135 424 2188 ἃς
454 2137 710 2194 διαμασῶμ’
744 2137 855 2182 ὅταν
885 2155 929 2182 τι
958 2138 1203 2195 βουλεύειν
1233 2139 1339 2197 δέῃ,

371 2205 449 2259 τὰς
479 2205 722 2263 φιβάλεως,
754 2205 833 2258 τὰς
863 2206 988 2251 πάνυ
1018 2206 1159 2260 καλὰς
1189 2207 1570 2264 στεφανωτρίδας.

279 2291 513 2331 Athenaeus
545 2293 582 2340 3,
617 2292 700 2330 750
730 2288 797 2330 καὶ
827 2288 897 2339 τὰς
926 2290 1123 2344 μυρρινας
1153 2289 1199 2331 δὲ
1229 2289 1423 2344 φιβαλέας
1453 2288 1660 2361 λέγουσιν,
1691 2287 1746 2339 ὥς

163 2344 466 2399 Ἀπολλοφάνης
513 2346 557 2387 ἐν
599 2347 734 2400 Κρησί
773 2350 855 2388 κτλ.
912 2345 1214 2401 Ἀπολλοφάνης
1257 2346 1442 2402 Porson.]
1486 2345 1744 2419 Ἀντιφάνης;

165 2406 334 2446 Photius
364 2408 406 2446 et
434 2407 572 2457 Etym.
604 2421 658 2448 m.
692 2407 797 2453 793,
830 2407 884 2446 25
922 2404 1150 2459 φιβαλέως·
1187 2404 1300 2459 γένος
1331 2411 1468 2459 συκῆς.
1515 2402 1672 2459 λέγουσι
1703 2401 1744 2445 δ’

167 2460 295 2510 οὕτως
326 2461 393 2502 καὶ
423 2461 493 2510 τὰς
523 2462 732 2516 μυρρίνας.
780 2457 1098 2515 Ἀπολλοφάνης.
1138 2462 1207 2504 καὶ
1242 2478 1289 2502 τα
1328 2462 1432 2503 σῦκα
1462 2459 1646 2515 φιβαλέα.
1693 2463 1745 2504 of.

168 2521 339 2560 Meinek.
379 2521 398 2559 I
430 2522 526 2560 267.
593 2517 788 2572 βούλομαι
827 2519 1164 2574 Schweighaeus]
1205 2513 1369 2574 βούλομ’
1411 2521 1458 2560 Ρ.
1489 2516 1658 2572 βούλομ’
1689 2517 1771 2568 ὥς,
1808 2554 1810 2556 .

170 2574 453 2629 ὃιαναμασωμ’
487 2578 713 2618 Blomfield.
746 2578 890 2618 Aesoh.
922 2578 1057 2619 Prom.
1083 2579 1179 2618 795.
1211 2576 1283 2626 τὰς
1313 2574 1515 2630 φιβάλεως
1545 2575 1615 2625 τὰς
1638 2578 1740 2618 Moi-

167 2635 259 2674 nek.
292 2635 350 2675 ed.
381 2632 495 2688 min.]
530 2633 599 2681 τὰς
630 2632 676 2674 δὲ
707 2634 920 2688 φιβάλεως.
971 2637 1015 2675 in
1034 2635 1243 2676 Athenaeo
1273 2636 1382 2676 idem
1403 2632 1519 2674 τασδὶ
1539 2630 1744 2688 φιβάλεως

169 2705 258 2731 cum
290 2692 373 2731 VL.
435 2691 769 2744 στεφανωτρίδας.
801 2693 852 2733 cf.
884 2693 1060 2733 Lobeok.
1090 2693 1243 2745 Phryn.
1277 2693 1373 2732 255.
1405 2694 1444 2732 6.
1475 2714 1532 2720 ——-
1569 2689 1635 2732 ἐπὶ
1671 2689 1747 2744 τὴν
1790 2739 1793 2742 Α

170 2747 368 2801 τράπεζαν
398 2748 612 2801 βούλομαι,
650 2753 698 2790 ut
726 2750 934 2801 Aristoph.
964 2751 1066 2790 Ran.
1100 2751 1222 2790 1279.
1262 2749 1338 2800 Eq.
1372 2750 1465 2790 193.
1504 2749 1647 2789 Pollux
1679 2751 1745 2799 10,

171 2807 223 2845 69
255 2804 334 2844 ἔστι
363 2809 658 2879 καταχρῆσθαι
673 2812 728 2862 τῷ
758 2803 926 2859 ὀνόματι
957 2802 1284 2860 (τραπεζοῷόρος)
1316 2803 1379 2846 ε’πι
1407 2810 1479 2846 τοῦ
1508 2799 1562 2856 τὴ
1577 2821 1599 2846 ν
1628 2820 1649 2846 τ
1657 2801 1744 2860 ρά-

169 2863 323 2911 πεζαν
367 2861 580 2916 φέροντος,
629 2858 658 2919 ᾗ
707 2862 926 2917 ἐ“πῆσαν
949 2867 1054 2913 τοῖς
1103 2862 1356 2917 ἄρχουσιν
1402 2863 1458 2904 αἰ
1495 2862 1742 2917 μυρρίναι

1829 420 1838 504 3
