1872 3224
208 191 284 234 138
847 183 975 217 KPAT
981 182 1112 217 ΗΤΟΣ

958 295 1015 338 24

204 390 296 433 τοῖς
323 383 371 424 δὲ
398 380 641 437 τραγῳδοῖς
667 378 817 432 ἕτερος
842 373 1007 431 σεμνὸς
1034 375 1173 417 πᾶσιν
1203 371 1336 428 λόγος
1363 370 1501 423 ἄλλος
1520 369 1590 415 ὅδ’
1625 373 1764 417 ἔστιν.
1788 384 1799 425 ᾗ

315 477 481 516 Bekker.
513 474 661 513 Anecd.
694 474 787 521 379,
821 473 872 511 31
906 473 948 511 et
987 470 1097 509 Suid.
1129 466 1224 507 ἄλλο
1254 466 1408 519 ἕτερον·
1440 464 1484 506 ἐκ
1511 465 1814 522 παραλλήλου

204 532 384 586 λέγουσιν
415 563 423 571 .
457 560 466 570 .
498 562 507 571 .
540 528 697 583 Κράτης
729 528 934 576 Παιδιαῖς.
965 521 1051 580 ὅδ’]
1086 526 1195 567 Suid.
1227 522 1282 564 δ’.
1314 539 1397 566 non
1427 526 1515 567 sine
1543 525 1679 578 aliqua
1705 525 1771 567 ind

204 592 311 631 vidia
349 590 487 629 Grates
525 589 767 640 tragicorum
811 588 1017 638 poetarum
1055 586 1098 625 in
1137 584 1358 626 scribendis
1388 583 1536 624 fabulis
1566 582 1769 626 eondioioe

203 661 294 688 nem
322 647 448 686 multo
479 646 695 686 faciliorem
723 657 809 685 esse
838 644 1032 696 queritur.
1706 655 1710 659 ’

958 755 1014 799 25

314 841 459 881 Athen.
483 842 549 893 11,
570 840 681 880 478f
705 837 846 878 κύλικα
866 835 940 890 μὲν
969 835 1073 891 (τὸν
1101 835 1329 892 κότυλον)
1363 833 1438 877 οὐκ
1458 830 1583 878 εἶναι·
1613 832 1662 878 οὖ
1690 833 1768 891 γὰρ

203 897 306 949 ἔχειν
334 892 435 949 ὦτα,
471 895 748 950 παραπλήσιον
785 893 826 935 δ’
866 892 1059 948 ὑπάρχειν
1095 894 1289 950 λουτηρίῳ
1324 895 1471 948 βαθεῖ,
1501 892 1693 948 ποτηρίου
1712 890 1768 935 δὲ
1848 924 1850 946 ;

203 950 307 1003 εἶδος
351 949 464 997 εἶναι.
507 953 711 994 δύνασθαι
756 951 799 992 δὲ
841 951 906 993 καὶ
945 952 1013 993 τὸν
1049 951 1157 1006 παρὰ
1198 956 1279 1001 τοῖς
1318 952 1516 1001 Αἰτωλοῖς
1546 984 1558 996 .
1579 981 1591 993 .
1615 984 1624 994 .
1654 946 1768 1006 λεγό-

202 1026 326 1064 μενον
355 1010 544 1062 κότυλον,
574 1008 623 1050 ὃν
651 1009 788 1062 ὅμοιον
816 1009 918 1050 ὄντα
938 1014 1020 1059 τοῖς
1040 1009 1339 1064 προειρημένοις
1354 1010 1405 1051 ἓν
1424 1003 1496 1059 οὖς
1517 1007 1635 1063 ἔχειν.
1664 1020 1771 1063 “ml“

202 1067 359 1120 μονεύει
388 1066 428 1108 δ’
460 1065 585 1109 αὐτοῦ
614 1066 772 1122 Κράτης
802 1066 847 1108 ἐν
877 1068 1082 1116 Παιδιαῖς.

317 1126 376 1166 Cf.
407 1127 458 1165 fr.
490 1127 545 1167 40
574 1129 615 1166 et
642 1139 741 1178 quae
771 1127 820 1165 ad
850 1126 1002 1167 Cratin.
1033 1127 1115 1166 415
1147 1127 1440 1168 adnotavimus.
1489 1138 1591 1178 quae
1622 1124 1770 1167 Pollux

204 1185 251 1223 de
280 1186 491 1234 puerorum
519 1184 624 1224 ludis
655 1186 693 1236 9,
728 1185 947 1224 llo-129
980 1185 1188 1236 excerpsit,
1231 1197 1277 1224 ea
1314 1196 1501 1236 magnam
1529 1184 1689 1235 partem
1718 1183 1768 1224 ad

204 1241 304 1281 hane
333 1241 586 1292 potissimum
618 1241 788 1283 Cratetis
824 1242 1067 1282 comoediam
1106 1242 1308 1293 pertinere
1346 1242 1662 1283 consentaneum
1691 1241 1769 1283 est.

870 1367 1093 1403 ΠΕΔΗΤΑῙ

317 1447 426 1487 ‘Fuit
455 1447 603 1488 Calliae
633 1449 796 1491 fabula’.
829 1450 999 1491 Meinek.
1029 1451 1049 1491 I
1081 1451 1148 1491 64.
1180 1450 1407 1503 fragmenta
1435 1463 1519 1491 non
1547 1450 1724 1491 exstant.

867 1541 1100 1610 PHTOPnz

318 1653 487 1694 Meinek.
518 1655 537 1693 I
569 1656 635 1694 62.
667 1656 705 1695 5.
737 1656 906 1697 fortasse
936 1658 1042 1709 apud
1072 1658 1326 1698 Athenaeum
1356 1659 1395 1709 9,
1427 1659 1542 1699 3690
1579 1669 1654 1709 pro
1678 1652 1768 1710 Ῥή-

207 1720 339 1763 τορσιν
367 1712 615 1752 scribendum
646 1715 706 1753 est
723 1710 917 1764 ’.Ήρωσω

950 1827 1006 1870 26

444 1905 771 1959 Κηφισιακαῖσι
800 1908 1068 1962 γογγυλίσιν
1098 1905 1229 1963 ὅμοια
1259 1904 1384 1950 πάνυ
1416 1941 1426 1950 .
1462 1940 1471 1950 .
1508 1942 1518 1951 .

320 1995 548 2038 Athenaeus
580 2001 624 2047 9,
657 2003 765 2041 3690
803 2001 1072 2053 Κηφισιακῶν
1102 2001 1156 2054 (A
1185 1999 1470 2056 κηφησιακῶν)
1511 1998 1560 2042 δὲ
1587 2000 1769 2056 γογγυλί·

207 2052 291 2091 δων
319 2054 556 2104 μνημονεύει
585 2056 743 2110 Κράτης
774 2056 818 2098 ἐν
842 2055 1044 2112 Ῥήτορσιν
1072 2057 1200 2107 οὕτως
1230 2061 1527 2112 Κηφισιακαῖσι
1555 2062 1637 2100 κτλ.
1675 2061 1772 2112 post

207 2106 331 2156 οὕτως
352 2111 455 2149 ΑΒΡ
476 2112 627 2153 addunt
647 2111 714 2162 ὥς.
736 2113 802 2155 εοῧ
807 2131 856 2156 τω
877 2119 978 2164 πως’
1001 2118 1173 2157 Meinek,
1206 2118 1368 2158 videtur
1387 2119 1626 2158 tetrameter
1646 2118 1771 2159 fuisse

208 2167 427 2264 iamiiicg}3
460 2169 508 2208 de
547 2169 727 2220 Cephisia
769 2187 873 2226 pago
914 2188 1037 2226 prope
1074 2175 1255 2216 Athenas
1292 2177 1371 2216 sito
1408 2175 1592 2216 Bursian.
1622 2174 1770 2228 Geogr.

207 2237 267 2275 gr.
432 2255 440 2265 .

900 2322 1075 2356 ΣΑΜΙΟῙ

948 2401 1002 2443 27

467 2476 651 2528 ε”παιξαν
680 2486 892 2533 γυναῖκες
921 2478 990 2522 ἅτ’
1025 2477 1316 2536 ὀρχηστρίδες
1345 2483 1502 2536 καλαί,

470 2543 542 2585 ἐπὶ
573 2549 790 2601 κοχωνεὸν
819 2548 898 2598 τὰς
927 2550 1080 2604 τρίχας
1109 2550 1389 2605 καθειμέναι.

326 2635 567 2700 Dareinberg
595 2640 756 2680 Notices
787 2643 827 2681 et
856 2644 1021 2682 extraits
1052 2644 1120 2683 des
1153 2645 1394 2684 manuscrits
1413 2644 1623 2684 medicant
1645 2645 1770 2694 1853,

214 2704 250 2740 p.
274 2692 354 2729 215
376 2692 533 2743 Κρατης
554 2692 597 2733 ἐν
617 2697 874 2749 Σαλαμινίοις
897 2698 1034 2750 φησίν.
1066 2700 1260 2740 indicavit
1288 2701 1340 2744 H.
1362 2701 1497 2741 Iaeobi
1518 2701 1556 2740 V
1574 2714 1614 2752 p.
1627 2700 1772 2741 XLIX·

215 2747 262 2785 cf.
293 2747 471 2815 Fffotian.
502 2751 630 2793 Klein.
665 2755 729 2802 20,
762 2757 799 2794 6.
851 2757 958 2795 recte
988 2755 1158 2807 Σαμίοις
1187 2757 1519 2810 Darembergius‚
1557 2759 1629 2827 q‚ui
1657 2755 1709 2796 αἴ
1731 2753 1769 2797 τ’·

213 2816 286 2853 pro
314 2817 362 2841 ατ
383 2835 392 2843 .
428 2805 658 2850 Duebnerus
688 2808 855 2860 ἕπαιξαν
891 2807 967 2852 οὖν
1004 2810 1121 2867 (ἄρα)
1158 2811 1308 2865 γυμναὶ
1343 2814 1465 2854 καλαί
1496 2809 1532 2854 τ’
1572 2813 1772 2867 ορχηστρί·

215 2858 280 2907 δες
313 2857 319 2914 Ι
352 2857 415 2900 ἐπὶ
451 2867 531 2902 τῶν
568 2878 647 2917 κοχ.
685 2869 764 2906 κτλ.
815 2869 1086 2923 Goettlingius
1115 2870 1205 2913 Ind.
1234 2870 1318 2911 Ien.
1359 2872 1441 2912 hib.
1474 2870 1631 2926 1853s4
1666 2885 1708 2925 p.
1743 2871 1770 2912 5
