1872 3224
729 221 972 259 ΑῙΟΑΟΣΙΚ
979 227 1049 260 «ΩΝ
1586 233 1669 276 395

123 351 161 384 ‚⁴
219 330 271 366 πε
307 326 550 377 λυχνοῦχον·
594 319 662 366 τὸν
698 323 903 381 κεράτινον
939 326 1071 380 φανόν
1104 364 1112 372 .
1137 363 1146 372 .
1168 363 1177 374 .
1206 331 1382 386 ἐγίνοντο
1417 333 1458 376 δὲ
1497 335 1563 376 καὶ
1596 368 1604 377 .
1629 370 1637 378 .
1660 373 1669 382 ,

90 398 116 451 ·,
138 436 147 446 ς
187 391 192 394 ’
236 385 292 417 >·''
313 381 613 435 διατετρημένοι
643 383 743 425 ὥστε
782 385 1024 438 διαφαίνειν.
1074 387 1199 438 οὕτως
1226 388 1526 445 Ἀριστοφάνης.
1559 395 1620 436 ‘ut
1649 410 1669 435 c

176 468 183 475 .
224 459 253 476 ··
293 441 481 492 flamma,
513 442 570 483 sic
600 457 648 483 ex
678 446 789 484 veste
825 446 1055 496 perlucebat
1097 449 1349 490 mulierculae
1387 452 1669 501 pulchritudo’.
1733 451 1741 456 ”

880 582 907 625 9

307 659 389 701 καί
416 655 458 701 κ’
493 657 794 716 ἐπιθυμήσειε
824 659 925 712 νέος
953 660 1034 717 νῆς
1063 658 1350 718 ἀμφιπόλοιο.

79 733 131 805 ,ΪῘΞ
213 741 468 783 Herodianus
499 743 519 783 I
548 744 645 794 405,
670 745 736 785 10.
766 745 808 784 II
830 746 924 794 912,
948 746 974 784 4
1004 741 1038 797 ἡ
1061 743 1130 785 νέα
1160 751 1211 798 νῆ
1242 745 1447 799 εἰρημένον
1468 777 1477 788 .
1500 780 1508 788 .
1532 778 1542 788 .
1563 747 1669 802 παρὰ

80 792 375 854 ὲᾎριστοφάνει
405 797 451 840 ἐν
489 800 756 841 Αἰολοσίκωνι
793 804 874 842 κτλ.
913 801 985 841 καί
1019 799 1062 841 κ’
1102 802 1258 857 Dindf.]
1291 803 1370 844 καὶ.
1410 805 1670 847 Αἰολοσίκωνι

47 855 258 919 35>*Dindf.]
291 856 535 901 δινσίλλωνι.
594 873 640 899 ex
680 860 839 900 oraculo
878 860 926 899 de
964 861 1116 901 incesto
1153 862 1224 901 illo
1267 862 1402 902 fratris
1448 863 1670 915 sororisque

98 921 235 956 amore
262 916 440 968 Bergkio
471 930 612 958 versus
644 917 804 958 videtur
835 920 1040 969 excerptus
1071 931 1169 959 esse.

877 1029 928 1072 lO

583 1107 669 1153 οὐκ
702 1109 815 1165 ἐτός,
849 1101 885 1152 (3
913 1117 1141 1166 γυναῖκες,

584 1180 694 1222 πᾶσι
725 1185 935 1222 κακοῖσιν
964 1175 1080 1234 ἡμᾶς

585 1249 767 1304 φλῶσιν
797 1244 1009 1290 ἑκάστοθ’
1043 1245 1232 1302 ἄνδρες·

585 1314 714 1360 δεινά
743 1314 832 1372 γάρ
863 1317 970 1372 ἔργα
1000 1316 1174 1372 δρῶσαι

584 1382 927 1442 λαμβανόμεσθ’
958 1379 1038 1427 ὑπ’
1070 1380 1242 1427 αὐτῶν.

216 1470 464 1522 Hephaestio
487 1472 526 1522 9,
549 1471 573 1509 3
605 1466 651 1508 τὰ
682 1466 726 1507 δὲ
756 1468 812 1516 εἰς
844 1466 912 1508 τὸν
940 1464 1200 1521 άμφίβραχυν
1228 1464 1256 1519 ἦ
1284 1468 1483 1520 βακχεῖον,
1516 1465 1674 1518 δίμετρα

106 1524 196 1580 μέν,
227 1525 275 1567 τά
310 1525 350 1577 ἐξ
381 1526 671 1574 Αἰολοσίκωνος
697 1522 1010 1579 Ἀριστοφάνους
1030 1527 1112 1566 κτλ.
1135 1521 1325 1565 ἑκάστοθ’
1356 1522 1501 1576 ἄνδρες
1521 1523 1672 1575 Dindf.]

104 1581 282 1625 ἑκάστοτ’
315 1583 481 1638 ἄνδρες.
511 1598 652 1625 versus
683 1586 745 1624 est
775 1584 1101 1635 Aristophaneus,
1133 1586 1177 1623 ut
1206 1584 1350 1634 Lydia,
1381 1584 1460 1630 dic,
1493 1594 1567 1631 per
1596 1594 1674 1621 om-

100 1655 185 1691 nes.
233 1643 282 1683 de
329 1643 529 1684 sententia
566 1643 617 1682 cf.
659 1642 816 1682 Thesm.
848 1642 930 1688 476
948 1655 1004 1692 sq.
1043 1641 1172 1681 delevi
1211 1640 1376 1691 Bergkii
1418 1652 1675 1690 personarum

103 1701 336 1741 notationes
380 1703 421 1740 et
459 1700 819 1751 interrogationem
859 1700 954 1749 post
989 1695 1147 1751 ἅνδρες.
1206 1699 1385 1748 loquitur
1431 1697 1536 1735 enim
1573 1708 1674 1734 unus

104 1758 261 1798 chorus.
295 1753 369 1797 οὐκ
391 1754 479 1805 ἐτός
500 1757 557 1797 sic
574 1757 672 1796 Ach.
690 1757 786 1795 411.
808 1757 903 1795 413,
935 1756 1011 1796 Av.
1030 1757 1123 1797 915.
1157 1755 1314 1794 Thesm.
1333 1755 1427 1793 921.
1459 1752 1563 1792 Eccl.
1581 1752 1675 1790 245.

105 1815 215 1856 Plut.
238 1816 335 1856 404.
362 1816 485 1855 1166.
515 1814 618 1856 Plat.
639 1813 756 1864 Reip.
779 1815 817 1865 3,
839 1813 962 1852 414e.
994 1813 1032 1862 8,
1057 1812 1138 1851 568
1149 1826 1183 1851 a.
1213 1823 1341 1861 neque
1362 1822 1526 1860 usquam
1547 1809 1673 1847 aliter.

875 1946 923 1988 11

575 2026 651 2070 καὶ
680 2025 741 2070 δι’
772 2025 885 2081 ὀπῆς
914 2022 1023 2067 κάπὶ
1052 2023 1209 2079 τέγους

219 2113 365 2152 Pollux
398 2113 462 2155 10,
495 2111 548 2150 25
578 2106 604 2161 ἡ
636 2106 681 2148 δὲ
711 2105 790 2160 ὀπὴ
820 2107 974 2161 εἴρηται
1003 2105 1048 2146 ἐν
1077 2104 1343 2146 Αἰολοσίκωνι
1369 2098 1674 2156 Ἀριστοφάνους

104 2173 185 2212 κτλ.
216 2171 391 2210 metrum
419 2169 580 2209 videtur
609 2167 929 2208 choriambicum.
962 2165 1010 2205 de
1040 2164 1239 2205 sententia
1269 2163 1485 2202 Grauertus
1515 2161 1670 2202 confert

103 2228 300 2269 Xenarch.
331 2227 370 2276 4,
405 2227 470 2265 11.
506 2227 571 2265 12.

879 2334 933 2377 12

223 2423 354 2465 Schol.
387 2422 479 2462 Pac.
514 2420 594 2460 741
624 2414 914 2471 Ἀριστοφάνης
940 2413 994 2464 ὥς
1022 2413 1391 2469 γαστρίμαργον
1424 2409 1508 2450 τὸν
1536 2406 1673 2461 ἹῙρα-

62 2505 64 2507 -
107 2478 227 2521 κλέα
247 2478 436 2535 κωμῳδεῖ
449 2475 516 2518 καὶ
537 2474 582 2517 ἐν
591 2474 748 2530 Ὄρνισι
770 2473 839 2514 καὶ
859 2471 903 2514 ἐν
922 2471 1198 2514 Αἰολοσίκωνι.
1230 2469 1420 2510 Hercules
1440 2469 1546 2519 ipse,
1567 2469 1615 2506 ut
1633 2467 1675 2505 in

108 2539 280 2588 Avibus,
314 2538 371 2578 sic
392 2536 515 2576 etiam
535 2536 578 2575 in
598 2533 861 2574 Aeolosicone
890 2533 933 2571 in
962 2543 1141 2571 scaenam
1171 2528 1358 2568 inductus
1389 2538 1473 2565 esse
1503 2524 1675 2570 videtur,

109 2597 153 2636 in
181 2596 336 2648 nuptiis
368 2594 509 2646 opinor
541 2592 710 2632 Macarei
741 2592 782 2630 et
812 2590 997 2630 Canaces.

881 2711 932 2754 13

230 2801 461 2841 Athenaeus
494 2801 540 2849 7,
574 2799 687 2837 2760
724 2800 806 2834 τῶν
842 2791 887 2833 δὲ
922 2790 1132 2843 παρόντων
1166 2791 1448 2842 γραμματικῶν
1485 2799 1541 2832 τις
1576 2779 1675 2822 οἷποκ

111 2856 268 2912 βλέψας
298 2858 354 2906 εἰς
384 2855 459 2908 τὴν
487 2861 559 2895 τοῦ
589 2852 757 2894 δείπνου
787 2847 1049 2902 παρασκευὴν
1078 2847 1164 2898 ἔφη,
1198 2840 1280 2885 εἶτα
1308 2843 1394 2890 πῶς
1415 2839 1678 2892 δειπνήσομεν

112 2920 288 2956 τοσαῦτα
318 2914 484 2959 δεῖπνα;
517 2907 614 2959 ἴσως
645 2903 731 2950 διά
762 2906 962 2956 νυκτός,
1011 2902 1064 2953 ὥς
1095 2901 1116 2943 ὁ
1147 2902 1295 2955 χαρίεις
1322 2897 1605 2952 Ἀριστοφάνης
1636 2894 1680 2934 ἐν
