1872 3224
777 210 1069 248 ΑΜΦῙΑΡΕΩΣ
1621 220 1702 263 401

239 311 592 354 ‹011.Photius
623 310 859 369 τυφλότερος
889 318 969 370 λεβ.
1003 319 1145 360 Zenob.
1170 323 1207 371 2,
1231 324 1296 362 95.
1329 323 1564 375 Diogenian.
1593 328 1629 373 3,
1653 328 1704 366 73

384 370 466 419 5,
500 373 587 411 672.
617 371 704 424 (10,
728 371 803 440 49)
833 374 1075 445 γυμνότερος
1105 378 1333 431 λεβηρίδος’
1366 378 1430 420 ἐπὶ
1459 387 1541 421 ταῖν
1568 380 1704 422 πάνυ

198 412 358 481 ’μηδι
389 424 482 468 ἀντι
511 429 582 468 τοῦ
610 426 850 484 γυμνότερος
880 430 1011 483 ὄφεως
1042 432 1245 488 δέρματος.
1278 439 1436 478 videtur
1466 453 1583 479 senex
1615 445 1703 481 cute

82 497 131 543 z}
166 491 200 529 ’χ
225 506 243 518 ,.
280 498 571 537 repuerascens
608 492 772 528 exuerat
811 495 1022 542 conspecta
1059 495 1438 535 cumadmiratione
1460 497 1598 537 dicere
1638 499 1704 537 ‘at

234 544 379 595 pellis
409 557 578 596 prorsus
607 559 735 586 vacua
766 550 806 587 et
836 561 951 589 caeca
981 551 1073 598 est',
1105 554 1190 591 tum
1220 553 1322 592 alter
1362 549 1478 605 (uxor
1506 555 1591 595 eius
1622 556 1704 607 opi-

71 606 154 661 fas
185 612 243 634 ··
246 603 500 651 respondere
532 603 606 643 ita
636 617 730 644 sane
760 609 842 645 est.
874 608 1002 658 magis
1033 620 1148 648 caeca
1168 610 1287 649 etiam
1317 612 1420 661 pelle
1441 614 1701 663 serpentum'.

162 715 163 718 Ἴ
191 669 241 694 ’ἰ
231 661 364 701 enim
394 661 518 702 verba
555 675 657 713 quae
695 663 801 714 apud
831 664 912 704 Hes
915 666 1076 715 yehium
1118 667 1306 718 leguntur
1342 664 1460 707 κενὸν
1481 692 1534 698 --
1554 666 1704 719 τυφλόν

147 726 190 738 “·
209 719 379 769 sponte
408 719 453 759 in
484 720 716 759 trimetrum
747 724 902 771 coeant,
935 723 1250 773 Aristophanem
1280 726 1485 776 scripsisse
1514 731 1610 778 puto

68 778 185 854 [A
215 796 374 838 κενόν
405 797 455 838 δε
485 797 660 848 τελέως
699 797 805 840 ἐστὶ
835 807 981 841 τουτο
1012 798 1101 842 καὶ
1131 800 1330 855 τυφλόν.

68 854 104 867 ”
129 852 414 910 Β.(ξῦμφημι
455 854 566 910 κάγώ
605 860 670 899 vel
709 856 752 897 τὸ
790 858 1005 912 λεγόμενον
1042 859 1156 913 γάρ’)
1209 860 1451 915 τυφλότερον
1486 861 1693 941 λεβηρίδος

335 1060 555 1121 άναφλοῖν
585 1062 662 1107 καὶ
690 1061 901 1107 άνακνᾶν

47 1174 50 1184 2
240 1147 387 1188 Pollux
417 1149 573 1199 2,176
604 1144 647 1187 τὸ
678 1146 723 1187 δὲ
753 1146 970 1201 ἐπεγείρειν
1002 1148 1062 1201 (τὸ
1091 1149 1264 1202 αἰδοῖον)
1307 1153 1397 1189 ταῖν
1435 1154 1565 1202 χεροῖν
1593 1147 1701 1190 ἀνα-

116 1204 237 1272 φλᾶν
274 1203 343 1245 καὶ
387 1202 576 1245 άνακνᾶν
613 1202 905 1258 Ἀριστοφάνης
951 1204 996 1245 ἐν
1036 1203 1269 1259 Ἀμφιαράῳ
1319 1204 1432 1260 λέγει.
1491 1204 1698 1260 ἇναφλοῖν]

27 1263 36 1288 -’
124 1255 294 1314 ἆναφᾶν
323 1265 373 1312 A,
410 1277 489 1306 om
520 1264 566 1302 B.
597 1259 802 1316 άνακνοῒν]
834 1260 1018 1303 ανακλᾶν
1047 1265 1094 1304 Β.
1127 1262 1194 1303 καὶ
1222 1260 1407 1303 άνακνοῖν
1434 1264 1500 1304 καὶ
1519 1261 1701 1305 άνακλᾶν

52 1340 55 1348 ι
127 1321 179 1360 Α.
207 1318 391 1389 Etymol.
422 1335 477 1361 m.
512 1322 606 1371 795,
641 1323 693 1361 36
726 1324 766 1362 et
796 1322 963 1362 Photius
993 1321 1102 1372 φλᾶν
1131 1320 1293 1361 τύπτειν
1321 1337 1346 1373 η
1368 1320 1597 1373 μαλάττειν·
1629 1320 1698 1361 καὶ

22 1384 49 1420 ,Γ
122 1375 168 1418 τὸ
198 1374 497 1431 ἅναμαλάττειν
525 1374 754 1430 ἆναφλᾶν
785 1379 881 1431 (om.
914 1380 1000 1420 cod.
1023 1377 1160 1433 Phot.)
1190 1375 1490 1432 Ἀριστοφάνης.
1524 1380 1694 1420 fortasse

23 1435 45 1447 “
121 1440 388 1519 respexerunt
417 1437 593 1489 Lysistr.
628 1438 752 1477 1099.

243 1629 248 1634 -
329 1605 666 1664 ἀνθρωπίζεται
897 1550 951 1592 37

156 1691 159 1694 ’
232 1689 525 1744 Ἀριστοφάνης
551 1687 795 1760 Ἀμφιαράῳ
834 1691 1279 1738 Bekker.Aneed.82‚
1315 1691 1379 1728 15.
1419 1690 1562 1728 Pollux
1599 1691 1636 1739 2,
1670 1691 1695 1728 5

119 1743 433 1807 ἅνθρωπίζεται,
465 1747 591 1800 φησὶν
609 1745 914 1800 Ἀριστοφάνης.
947 1761 1080 1788 senem
1100 1749 1444 1798 repuerascentem
1475 1747 1551 1785 dici
1579 1750 1696 1797 putat

119 1803 333 1860 Bergkius.
364 1808 473 1859 quod
503 1807 703 1858 quomodo
734 1806 822 1846 fieri
851 1806 979 1856 possit
1008 1818 1090 1845 non
1119 1805 1248 1845 video.

326 1986 599 2044 ἠντεβόλησε
892 1928 948 1971 38

235 2073 412 2123 Etymol.
440 2085 492 2110 m.
520 2071 612 2118 112,
635 2071 688 2108 52
720 2066 762 2108 τὸ
793 2066 837 2107 δὲ
867 2065 974 2121 παρὰ
1001 2063 1278 2119 Ἀριστοφάνει
1310 2063 1355 2104 ἐν
1370 2062 1605 2120 Ἀμφιαράῳ
1625 2058 1691 2104 διά

0 2135 6 2171 -ξ
118 2134 191 2168 τοῦ
221 2143 240 2168 ε
268 2125 403 2181 ἠντεβ.
442 2124 517 2166 δύο
546 2127 695 2174 κλίσεις
726 2123 893 2177 ὑπέστη,
945 2126 996 2165 cf.
1029 2124 1167 2164 Cobet.
1210 2124 1318 2164 Nsl.
1354 2124 1446 2166 157,
1499 2123 1690 2165 Mnemos.

49 2186 51 2189 ⁴
118 2200 213 2228 nov.
243 2186 287 2226 II
316 2187 414 2225 412.
443 2212 446 2214 »

488 2309 490 2311 .
889 2271 947 2315 39

327 2332 528 2391 ρόπτρον

231 2414 302 2457 τὸν
331 2422 401 2469 τῆς
431 2411 564 2467 θύρας
594 2414 762 2468 κρίκον
789 2387 1140 2466 ..Ἀριστοφάνης
1175 2407 1406 2462 Ἀμφιάρεῳ.
1439 2408 1675 2458 Harpocrat.

0 2515 3 2519 ,
84 2475 272 2521 „confert
292 2475 499 2514 Bekkerus
528 2474 629 2515 Xen.
649 2472 755 2515 Hell.
779 2473 816 2520 6,
849 2472 888 2519 4,
920 2472 973 2510 36
1005 2466 1257 2508 ἐπισπάσασα
1287 2464 1360 2517 τὴν
1388 2463 1526 2516 θύραν
1555 2462 1681 2514 εἴχετο

118 2537 191 2572 τοῦ
223 2531 413 2587 ρόπτρου.

888 2617 946 2659 40

325 2701 401 2745 καὶ
431 2698 489 2757 νὴ
519 2698 595 2744 Δί’
631 2700 672 2742 εἰ
699 2695 946 2781 Πάμφιλόν
974 2710 1025 2751 γε
1056 2696 1191 2749 φαίης

326 2771 536 2814 κλέπτειν
566 2769 619 2812 τὰ
652 2764 768 2811 κοίν’
802 2763 891 2822 ἅμα
921 2780 969 2808 τε
999 2766 1324 2816 συκοφαντεῖν.

0 2876 9 2900 ¹.
234 2855 368 2895 Schol.
389 2855 496 2894 Plut.
522 2854 601 2892 174
631 2848 653 2890 ὁ
684 2845 896 2900 Πάμφιλος
927 2842 1156 2899 δημαγωγὸς
1185 2857 1238 2894 ην
1266 2839 1333 2881 καὶ
1363 2838 1518 2880 ἔκλεπτε
1549 2837 1594 2877 τὰ
1617 2843 1687 2877 τοῦ

0 2900 6 2985 ᾖ
117 2886 266 2964 δήμου,
296 2908 351 2959 ὥς
380 2909 449 2950 καὶ
479 2907 655 2949 Πλάτων
684 2905 810 2958 φησὶν
826 2902 1058 2958 Ἀμφιαράῳ
1079 2903 1159 2941 κτλ.
1199 2900 1469 2949 συκοφαντεῖν
1488 2897 1686 2936 Hemster-

188 2983 310 3012 comici
329 2980 731 3019 graeeei‚ed.'1·h.1{ook.
1376 2965 1419 2999 26
