1872 3224
591 187 767 223 ΣΑΜΙΟΙ
793 208 837 213 -
864 216 872 225 .
898 219 907 228 ,
932 190 1204 227 ΠΝΙΑΣΤΡΙΑ
1601 195 1678 236 141

61 288 253 349 ,ριγῶνῖ
285 293 504 333 Porsonus.
534 291 632 344 μετὰ
662 291 814 348 βύξου]
849 294 1099 349 Μεγαβύζου
1138 296 1310 338 Casaub.
1343 295 1492 352 δέξετ’]
1526 296 1684 349 δέξεταί

58 352 61 358 ’
87 348 125 392 τ’
156 351 376 392 Porsonus.
407 348 533 404 σῖτος]
567 354 679 391 σῖτον
709 352 881 393 casaub.
913 354 1190 406 fragmentum
1226 358 1268 396 et
1306 356 1680 408 corn-aptissimum

48 435 50 437 >
87 410 131 451 et
158 409 224 451 vel
252 410 349 462 post
379 421 519 450 omnes
539 409 749 449 hominum
771 410 981 453 doctorum
1007 413 1310 454 emendationes
1331 415 1674 457 obscurissimum.

0 515 1 525 ἵ
52 503 58 507 .
86 480 138 509 ne
167 479 358 519 praesens
389 467 552 518 quidem
582 469 743 519 tempus
775 465 1015 522 (ποιμαίνει)
1057 472 1258 521 quomodo
1298 485 1388 512 eum
1424 473 1562 514 futuro
1596 471 1679 525 (δέ-

47 531 51 543 ³
88 521 214 580 ξεται)
243 527 353 566 reete
383 526 635 566 consocietur
657 526 843 576 adparet.
875 540 1016 568 versus
1047 531 1144 568 sunt
1173 530 1440 570 Pherecratei.
1492 532 1544 571 of.
1575 532 1676 572 Phe-

38 598 50 611 *
85 596 188 624 reor.
222 584 274 624 79
306 586 349 623 et
378 583 427 622 de
458 584 664 624 sententia
700 584 884 624 Pherecr.
924 587 991 624 32.
1031 587 1221 626 miseram
1258 588 1392 627 nescio
1424 589 1536 629 cuius
1566 590 1677 640 apud

33 667 43 695 5
86 641 357 694 Megabyzum
393 641 588 692 aliquem,
640 642 669 681 i.
709 656 741 681 e.
781 643 988 682 hominem
1034 644 1273 695 opulentum
1317 648 1358 685 et
1400 646 1679 698 adrogantem,

87 699 364 741 condicionem
395 699 569 740 describi
599 703 846 740 monuerunt
876 700 1138 742 Casaubonus
1169 705 1211 742 et
1240 703 1568 745 Hemsterhusius
1599 705 1678 746 Lu-

30 759 42 772 ”
88 757 190 798 cian.
221 757 243 797 I
273 758 371 798 385.
404 758 454 800 cf.
485 758 660 798 Meinek.
683 758 904 799 -Menandr.
936 773 975 810 p.
1007 760 1076 800 48.

865 871 922 914 34

296 949 373 995 καὶ
403 948 459 1007 δή
492 951 653 995 ποδεῖα
676 952 904 1008 τριμίτινα

0 998 26 1109 ἔ
204 1036 350 1076 Pollux
382 1038 420 1085 7,
453 1037 506 1075 92
530 1033 586 1094 yde
617 1032 663 1075 δὲ
692 1033 892 1088 πέλλυτρα
922 1035 990 1077 καὶ
1021 1031 1126 1086 εἶδος
1157 1034 1439 1092 ὑποδήματος,
1472 1037 1605 1093 ὥσπερ
1626 1034 1682 1080 αὖ

0 1115 17 1148 'a'
89 1091 138 1134 τὰ
168 1093 312 1133 ποδεῖα
342 1089 491 1133 ταύτὸν
519 1094 575 1146 ἠν
604 1097 693 1142 ταῖς
725 1090 988 1148 ἀναξυρίσιν,
1025 1092 1075 1144 ἅς
1115 1094 1279 1145 σκελέας
1320 1095 1423 1145 τινὲς
1462 1095 1681 1150 ὀνομάζου-

0 1152 19 1218 f
43 1196 46 1197 ⁷
88 1162 170 1192 σιν.
202 1149 365 1205 Κράτης
387 1149 432 1191 ἐν
454 1147 651 1204 Ἑορταῖς.
684 1153 860 1193 Meinek.
887 1151 1072 1206 Τόλμαις.
1104 1155 1281 1206 Hesyeh.
1304 1155 1467 1195 ποδεῐα·
1501 1154 1679 1209 ἕνειλήμ-

0 1214 19 1286 ξ’
87 1225 192 1264 ματα
223 1209 379 1251 ποδῶν.
410 1222 486 1252 scr.
520 1207 776 1263 ἐνειλήματα.
809 1224 855 1251 ac
887 1213 945 1252 sie
974 1213 1145 1253 Photius
1175 1211 1333 1254 πόδεια.

863 1337 921 1380 35

296 1413 628 1473 ἄστραγαλωτή
658 1417 763 1475 (τις)
795 1415 955 1475 μάστιξ

203 1494 313 1551 παρὰ
344 1498 524 1553 Κράτητι
555 1498 599 1540 ἕν
630 1504 717 1549 ταῖς
752 1499 924 1554 Τόλμαις
956 1497 1198 1554 ὠνόμασται.
1231 1503 1334 1542 Poll.
1372 1505 1437 1552 10,
1470 1504 1537 1543 54.

867 1615 923 1658 36

302 1668 411 1722 ὄνος
442 1671 496 1715 ἐν
524 1673 754 1727 μελίτταις

207 1748 377 1807 Κράτης
397 1753 590 1806 Τόλμαις·
612 1754 680 1796 καὶ
701 1754 795 1803 ὄνος
817 1753 862 1796 ἐν
880 1752 1014 1811 μύρῳ·
1038 1755 1244 1809 παροιμία.
1267 1757 1436 1797 Photius
1457 1759 1499 1798 et
1521 1757 1682 1798 Suidas.

90 1809 330 1863 Diogenian.
363 1814 400 1862 7,
433 1814 501 1853 32.
543 1814 712 1866 Gregor.
754 1814 876 1866 Cypr.
919 1815 1050 1866 Mosq.
1081 1816 1129 1867 4,
1163 1815 1232 1854 65.
1275 1815 1460 1865 Apostol.
1501 1817 1574 1865 12,
1616 1817 1682 1858 80.

90 1864 188 1916 ὄνος
220 1866 265 1909 ἐν
293 1869 516 1922 μελίσσαις·
550 1869 615 1912 ἐπὶ
645 1877 727 1912 τῶν
759 1870 841 1925 [ἐν]
875 1875 1016 1919 κακοῖς
1046 1869 1356 1925 περιπεσόντων.

301 2039 348 2092 ἐξ
381 2038 488 2084 ὅτου
517 2034 670 2097 ἦλθον
867 1985 921 2028 37

209 2118 300 2162 ἀντὶ
330 2120 402 2163 τοῦ
431 2121 473 2174 ἐξ
504 2118 565 2165 οὗ.
620 2123 783 2177 Κράτης
819 2121 1002 2178 Τόλμαις.
1033 2126 1160 2167 Bekk.
1194 2125 1344 2166 Aneod.
1378 2128 1444 2175 93,
1483 2128 1546 2168 16.

868 2239 924 2282 38

209 2320 358 2361 Athen.
392 2322 458 2372 14,
492 2323 608 2362 619a
637 2319 706 2361 καὶ
735 2319 998 2374 βαλανέων
1029 2314 1144 2361 ἄλλαι
1173 2315 1300 2376 (ἦσαν
1329 2318 1464 2376 ᾠδαί),
1496 2317 1551 2369 ὥς
1578 2320 1681 2374 Κρά-

94 2390 164 2427 της
195 2374 240 2417 ἐν
272 2376 459 2431 Τόλμαις,

727 2470 985 2505 ΦΙΛΑΡΓΤΡ
990 2471 1054 2506 ΟΣ

209 2550 302 2591 Non
322 2552 485 2593 videtur
504 2553 655 2604 scripta
675 2566 762 2594 esse
778 2553 829 2593 ab
846 2554 1036 2604 antiquae
1051 2555 1170 2605 poeta
1190 2552 1431 2592 comoediae.
1450 2552 1601 2593 Mein.I
1613 2553 1680 2594 64.

718 2726 726 2736 .
752 2725 761 2735 .
788 2700 1062 2737 ΠΝῙΑΣΤΡΙΑ

211 2781 372 2822 Titulus
403 2783 614 2824 mutilatus
644 2778 692 2823 in*
718 2784 899 2835 catalogo
930 2784 1127 2822 librorum
1157 2781 1378 2823 Piraeensi.
1427 2782 1681 2824 Oumanudes

99 2835 409 2893 Δειπνιᾶστρια,
440 2854 543 2892 quae
574 2854 651 2882 vox
682 2854 828 2893 graeca
857 2854 986 2892 neque
1017 2843 1078 2881 est
1107 2853 1237 2891 neque
1269 2853 1353 2880 esse
1392 2843 1539 2891 potest,
1592 2854 1681 2881 cum

96 2909 214 2937 nemo
244 2911 436 2949 umquam
468 2894 710 2946 δειπνιᾶζειν
740 2900 901 2939 dixerit.
954 2911 1084 2949 neque
1123 2911 1217 2939 vero
1250 2899 1467 2949 cogitando
1499 2900 1681 2939 invenire
