1872 3224
225 173 310 217 550
804 168 1197 204 ΑΡΙΣΤΟΦΑΝΟΤΣ

226 276 271 317 ἐκ
300 282 372 317 τοῦ
400 274 552 328 ἁθρόος
590 275 742 326 γίνεται
777 273 976 327 α’θρους.
1032 302 1040 310 .
1072 271 1140 311 καὶ
1173 268 1465 325 Ἀριστοφάνης
1502 274 1585 312 κτλ.
1643 272 1807 313 videtur

227 337 508 375 ohoreutarum
538 333 698 372 habitus
728 332 965 383 vituperari.
1024 331 1075 370 ad
1112 331 1360 383 Babylonios
1399 329 1466 382 (fr.
1498 326 1573 384 66)
1606 330 1807 372 referebat
1826 370 1842 388 ·

226 393 467 432 Fritzschius
497 390 641 441 Babyl.
675 391 741 429 25.
1859 403 1862 406 -

978 500 1064 543 634

370 630 372 632 ¹
434 581 580 632 πόθεν
611 579 655 623 δ’
688 580 777 636 ἐγώ
809 593 882 624 σοι
914 581 1156 637 συγγενής,
1188 574 1226 623 (ὅ
1255 580 1487 636 φαρμακέ;

342 666 580 706 Eustathius
622 666 751 714 1415,
794 666 846 705 62
886 661 907 703 ὅ
945 661 990 704 δὲ
1034 661 1243 716 φαρμακὸς
1280 661 1368 714 ἤτοι
1404 655 1448 701 τὸ
1485 661 1678 715 κάθαρμα
1710 693 1720 703 .
1752 693 1762 704 .
1797 694 1807 704 .

223 721 518 776 Ἀριστοφάνης
563 724 643 764 κτλ.
702 723 1005 762 Daetalensium
1043 734 1130 762 esse
1168 722 1337 772 putabat
1355 721 1618 761 'Fritzschius
1651 721 1807 761 Daotal.

230 783 311 821 134
342 781 433 821 adn.
466 781 535 820 sed
565 781 737 820 fortasse
766 793 855 819 cum
886 780 936 819 fr.
960 780 1042 820 655
1071 779 1398 830 coniungendum
1427 780 1491 818 est
1519 779 1626 818 huno
1652 779 1696 818 in
1724 790 1808 818 mo-

230 840 325 878 dum
356 835 407 876 σὺ
439 834 480 876 δ’
513 834 689 888 ὁμέστιος
720 839 834 884 θεοῖς
865 834 1016 887 πόθεν;
1058 833 1189 875 πόθεν
1219 831 1256 873 δ’
1291 833 1367 888 ἐγώ
1399 845 1463 874 σοι
1491 837 1575 876 κτλ.
1633 835 1743 887 quod
1772 836 1808 878 si

228 909 369 936 verum
400 895 574 947 videtur,
607 895 823 934 Herculem
855 894 1049 945 adpellari
1079 895 1391 934 consentaneum
1421 895 1495 933 est.

979 1017 1064 1061 635

436 1099 567 1148 λίθος
597 1113 663 1148 τις
693 1094 863 1153 ὤζησεν
893 1097 1236 1154 τεθυμιαμένος.

344 1182 624 1232 Theognostus
656 1181 828 1220 Bekker.
861 1181 1010 1221 Aneod.
1045 1182 1175 1231 1403,
1214 1180 1394 1220 Grameri
1423 1179 1504 1219 An.
1536 1178 1612 1220 Ox.
1634 1178 1684 1219 II
1717 1179 1814 1232 142,

232 1242 299 1287 20,
330 1239 548 1278 Herodian.
570 1238 590 1277 Ι
611 1239 707 1286 444,
732 1240 757 1278 3
788 1233 916 1289 ὀζήσω
946 1235 1014 1277 διὰ
1044 1242 1116 1277 τοῦ
1146 1253 1194 1289 η,
1225 1234 1280 1285 ὥς
1310 1235 1379 1277 καὶ
1405 1233 1699 1289 Ἀριστοφάνης
1728 1237 1811 1278 κτλ.

232 1294 384 1347 ὤζησεν
406 1296 590 1335 Dindorf.
593 1295 608 1347 ]
632 1293 788 1346 ὅζησεν.
819 1298 890 1335 aut
911 1309 1001 1335 cum
1022 1296 1198 1348 Bergkio
1229 1292 1401 1342 πέλεθός
1424 1308 1480 1342 τις
1511 1296 1582 1334 aut
1610 1293 1641 1349 β
1646 1287 1814 1342 όλιτος

232 1368 290 1401 τις
321 1348 447 1405 ὤζησ’
471 1348 526 1392 οὐ
558 1350 852 1404 τεθυμωμένος
883 1354 1139 1393 scribendum
1171 1353 1342 1393 videtur.

986 1475 1071 1519 636

439 1554 567 1611 ὤμην
598 1554 641 1598 δ’
674 1558 813 1611 ἔγωγε
844 1555 925 1599 τὸν
956 1554 1261 1612 Κυκλοβόρου
1291 1555 1509 1598 κατιέναι.

350 1640 482 1679 Schol.
515 1640 587 1690 Eq.
614 1641 693 1678 137
725 1632 898 1703 ποταμὸς
929 1644 1001 1690 τῆς
1029 1635 1209 1691 Ἀττικῆς
1239 1633 1476 1710 χειμάρρους
1506 1633 1529 1677 ὁ
1559 1633 1815 1690 Κυκλοβόρος

233 1693 313 1736 ὑπὸ
340 1692 574 1747 Αθηναίων
604 1696 789 1748 χωσθείς.
851 1690 925 1747 τὴν
952 1696 1218 1747 κακοφωνίαν
1246 1689 1323 1736 οὖν
1352 1695 1422 1735 τοῦ
1453 1692 1638 1742 Κλέωνος
1678 1691 1815 1734 εἴκασε

234 1754 286 1808 τῷ
316 1751 399 1806 ἤχῳ
430 1758 500 1792 τοῦ
530 1759 728 1805 ποταμοῦ·
760 1752 828 1793 καὶ
857 1751 1031 1805 ἀλλαχοῦ
1060 1756 1143 1794 κτλ.
1174 1751 1294 1806 ἔγωγε
1315 1751 1510 1806 Brunck.]
1541 1749 1631 1805 ἐγὼ.
1663 1751 1812 1804 Bergk.

235 1809 309 1863 ἐγὼ
342 1832 395 1839 —-
428 1808 630 1851 καθιέναι.
662 1812 711 1850 of.
744 1812 819 1862 Eq.
841 1813 937 1851 430.
979 1812 1257 1851 turbulentam
1289 1810 1448 1850 Cleonis
1478 1809 1782 1861 eloquentiam'
1770 1821 1815 1849 ιιι

234 1870 477 1910 Holcadibus
507 1872 857 1909 commemoratam
888 1882 974 1909 esse
1003 1869 1203 1922 Bergkius
1233 1868 1468 1908 arbitratur.

983 2015 1067 2058 637

444 2093 620 2148 ἐβάδιζέ
645 2109 722 2148 μοι
751 2093 802 2137 τὸ
832 2094 1070 2150 μειράκιον
1103 2093 1149 2146 ἐξ
1180 2090 1462 2151 ἀποτρόχων.

285 2187 287 2189 ’
352 2177 483 2217 Schol.
525 2178 706 2228 Euripid.
745 2179 851 2245 Mod.
889 2180 943 2218 46
983 2176 1026 2217 ἐκ
1063 2176 1234 2249 τρόχων·
1282 2175 1518 2229 βαρυτόνως
1561 2172 1616 2223 ὥς
1665 2170 1811 2226 νόμων.

231 2229 523 2285 Ἀριστοφανης
554 2237 635 2274 κτλ.
698 2231 752 2282 ὥς
790 2231 870 2274 ἀπὸ
906 2235 1132 2288 γυμνασίας
1171 2230 1247 2275 ουν
1284 2233 1479 2281 ἐλθόντας
1518 2231 1611 2280 τοὺς
1648 2231 1831 2279 waldus-f

237 2288 394 2342 ἐβάδιζέ
424 2292 563 2331 Elmsl.
597 2293 702 2331 Med.
735 2290 810 2345 85]
843 2293 1005 2344 βαδίζει.
1038 2294 1179 2343 Eurip.
1211 2294 1317 2333 Med.
1349 2294 1404 2332 46
1434 2287 1521 2330 ἄλλ’
1554 2289 1640 2330 οἵδε
1668 2287 1813 2336 παῖδες

237 2346 280 2386 ἐκ
319 2346 474 2399 τρόχων
509 2346 760 2400 πεπαυμένοι
785 2349 791 2402 Ι
818 2349 1024 2401 στείχουσι.
1062 2351 1237 2402 Hesych.
1275 2344 1519 2400 ἆποτρόχου·
1560 2345 1602 2396 ἐξ
1639 2344 1814 2415 αρματος

238 2403 393 2456 δρόμου.
434 2418 516 2445 11011
547 2407 676 2447 credo.
725 2407 830 2446 idem
870 2405 909 2455 ἐξ
947 2403 1187 2459 ἆποτρόχου·
1227 2404 1271 2446 ἐκ
1307 2403 1565 2476 περιδρόμου.
1604 2398 1814 2454 ἆπότροχοι

237 2466 332 2502 sunt
366 2463 435 2512 qui
473 2463 569 2501 alibi
607 2458 744 2515 δρόμοι
781 2466 986 2504 vocantur.
1026 2465 1075 2506 of.
1115 2465 1220 2504 Nub.
1263 2466 1371 2504 1005
1410 2459 1491 2502 ὑπὸ
1529 2463 1616 2508 ταῖς
1653 2458 1810 2512 μορίαις

236 2516 523 2570 ἀποθρέξει.
555 2524 650 2559 sunt
669 2521 795 2572 igissur
814 2522 1110 2563 ambulationes.
1139 2535 1268 2573 neque
1289 2534 1388 2571 opus
1410 2522 1472 2560 est
1489 2519 1573 2559 ulla
1590 2517 1812 2557 mutatione

239 2575 463 2628 (Herwerd.
496 2578 643 2617 Mnem.
675 2591 768 2619 nov.
801 2578 859 2617 VI
889 2576 977 2632 62).

986 2690 1070 2733 638

443 2767 518 2809 καὶ
549 2770 879 2825 στρεψίμαλλυς
907 2769 991 2826 τὴν
1019 2769 1182 2825 τέχνην
1213 2766 1479 2824 Εὐριπίδης.

354 2848 486 2891 Schol.
510 2850 609 2890 Ran.
635 2852 716 2895 775
737 2851 978 2906 παρίστησιν
994 2845 1132 2901 αὐτοῦ
1162 2849 1204 2891 τὸ
1234 2849 1323 2905 περὶ
1352 2844 1444 2899 τούς
1473 2848 1615 2904 λόγους
1645 2845 1810 2903 σαπρόν.
