<?xml version="1.0" encoding="UTF-8"?>
<!DOCTYPE html PUBLIC "-//W3C//DTD XHTML 1.0 Transitional//EN"
    "http://www.w3.org/TR/xhtml1/DTD/xhtml1-transitional.dtd">
<html xmlns="http://www.w3.org/1999/xhtml" xml:lang="en" lang="en">
 <head>
  <title>
</title>
<meta http-equiv="Content-Type" content="text/html;charset=utf-8" />
  <meta name='ocr-system' content='tesseract 3.04.00' />
  <meta name='ocr-capabilities' content='ocr_page ocr_carea ocr_par ocr_line ocrx_word'/>
</head>
<body>
  <div class='ocr_page' id='page_1' title='image "./comicorumatticor01kockuoft_0295.png"; bbox 0 0 1872 3224; ppageno 0'>
   <div class='ocr_carea' id='block_1_1' title="bbox 0 0 232 451">
    <p class='ocr_par' dir='ltr' id='par_1_1' title="bbox 0 0 232 451">
     <span class='ocr_line' id='line_1_1' title="bbox 0 0 232 451; baseline 0 0"><span class='ocrx_word' id='word_1_1' title='bbox 0 0 232 451; x_wconf 95' lang='lat' dir='ltr'><strong><em>    </em></strong></span> 
     </span>
    </p>
   </div>
   <div class='ocr_carea' id='block_1_2' title="bbox 91 167 1708 248">
    <p class='ocr_par' dir='ltr' id='par_1_2' title="bbox 91 166 1708 248">
     <span class='ocr_line' id='line_1_2' title="bbox 91 167 1708 248; baseline 0.035 -48"><span class='ocrx_word' id='word_1_2' title='bbox 91 185 150 248; x_wconf 19' lang='grc' dir='ltr'><strong><em>..Α</em></strong></span> <span class='ocrx_word' id='word_1_3' title='bbox 205 167 208 172; x_wconf 85' lang='grc'><strong>’</strong></span> <span class='ocrx_word' id='word_1_4' title='bbox 677 191 830 228; x_wconf 80' lang='grc' dir='ltr'><strong>ΑΙΓΕΣ-</strong></span> <span class='ocrx_word' id='word_1_5' title='bbox 867 194 1208 234; x_wconf 75' lang='grc' dir='ltr'><strong>ΑΣΤΡΑΤΕΤΤΟΙ</strong></span> <span class='ocrx_word' id='word_1_6' title='bbox 1625 204 1708 248; x_wconf 83' lang='grc'><strong><em>265</em></strong></span> 
     </span>
    </p>
   </div>
   <div class='ocr_carea' id='block_1_3' title="bbox 1 288 1707 815">
    <p class='ocr_par' dir='ltr' id='par_1_3' title="bbox 1 288 1707 815">
     <span class='ocr_line' id='line_1_3' title="bbox 82 288 1705 364; baseline 0.01 -31"><span class='ocrx_word' id='word_1_7' title='bbox 82 292 191 344; x_wconf 63' lang='grc' dir='ltr'><strong><em>-χῇλις</em></strong></span> <span class='ocrx_word' id='word_1_8' title='bbox 221 289 268 334; x_wconf 79' lang='grc' dir='ltr'><strong><em>ἔν</em></strong></span> <span class='ocrx_word' id='word_1_9' title='bbox 299 288 599 346; x_wconf 80' lang='grc' dir='ltr'><strong><em>Ἀστρατεύτοις</em></strong></span> <span class='ocrx_word' id='word_1_10' title='bbox 638 298 719 336; x_wconf 86' lang='grc' dir='ltr'><strong><em>κτλ.</em></strong></span> <span class='ocrx_word' id='word_1_11' title='bbox 771 296 1045 354; x_wconf 76' lang='grc' dir='ltr'><strong>ἐστρατεύετο]</strong></span> <span class='ocrx_word' id='word_1_12' title='bbox 1086 300 1295 356; x_wconf 74' lang='grc' dir='ltr'><strong><em>ἐστράτευε</em></strong></span> <span class='ocrx_word' id='word_1_13' title='bbox 1325 306 1374 346; x_wconf 90' lang='lat' dir='ltr'><strong><em>V.</em></strong></span> <span class='ocrx_word' id='word_1_14' title='bbox 1443 308 1480 347; x_wconf 85' lang='lat'><strong><em>2.</em></strong></span> <span class='ocrx_word' id='word_1_15' title='bbox 1513 313 1583 361; x_wconf 86' lang='grc' dir='ltr'><strong><em>τῆς</em></strong></span> <span class='ocrx_word' id='word_1_16' title='bbox 1614 309 1705 364; x_wconf 80' lang='lat' dir='ltr'><strong><em>RV]</em></strong></span> 
     </span>
     <span class='ocr_line' id='line_1_4' title="bbox 99 352 1707 418; baseline 0.012 -28.767"><span class='ocrx_word' id='word_1_17' title='bbox 99 359 102 361; x_wconf 75' lang='grc'><strong>’</strong></span> <span class='ocrx_word' id='word_1_18' title='bbox 125 355 200 404; x_wconf 56' lang='grc' dir='ltr'><strong><em>τῆς</em></strong></span> <span class='ocrx_word' id='word_1_19' title='bbox 231 355 307 404; x_wconf 85' lang='grc' dir='ltr'><strong><em>σῆς</em></strong></span> <span class='ocrx_word' id='word_1_20' title='bbox 337 352 433 393; x_wconf 91' lang='lat' dir='ltr'>Ald.</span> <span class='ocrx_word' id='word_1_21' title='bbox 466 354 672 407; x_wconf 75' lang='grc' dir='ltr'><strong><em>στρατιᾶς]</em></strong></span> <span class='ocrx_word' id='word_1_22' title='bbox 715 357 918 408; x_wconf 83' lang='grc' dir='ltr'><strong><em>στρατείας</em></strong></span> <span class='ocrx_word' id='word_1_23' title='bbox 957 359 1051 399; x_wconf 86' lang='lat' dir='ltr'>Ald.</span> <span class='ocrx_word' id='word_1_24' title='bbox 1089 357 1220 413; x_wconf 88' lang='grc' dir='ltr'><strong><em>πάσης</em></strong></span> <span class='ocrx_word' id='word_1_25' title='bbox 1252 368 1322 415; x_wconf 85' lang='grc' dir='ltr'><strong><em>τῆς</em></strong></span> <span class='ocrx_word' id='word_1_26' title='bbox 1353 369 1539 418; x_wconf 71' lang='grc' dir='ltr'><strong><em>στρατιᾶς</em></strong></span> <span class='ocrx_word' id='word_1_27' title='bbox 1571 367 1707 408; x_wconf 80' lang='lat' dir='ltr'><strong>Cobet.</strong></span> 
     </span>
     <span class='ocr_line' id='line_1_5' title="bbox 1 406 1706 477; baseline 0.008 -28"><span class='ocrx_word' id='word_1_28' title='bbox 1 433 4 453; x_wconf 60' lang='lat' dir='ltr'>f</span> <span class='ocrx_word' id='word_1_29' title='bbox 69 412 77 463; x_wconf 53' lang='lat' dir='ltr'>J</span> <span class='ocrx_word' id='word_1_30' title='bbox 98 447 99 450; x_wconf 75' lang='grc'>,</span> <span class='ocrx_word' id='word_1_31' title='bbox 125 406 228 477; x_wconf 58' lang='lat' dir='ltr'><strong><em>phe:</em></strong></span> <span class='ocrx_word' id='word_1_32' title='bbox 249 409 468 476; x_wconf 12' lang='lat' dir='ltr'>crithtlat.</span> <span class='ocrx_word' id='word_1_33' title='bbox 493 412 589 462; x_wconf 85' lang='lat'>127,</span> <span class='ocrx_word' id='word_1_34' title='bbox 622 414 815 464; x_wconf 82' lang='lat' dir='ltr'>deceptus</span> <span class='ocrx_word' id='word_1_35' title='bbox 837 417 1008 456; x_wconf 80' lang='lat' dir='ltr'><strong>Aldinae</strong></span> <span class='ocrx_word' id='word_1_36' title='bbox 1030 418 1310 470; x_wconf 70' lang='lat' dir='ltr'>discrepantia.</span> <span class='ocrx_word' id='word_1_37' title='bbox 1343 426 1552 472; x_wconf 82' lang='lat' dir='ltr'>praeterea</span> <span class='ocrx_word' id='word_1_38' title='bbox 1574 426 1706 475; x_wconf 91' lang='grc' dir='ltr'><strong><em>Σπαρ-</em></strong></span> 
     </span>
     <span class='ocr_line' id='line_1_6' title="bbox 1 466 1705 524; baseline 0.01 -19"><span class='ocrx_word' id='word_1_39' title='bbox 1 484 2 488; x_wconf 52' lang='grc'>’</span> <span class='ocrx_word' id='word_1_40' title='bbox 30 473 38 504; x_wconf 78' lang='grc' dir='ltr'>ἶ</span> <span class='ocrx_word' id='word_1_41' title='bbox 71 466 253 521; x_wconf 46' lang='lat' dir='ltr'><strong><em>fusim·</em></strong></span> <span class='ocrx_word' id='word_1_42' title='bbox 284 466 569 524; x_wconf 80' lang='grc' dir='ltr'><strong><em>(Σπαρτωλον)</em></strong></span> <span class='ocrx_word' id='word_1_43' title='bbox 606 484 680 522; x_wconf 84' lang='lat' dir='ltr'>pro</span> <span class='ocrx_word' id='word_1_44' title='bbox 719 471 943 513; x_wconf 82' lang='grc' dir='ltr'><strong><em>Πακτωλὸν</em></strong></span> <span class='ocrx_word' id='word_1_45' title='bbox 984 475 1191 517; x_wconf 83' lang='lat' dir='ltr'>Hanovius</span> <span class='ocrx_word' id='word_1_46' title='bbox 1231 479 1368 519; x_wconf 84' lang='lat' dir='ltr'>Exere.</span> <span class='ocrx_word' id='word_1_47' title='bbox 1401 482 1486 521; x_wconf 88' lang='lat' dir='ltr'>crit.</span> <span class='ocrx_word' id='word_1_48' title='bbox 1518 483 1569 522; x_wconf 88' lang='lat'><strong><em>81</em></strong></span> <span class='ocrx_word' id='word_1_49' title='bbox 1604 484 1705 522; x_wconf 88' lang='lat' dir='ltr'>conl.</span> 
     </span>
     <span class='ocr_line' id='line_1_7' title="bbox 84 523 1706 586; baseline 0.01 -21.757"><span class='ocrx_word' id='word_1_50' title='bbox 84 528 92 534; x_wconf 77' lang='grc'>”</span> <span class='ocrx_word' id='word_1_51' title='bbox 119 523 252 575; x_wconf 60' lang='lat' dir='ltr'>Thac.</span> <span class='ocrx_word' id='word_1_52' title='bbox 285 526 324 576; x_wconf 84' lang='lat'><strong><em>2,</em></strong></span> <span class='ocrx_word' id='word_1_53' title='bbox 357 527 410 566; x_wconf 85' lang='lat'><strong><em>97</em></strong></span> <span class='ocrx_word' id='word_1_54' title='bbox 444 524 529 579; x_wconf 90' lang='grc'>(01.</span> <span class='ocrx_word' id='word_1_55' title='bbox 562 529 631 581; x_wconf 88' lang='lat'><strong><em>87,</em></strong></span> <span class='ocrx_word' id='word_1_56' title='bbox 662 529 722 580; x_wconf 92' lang='grc'><strong><em>4).</em></strong></span> <span class='ocrx_word' id='word_1_57' title='bbox 755 532 797 570; x_wconf 88' lang='lat' dir='ltr'>at</span> <span class='ocrx_word' id='word_1_58' title='bbox 826 544 871 571; x_wconf 91' lang='lat' dir='ltr'>eo</span> <span class='ocrx_word' id='word_1_59' title='bbox 903 533 1008 583; x_wconf 88' lang='lat' dir='ltr'>quod</span> <span class='ocrx_word' id='word_1_60' title='bbox 1047 534 1095 573; x_wconf 88' lang='lat' dir='ltr'>de</span> <span class='ocrx_word' id='word_1_61' title='bbox 1125 535 1377 586; x_wconf 73' lang='lat' dir='ltr'>expeditione</span> <span class='ocrx_word' id='word_1_62' title='bbox 1408 539 1457 578; x_wconf 86' lang='lat' dir='ltr'><strong><em>ad</em></strong></span> <span class='ocrx_word' id='word_1_63' title='bbox 1496 539 1706 579; x_wconf 76' lang='lat' dir='ltr'><strong>Pactolum</strong></span> 
     </span>
     <span class='ocr_line' id='line_1_8' title="bbox 51 584 1703 647; baseline 0.008 -23"><span class='ocrx_word' id='word_1_64' title='bbox 51 594 83 641; x_wconf 47' lang='grc' dir='ltr'><strong><em>ἦ·</em></strong></span> <span class='ocrx_word' id='word_1_65' title='bbox 124 585 313 636; x_wconf 71' lang='lat' dir='ltr'>suscepta</span> <span class='ocrx_word' id='word_1_66' title='bbox 341 584 444 624; x_wconf 87' lang='lat' dir='ltr'><strong>nihil</strong></span> <span class='ocrx_word' id='word_1_67' title='bbox 474 587 745 637; x_wconf 78' lang='lat' dir='ltr'>comperimus</span> <span class='ocrx_word' id='word_1_68' title='bbox 776 601 1027 641; x_wconf 81' lang='lat' dir='ltr'>nequaquam</span> <span class='ocrx_word' id='word_1_69' title='bbox 1058 591 1230 632; x_wconf 86' lang='lat' dir='ltr'>efficitur</span> <span class='ocrx_word' id='word_1_70' title='bbox 1260 607 1346 633; x_wconf 87' lang='lat' dir='ltr'>eam</span> <span class='ocrx_word' id='word_1_71' title='bbox 1377 608 1456 635; x_wconf 87' lang='lat' dir='ltr'><strong><em>non</em></strong></span> <span class='ocrx_word' id='word_1_72' title='bbox 1478 600 1703 647; x_wconf 78' lang='lat' dir='ltr'>susceptam</span> 
     </span>
     <span class='ocr_line' id='line_1_9' title="bbox 123 642 1703 705; baseline 0.008 -23.344"><span class='ocrx_word' id='word_1_73' title='bbox 123 653 237 698; x_wconf 51' lang='lat' dir='ltr'>esse,</span> <span class='ocrx_word' id='word_1_74' title='bbox 253 642 403 681; x_wconf 89' lang='lat' dir='ltr'>nedum</span> <span class='ocrx_word' id='word_1_75' title='bbox 423 643 473 682; x_wconf 87' lang='lat' dir='ltr'><strong><em>ab</em></strong></span> <span class='ocrx_word' id='word_1_76' title='bbox 494 643 693 695; x_wconf 86' lang='lat' dir='ltr'>Eupolide</span> <span class='ocrx_word' id='word_1_77' title='bbox 715 645 814 697; x_wconf 92' lang='lat' dir='ltr'>fingi</span> <span class='ocrx_word' id='word_1_78' title='bbox 835 660 918 687; x_wconf 88' lang='lat' dir='ltr'><strong><em>non</em></strong></span> <span class='ocrx_word' id='word_1_79' title='bbox 939 649 1130 699; x_wconf 89' lang='lat' dir='ltr'>potuisse.</span> <span class='ocrx_word' id='word_1_80' title='bbox 1164 650 1211 689; x_wconf 90' lang='lat' dir='ltr'>de</span> <span class='ocrx_word' id='word_1_81' title='bbox 1232 651 1433 693; x_wconf 78' lang='lat' dir='ltr'><strong><em>Pisandro</em></strong></span> <span class='ocrx_word' id='word_1_82' title='bbox 1465 654 1514 693; x_wconf 85' lang='lat' dir='ltr'><strong><em>cf.</em></strong></span> <span class='ocrx_word' id='word_1_83' title='bbox 1536 654 1703 705; x_wconf 83' lang='lat' dir='ltr'>interpr.</span> 
     </span>
     <span class='ocr_line' id='line_1_10' title="bbox 1 699 1704 758; baseline 0.008 -20"><span class='ocrx_word' id='word_1_84' title='bbox 1 714 5 718; x_wconf 74' lang='grc'><strong>’</strong></span> <span class='ocrx_word' id='word_1_85' title='bbox 43 713 51 737; x_wconf 80' lang='grc'><strong><em>·,</em></strong></span> <span class='ocrx_word' id='word_1_86' title='bbox 90 730 98 738; x_wconf 69' lang='grc'><strong><em>.</em></strong></span> <span class='ocrx_word' id='word_1_87' title='bbox 122 699 248 742; x_wconf 83' lang='lat' dir='ltr'>Arist.</span> <span class='ocrx_word' id='word_1_88' title='bbox 281 699 359 740; x_wconf 85' lang='lat' dir='ltr'><strong><em>Av.</em></strong></span> <span class='ocrx_word' id='word_1_89' title='bbox 395 701 519 740; x_wconf 88' lang='lat'>1556.</span> <span class='ocrx_word' id='word_1_90' title='bbox 554 715 654 753; x_wconf 88' lang='lat' dir='ltr'>quae</span> <span class='ocrx_word' id='word_1_91' title='bbox 686 703 928 745; x_wconf 83' lang='lat' dir='ltr'>Fritzschius</span> <span class='ocrx_word' id='word_1_92' title='bbox 961 705 1120 749; x_wconf 82' lang='lat' dir='ltr'>Thesm.</span> <span class='ocrx_word' id='word_1_93' title='bbox 1151 721 1189 758; x_wconf 91' lang='lat' dir='ltr'><strong><em>p.</em></strong></span> <span class='ocrx_word' id='word_1_94' title='bbox 1223 710 1302 748; x_wconf 88' lang='grc'><strong><em>317</em></strong></span> <span class='ocrx_word' id='word_1_95' title='bbox 1343 710 1391 749; x_wconf 89' lang='lat' dir='ltr'>de</span> <span class='ocrx_word' id='word_1_96' title='bbox 1433 711 1494 750; x_wconf 90' lang='lat' dir='ltr'><strong><em>his</em></strong></span> <span class='ocrx_word' id='word_1_97' title='bbox 1526 712 1704 752; x_wconf 89' lang='lat' dir='ltr'>versibus</span> 
     </span>
     <span class='ocr_line' id='line_1_11' title="bbox 82 757 1281 815; baseline 0.008 -19"><span class='ocrx_word' id='word_1_98' title='bbox 82 775 85 806; x_wconf 72' lang='lat' dir='ltr'>j</span> <span class='ocrx_word' id='word_1_99' title='bbox 127 757 354 809; x_wconf 81' lang='lat' dir='ltr'>disputavit</span> <span class='ocrx_word' id='word_1_100' title='bbox 384 770 431 798; x_wconf 83' lang='lat' dir='ltr'>ea</span> <span class='ocrx_word' id='word_1_101' title='bbox 460 760 595 799; x_wconf 87' lang='lat' dir='ltr'>nescio</span> <span class='ocrx_word' id='word_1_102' title='bbox 627 774 677 800; x_wconf 86' lang='lat' dir='ltr'>an</span> <span class='ocrx_word' id='word_1_103' title='bbox 706 762 793 812; x_wconf 90' lang='lat' dir='ltr'>ipse</span> <span class='ocrx_word' id='word_1_104' title='bbox 824 776 931 803; x_wconf 90' lang='lat' dir='ltr'>nunc</span> <span class='ocrx_word' id='word_1_105' title='bbox 961 764 1095 804; x_wconf 90' lang='lat' dir='ltr'>minus</span> <span class='ocrx_word' id='word_1_106' title='bbox 1124 766 1281 815; x_wconf 88' lang='lat' dir='ltr'>probet.</span> 
     </span>
    </p>
   </div>
   <div class='ocr_carea' id='block_1_4' title="bbox 400 897 1396 1048">
    <p class='ocr_par' dir='ltr' id='par_1_4' title="bbox 400 897 1396 1048">
     <span class='ocr_line' id='line_1_12' title="bbox 898 897 954 941; baseline 0 0"><span class='ocrx_word' id='word_1_107' title='bbox 898 897 954 941; x_wconf 85' lang='lat'><strong><em>32</em></strong></span> 
     </span>
     <span class='ocr_line' id='line_1_13' title="bbox 400 981 1396 1048; baseline 0.006 -18"><span class='ocrx_word' id='word_1_108' title='bbox 400 985 452 1030; x_wconf 84' lang='grc' dir='ltr'><strong><em>ἐν</em></strong></span> <span class='ocrx_word' id='word_1_109' title='bbox 484 985 685 1039; x_wconf 82' lang='grc' dir='ltr'><strong><em>εὐσκίοις</em></strong></span> <span class='ocrx_word' id='word_1_110' title='bbox 715 981 958 1046; x_wconf 77' lang='grc' dir='ltr'><strong><em>δρόμοισιν</em></strong></span> <span class='ocrx_word' id='word_1_111' title='bbox 984 987 1239 1048; x_wconf 84' lang='grc' dir='ltr'><strong><em>Ἀκαδήμου</em></strong></span> <span class='ocrx_word' id='word_1_112' title='bbox 1269 994 1396 1036; x_wconf 78' lang='grc' dir='ltr'><strong><em>θεοῦ.</em></strong></span> 
     </span>
    </p>
   </div>
   <div class='ocr_carea' id='block_1_5' title="bbox 117 1081 1707 1253">
    <p class='ocr_par' dir='ltr' id='par_1_5' title="bbox 117 1081 1707 1253">
     <span class='ocr_line' id='line_1_14' title="bbox 240 1081 1702 1154; baseline 0.005 -32"><span class='ocrx_word' id='word_1_113' title='bbox 240 1083 446 1135; x_wconf 87' lang='lat' dir='ltr'>Diogenes</span> <span class='ocrx_word' id='word_1_114' title='bbox 477 1083 614 1124; x_wconf 82' lang='lat' dir='ltr'>Laert.</span> <span class='ocrx_word' id='word_1_115' title='bbox 647 1087 686 1134; x_wconf 90' lang='lat'><strong><em>3,</em></strong></span> <span class='ocrx_word' id='word_1_116' title='bbox 722 1086 744 1124; x_wconf 93' lang='lat'>7</span> <span class='ocrx_word' id='word_1_117' title='bbox 777 1082 820 1124; x_wconf 90' lang='grc' dir='ltr'><strong><em>τὸ</em></strong></span> <span class='ocrx_word' id='word_1_118' title='bbox 857 1081 896 1124; x_wconf 81' lang='grc' dir='ltr'><strong><em>δ’</em></strong></span> <span class='ocrx_word' id='word_1_119' title='bbox 939 1083 1020 1125; x_wconf 83' lang='grc' dir='ltr'><strong><em>ἐστὶ</em></strong></span> <span class='ocrx_word' id='word_1_120' title='bbox 1042 1083 1280 1154; x_wconf 50' lang='grc' dir='ltr'><strong><em>γυμνάσιον</em></strong></span> <span class='ocrx_word' id='word_1_121' title='bbox 1311 1083 1546 1141; x_wconf 71' lang='grc' dir='ltr'><strong><em>προάστειον</em></strong></span> <span class='ocrx_word' id='word_1_122' title='bbox 1575 1086 1702 1130; x_wconf 68' lang='grc' dir='ltr'><strong><em>ἀλσῶ-</em></strong></span> 
     </span>
     <span class='ocr_line' id='line_1_15' title="bbox 121 1136 1707 1196; baseline 0.005 -17"><span class='ocrx_word' id='word_1_123' title='bbox 121 1137 203 1192; x_wconf 82' lang='grc' dir='ltr'><strong><em>δες,</em></strong></span> <span class='ocrx_word' id='word_1_124' title='bbox 233 1136 314 1179; x_wconf 81' lang='grc' dir='ltr'><strong><em>ἀπό</em></strong></span> <span class='ocrx_word' id='word_1_125' title='bbox 344 1154 453 1189; x_wconf 88' lang='grc' dir='ltr'><strong><em>τινος</em></strong></span> <span class='ocrx_word' id='word_1_126' title='bbox 483 1139 614 1195; x_wconf 80' lang='grc' dir='ltr'><strong><em>ἥρωος</em></strong></span> <span class='ocrx_word' id='word_1_127' title='bbox 645 1138 878 1194; x_wconf 82' lang='grc' dir='ltr'><strong><em>ὀνομασθὲν</em></strong></span> <span class='ocrx_word' id='word_1_128' title='bbox 902 1139 1152 1196; x_wconf 85' lang='grc' dir='ltr'><strong><em>Ἑκαδημου,</em></strong></span> <span class='ocrx_word' id='word_1_129' title='bbox 1200 1141 1311 1184; x_wconf 82' lang='grc' dir='ltr'><strong><em>καθὰ</em></strong></span> <span class='ocrx_word' id='word_1_130' title='bbox 1346 1145 1414 1186; x_wconf 84' lang='grc' dir='ltr'><strong><em>καὶ</em></strong></span> <span class='ocrx_word' id='word_1_131' title='bbox 1453 1144 1631 1195; x_wconf 73' lang='grc' dir='ltr'><strong><em>Εὔπολις</em></strong></span> <span class='ocrx_word' id='word_1_132' title='bbox 1662 1146 1707 1187; x_wconf 81' lang='grc' dir='ltr'><strong><em>ἕν</em></strong></span> 
     </span>
     <span class='ocr_line' id='line_1_16' title="bbox 117 1192 1508 1253; baseline 0.006 -17"><span class='ocrx_word' id='word_1_133' title='bbox 117 1192 418 1252; x_wconf 85' lang='grc' dir='ltr'><strong><em>Ἀστρατεύτοις</em></strong></span> <span class='ocrx_word' id='word_1_134' title='bbox 449 1198 578 1251; x_wconf 85' lang='grc' dir='ltr'><strong><em>φησίν</em></strong></span> <span class='ocrx_word' id='word_1_135' title='bbox 606 1202 687 1240; x_wconf 87' lang='grc' dir='ltr'><strong><em>κτλ.</em></strong></span> <span class='ocrx_word' id='word_1_136' title='bbox 721 1202 772 1240; x_wconf 89' lang='lat' dir='ltr'><strong><em>cf.</em></strong></span> <span class='ocrx_word' id='word_1_137' title='bbox 806 1202 974 1253; x_wconf 78' lang='lat' dir='ltr'>interpr.</span> <span class='ocrx_word' id='word_1_138' title='bbox 1005 1203 1213 1253; x_wconf 86' lang='lat' dir='ltr'>Aristoph.</span> <span class='ocrx_word' id='word_1_139' title='bbox 1246 1204 1353 1243; x_wconf 88' lang='lat' dir='ltr'>Nub.</span> <span class='ocrx_word' id='word_1_140' title='bbox 1388 1206 1508 1245; x_wconf 82' lang='lat'>1005.</span> 
     </span>
    </p>
   </div>
   <div class='ocr_carea' id='block_1_6' title="bbox 896 1337 952 1381">
    <p class='ocr_par' dir='ltr' id='par_1_6' title="bbox 896 1337 952 1381">
     <span class='ocr_line' id='line_1_17' title="bbox 896 1337 952 1381; baseline -0.018 0"><span class='ocrx_word' id='word_1_141' title='bbox 896 1337 952 1381; x_wconf 87' lang='lat'><strong><em>33</em></strong></span> 
     </span>
    </p>
   </div>
   <div class='ocr_carea' id='block_1_7' title="bbox 117 1428 1707 2174">
    <p class='ocr_par' dir='ltr' id='par_1_7' title="bbox 117 1428 1707 2174">
     <span class='ocr_line' id='line_1_18' title="bbox 235 1428 1703 1487; baseline 0.003 -18"><span class='ocrx_word' id='word_1_142' title='bbox 235 1430 408 1473; x_wconf 81' lang='lat' dir='ltr'>Bekker.</span> <span class='ocrx_word' id='word_1_143' title='bbox 423 1431 575 1472; x_wconf 85' lang='lat' dir='ltr'>Anecd.</span> <span class='ocrx_word' id='word_1_144' title='bbox 598 1433 694 1481; x_wconf 83' lang='lat'><strong><em>475,</em></strong></span> <span class='ocrx_word' id='word_1_145' title='bbox 717 1433 768 1471; x_wconf 85' lang='lat'>12</span> <span class='ocrx_word' id='word_1_146' title='bbox 790 1428 967 1484; x_wconf 75' lang='grc' dir='ltr'><strong><em>ἀχράδας</em></strong></span> <span class='ocrx_word' id='word_1_147' title='bbox 990 1431 1058 1480; x_wconf 82' lang='grc' dir='ltr'><strong><em>τὰς</em></strong></span> <span class='ocrx_word' id='word_1_148' title='bbox 1080 1429 1277 1485; x_wconf 80' lang='grc' dir='ltr'><strong><em>άχέρδους</em></strong></span> <span class='ocrx_word' id='word_1_149' title='bbox 1298 1432 1493 1487; x_wconf 84' lang='grc' dir='ltr'><strong><em>λέγουσιν.</em></strong></span> <span class='ocrx_word' id='word_1_150' title='bbox 1527 1433 1703 1483; x_wconf 77' lang='grc' dir='ltr'><strong><em>Εὔπολις</em></strong></span> 
     </span>
     <span class='ocr_line' id='line_1_19' title="bbox 117 1482 1704 1546; baseline 0.004 -20"><span class='ocrx_word' id='word_1_151' title='bbox 117 1482 463 1539; x_wconf 81' lang='grc' dir='ltr'><strong><em>Ἀστρατεύτοισιν</em></strong></span> <span class='ocrx_word' id='word_1_152' title='bbox 493 1489 542 1528; x_wconf 87' lang='grc' dir='ltr'><strong><em>οἷ</em></strong></span> <span class='ocrx_word' id='word_1_153' title='bbox 566 1488 842 1541; x_wconf 84' lang='grc' dir='ltr'><strong><em>πεπείρους</em></strong></span> <span class='ocrx_word' id='word_1_154' title='bbox 872 1486 1098 1542; x_wconf 75' lang='grc' dir='ltr'><strong><em>ἀχράδας</em></strong></span> <span class='ocrx_word' id='word_1_155' title='bbox 1129 1488 1254 1542; x_wconf 83' lang='grc' dir='ltr'><strong><em>πρὸς</em></strong></span> <span class='ocrx_word' id='word_1_156' title='bbox 1286 1491 1340 1546; x_wconf 77' lang='grc' dir='ltr'><strong><em>τῇ</em></strong></span> <span class='ocrx_word' id='word_1_157' title='bbox 1378 1491 1554 1531; x_wconf 84' lang='grc' dir='ltr'><strong><em>συκιδι</em></strong></span> <span class='ocrx_word' id='word_1_158' title='bbox 1591 1507 1704 1545; x_wconf 83' lang='grc' dir='ltr'><strong><em>προ·</em></strong></span> 
     </span>
     <span class='ocr_line' id='line_1_20' title="bbox 121 1541 1704 1602; baseline 0.004 -18"><span class='ocrx_word' id='word_1_159' title='bbox 121 1555 278 1594; x_wconf 85' lang='grc' dir='ltr'><strong><em>σετως</em></strong></span> <span class='ocrx_word' id='word_1_160' title='bbox 309 1543 377 1585; x_wconf 82' lang='grc' dir='ltr'><strong><em>καὶ</em></strong></span> <span class='ocrx_word' id='word_1_161' title='bbox 414 1541 605 1599; x_wconf 82' lang='grc' dir='ltr'><strong><em>άχράδων</em></strong></span> <span class='ocrx_word' id='word_1_162' title='bbox 637 1577 644 1586; x_wconf 97' lang='grc'><strong><em>.</em></strong></span> <span class='ocrx_word' id='word_1_163' title='bbox 669 1579 677 1587; x_wconf 90' lang='grc'><strong><em>.</em></strong></span> <span class='ocrx_word' id='word_1_164' title='bbox 702 1577 711 1587; x_wconf 93' lang='grc'><strong><em>.</em></strong></span> <span class='ocrx_word' id='word_1_165' title='bbox 746 1546 1015 1601; x_wconf 86' lang='grc' dir='ltr'><strong><em>Φερεκράτης.</em></strong></span> <span class='ocrx_word' id='word_1_166' title='bbox 1047 1547 1145 1596; x_wconf 82' lang='grc' dir='ltr'><strong><em>ἴσως</em></strong></span> <span class='ocrx_word' id='word_1_167' title='bbox 1176 1545 1216 1586; x_wconf 87' lang='grc' dir='ltr'><strong><em>δ’</em></strong></span> <span class='ocrx_word' id='word_1_168' title='bbox 1249 1546 1270 1587; x_wconf 89' lang='grc' dir='ltr'>ὁ</span> <span class='ocrx_word' id='word_1_169' title='bbox 1302 1546 1377 1600; x_wconf 82' lang='grc' dir='ltr'><strong><em>μὲν</em></strong></span> <span class='ocrx_word' id='word_1_170' title='bbox 1397 1547 1547 1602; x_wconf 88' lang='grc' dir='ltr'><strong><em>καρπὸς</em></strong></span> <span class='ocrx_word' id='word_1_171' title='bbox 1567 1545 1704 1602; x_wconf 75' lang='grc' dir='ltr'><strong><em>άχράς,</em></strong></span> 
     </span>
     <span class='ocr_line' id='line_1_21' title="bbox 120 1600 1704 1660; baseline 0.003 -18"><span class='ocrx_word' id='word_1_172' title='bbox 120 1600 164 1642; x_wconf 89' lang='grc' dir='ltr'><strong><em>τὸ</em></strong></span> <span class='ocrx_word' id='word_1_173' title='bbox 195 1600 239 1642; x_wconf 84' lang='grc' dir='ltr'><strong><em>δὲ</em></strong></span> <span class='ocrx_word' id='word_1_174' title='bbox 270 1600 441 1656; x_wconf 83' lang='grc' dir='ltr'><strong><em>δένδρον</em></strong></span> <span class='ocrx_word' id='word_1_175' title='bbox 470 1602 651 1657; x_wconf 85' lang='grc' dir='ltr'><strong><em>ἆ’χερδος.</em></strong></span> <span class='ocrx_word' id='word_1_176' title='bbox 694 1603 945 1658; x_wconf 82' lang='grc' dir='ltr'><strong><em>Φερεκράτης</em></strong></span> <span class='ocrx_word' id='word_1_177' title='bbox 985 1603 1038 1657; x_wconf 63' lang='grc' dir='ltr'><strong><em>τη’</em></strong></span> <span class='ocrx_word' id='word_1_178' title='bbox 1067 1611 1137 1657; x_wconf 81' lang='grc' dir='ltr'><strong><em>τῆς</em></strong></span> <span class='ocrx_word' id='word_1_179' title='bbox 1166 1602 1337 1659; x_wconf 82' lang='grc' dir='ltr'><strong><em>άχέρδου</em></strong></span> <span class='ocrx_word' id='word_1_180' title='bbox 1375 1612 1444 1659; x_wconf 83' lang='grc' dir='ltr'><strong><em>τῆς</em></strong></span> <span class='ocrx_word' id='word_1_181' title='bbox 1481 1604 1704 1660; x_wconf 85' lang='grc' dir='ltr'><strong><em>άκραχολω-</em></strong></span> 
     </span>
     <span class='ocr_line' id='line_1_22' title="bbox 121 1658 1702 1714; baseline 0.003 -14"><span class='ocrx_word' id='word_1_182' title='bbox 121 1658 272 1712; x_wconf 84' lang='grc' dir='ltr'><strong><em>τάτης’.</em></strong></span> <span class='ocrx_word' id='word_1_183' title='bbox 311 1662 537 1706; x_wconf 75' lang='lat' dir='ltr'>Meinekius</span> <span class='ocrx_word' id='word_1_184' title='bbox 568 1664 610 1702; x_wconf 91' lang='lat' dir='ltr'><strong><em>in</em></strong></span> <span class='ocrx_word' id='word_1_185' title='bbox 642 1663 703 1702; x_wconf 89' lang='lat' dir='ltr'>ed.</span> <span class='ocrx_word' id='word_1_186' title='bbox 734 1664 831 1705; x_wconf 85' lang='lat' dir='ltr'>min.</span> <span class='ocrx_word' id='word_1_187' title='bbox 865 1661 1044 1711; x_wconf 78' lang='grc' dir='ltr'><strong><em>Εὔπολις</em></strong></span> <span class='ocrx_word' id='word_1_188' title='bbox 1073 1660 1394 1714; x_wconf 80' lang='grc' dir='ltr'><strong><em>Ἀστρατεύτοις·</em></strong></span> <span class='ocrx_word' id='word_1_189' title='bbox 1436 1661 1519 1703; x_wconf 80' lang='lat' dir='ltr'><strong><em>‘Z‘v&#39;</em></strong></span> <span class='ocrx_word' id='word_1_190' title='bbox 1551 1661 1605 1704; x_wconf 69' lang='grc' dir='ltr'><strong><em>ἄν</em></strong></span> <span class='ocrx_word' id='word_1_191' title='bbox 1634 1663 1702 1704; x_wconf 87' lang='grc' dir='ltr'><strong><em>πέ-</em></strong></span> 
     </span>
     <span class='ocr_line' id='line_1_23' title="bbox 119 1715 1701 1775; baseline 0.003 -18"><span class='ocrx_word' id='word_1_192' title='bbox 119 1731 261 1766; x_wconf 89' lang='grc' dir='ltr'><strong><em>πειρον</em></strong></span> <span class='ocrx_word' id='word_1_193' title='bbox 289 1715 444 1772; x_wconf 76' lang='grc' dir='ltr'><strong><em>ἀχράδα</em></strong></span> <span class='ocrx_word' id='word_1_194' title='bbox 475 1717 574 1772; x_wconf 86' lang='grc' dir='ltr'><strong><em>πρὸς</em></strong></span> <span class='ocrx_word' id='word_1_195' title='bbox 606 1725 653 1775; x_wconf 82' lang='grc' dir='ltr'><strong><em>τῇ</em></strong></span> <span class='ocrx_word' id='word_1_196' title='bbox 684 1719 819 1762; x_wconf 84' lang='grc' dir='ltr'><strong><em>συκίδι</em></strong></span> <span class='ocrx_word' id='word_1_197' title='bbox 849 1719 1101 1774; x_wconf 82' lang='grc' dir='ltr'><strong><em>προσέχωσι’.</em></strong></span> <span class='ocrx_word' id='word_1_198' title='bbox 1134 1735 1215 1761; x_wconf 90' lang='lat' dir='ltr'><strong><em>non</em></strong></span> <span class='ocrx_word' id='word_1_199' title='bbox 1257 1722 1462 1774; x_wconf 77' lang='lat' dir='ltr'>intellego.</span> <span class='ocrx_word' id='word_1_200' title='bbox 1514 1723 1564 1762; x_wconf 89' lang='lat' dir='ltr'><strong><em>cf.</em></strong></span> <span class='ocrx_word' id='word_1_201' title='bbox 1607 1723 1701 1763; x_wconf 84' lang='lat' dir='ltr'>Ora-</span> 
     </span>
     <span class='ocr_line' id='line_1_24' title="bbox 119 1778 1702 1830; baseline 0.001 -14"><span class='ocrx_word' id='word_1_202' title='bbox 119 1778 191 1816; x_wconf 91' lang='lat' dir='ltr'>tet.</span> <span class='ocrx_word' id='word_1_203' title='bbox 222 1778 288 1819; x_wconf 88' lang='lat'><strong><em>53.</em></strong></span> <span class='ocrx_word' id='word_1_204' title='bbox 336 1778 438 1817; x_wconf 87' lang='lat' dir='ltr'>bene</span> <span class='ocrx_word' id='word_1_205' title='bbox 470 1779 520 1817; x_wconf 88' lang='lat' dir='ltr'><strong><em>ad</em></strong></span> <span class='ocrx_word' id='word_1_206' title='bbox 549 1778 625 1818; x_wconf 88' lang='lat' dir='ltr'><strong><em>hoc</em></strong></span> <span class='ocrx_word' id='word_1_207' title='bbox 654 1779 924 1829; x_wconf 84' lang='lat' dir='ltr'>fragmentum</span> <span class='ocrx_word' id='word_1_208' title='bbox 956 1779 1144 1830; x_wconf 87' lang='lat' dir='ltr'>Ungerus</span> <span class='ocrx_word' id='word_1_209' title='bbox 1166 1779 1311 1818; x_wconf 86' lang='lat' dir='ltr'>Parad.</span> <span class='ocrx_word' id='word_1_210' title='bbox 1353 1779 1476 1822; x_wconf 83' lang='lat' dir='ltr'>Theb.</span> <span class='ocrx_word' id='word_1_211' title='bbox 1514 1781 1593 1818; x_wconf 86' lang='lat'><strong><em>457</em></strong></span> <span class='ocrx_word' id='word_1_212' title='bbox 1627 1784 1702 1819; x_wconf 88' lang='lat' dir='ltr'>ret-</span> 
     </span>
     <span class='ocr_line' id='line_1_25' title="bbox 120 1830 1705 1886; baseline 0.002 -14"><span class='ocrx_word' id='word_1_213' title='bbox 120 1834 267 1875; x_wconf 88' lang='lat' dir='ltr'>tulisse</span> <span class='ocrx_word' id='word_1_214' title='bbox 313 1835 475 1875; x_wconf 89' lang='lat' dir='ltr'>videtur</span> <span class='ocrx_word' id='word_1_215' title='bbox 519 1830 741 1875; x_wconf 83' lang='lat' dir='ltr'>Dioscorid.</span> <span class='ocrx_word' id='word_1_216' title='bbox 780 1836 800 1874; x_wconf 96' lang='grc' dir='ltr'><strong>Ι</strong></span> <span class='ocrx_word' id='word_1_217' title='bbox 834 1837 912 1875; x_wconf 87' lang='grc'><strong><em>168</em></strong></span> <span class='ocrx_word' id='word_1_218' title='bbox 951 1851 990 1886; x_wconf 92' lang='lat' dir='ltr'>p.</span> <span class='ocrx_word' id='word_1_219' title='bbox 1036 1838 1111 1876; x_wconf 92' lang='lat'><strong><em>151</em></strong></span> <span class='ocrx_word' id='word_1_220' title='bbox 1166 1833 1265 1886; x_wconf 85' lang='grc' dir='ltr'><strong><em>φασὶ</em></strong></span> <span class='ocrx_word' id='word_1_221' title='bbox 1305 1833 1349 1874; x_wconf 84' lang='grc' dir='ltr'><strong><em>δέ</em></strong></span> <span class='ocrx_word' id='word_1_222' title='bbox 1393 1850 1496 1883; x_wconf 88' lang='grc' dir='ltr'><strong><em>τινες</em></strong></span> <span class='ocrx_word' id='word_1_223' title='bbox 1535 1834 1594 1875; x_wconf 81' lang='grc' dir='ltr'><strong><em>ὅτι</em></strong></span> <span class='ocrx_word' id='word_1_224' title='bbox 1633 1834 1705 1876; x_wconf 80' lang='grc' dir='ltr'><strong><em>ἐὰν</em></strong></span> 
     </span>
     <span class='ocr_line' id='line_1_26' title="bbox 120 1888 1699 1946; baseline 0.001 -16"><span class='ocrx_word' id='word_1_225' title='bbox 120 1888 396 1946; x_wconf 81' lang='grc' dir='ltr'><strong><em>συνεψήσῃ</em></strong></span> <span class='ocrx_word' id='word_1_226' title='bbox 435 1906 508 1940; x_wconf 91' lang='grc' dir='ltr'><strong><em>τις</em></strong></span> <span class='ocrx_word' id='word_1_227' title='bbox 548 1888 774 1943; x_wconf 75' lang='grc' dir='ltr'><strong><em>ἀχράδας</em></strong></span> <span class='ocrx_word' id='word_1_228' title='bbox 810 1891 1051 1944; x_wconf 72' lang='grc' dir='ltr'><strong><em>μύκησιν,</em></strong></span> <span class='ocrx_word' id='word_1_229' title='bbox 1089 1888 1282 1944; x_wconf 86' lang='grc' dir='ltr'><strong><em>άβλαβεῖς</em></strong></span> <span class='ocrx_word' id='word_1_230' title='bbox 1314 1889 1468 1940; x_wconf 78' lang='grc' dir='ltr'><strong><em>αὐτοὺς</em></strong></span> <span class='ocrx_word' id='word_1_231' title='bbox 1498 1893 1699 1946; x_wconf 80' lang='grc' dir='ltr'><strong><em>γίνεσθαι.</em></strong></span> 
     </span>
     <span class='ocr_line' id='line_1_27' title="bbox 119 1947 1707 2002; baseline 0.001 -14"><span class='ocrx_word' id='word_1_232' title='bbox 119 1952 160 1989; x_wconf 87' lang='lat' dir='ltr'><strong><em>et</em></strong></span> <span class='ocrx_word' id='word_1_233' title='bbox 190 1951 295 1989; x_wconf 75' lang='lat' dir='ltr'>auct.</span> <span class='ocrx_word' id='word_1_234' title='bbox 334 1950 427 1990; x_wconf 87' lang='lat' dir='ltr'>libr.</span> <span class='ocrx_word' id='word_1_235' title='bbox 467 1948 556 2002; x_wconf 85' lang='grc' dir='ltr'><strong><em>περὶ</em></strong></span> <span class='ocrx_word' id='word_1_236' title='bbox 593 1949 729 2001; x_wconf 84' lang='grc' dir='ltr'><strong><em>δηλητ.</em></strong></span> <span class='ocrx_word' id='word_1_237' title='bbox 768 1965 892 2002; x_wconf 85' lang='grc' dir='ltr'><strong><em>φαρμ.</em></strong></span> <span class='ocrx_word' id='word_1_238' title='bbox 927 1952 978 1990; x_wconf 90' lang='grc'><strong><em>23</em></strong></span> <span class='ocrx_word' id='word_1_239' title='bbox 1017 1965 1055 2001; x_wconf 89' lang='lat' dir='ltr'>p.</span> <span class='ocrx_word' id='word_1_240' title='bbox 1087 1951 1140 1990; x_wconf 90' lang='lat'><strong><em>33</em></strong></span> <span class='ocrx_word' id='word_1_241' title='bbox 1180 1949 1538 1998; x_wconf 86' lang='grc' dir='ltr'><strong><em>συνεψόμεναι</em></strong></span> <span class='ocrx_word' id='word_1_242' title='bbox 1575 1947 1620 1990; x_wconf 82' lang='grc' dir='ltr'><strong><em>δὲ</em></strong></span> <span class='ocrx_word' id='word_1_243' title='bbox 1650 1951 1707 1990; x_wconf 82' lang='grc' dir='ltr'><strong><em>αἱ</em></strong></span> 
     </span>
     <span class='ocr_line' id='line_1_28' title="bbox 117 2001 1702 2060; baseline 0.002 -16"><span class='ocrx_word' id='word_1_244' title='bbox 117 2001 331 2058; x_wconf 80' lang='grc' dir='ltr'><strong><em>ἀχράδες</em></strong></span> <span class='ocrx_word' id='word_1_245' title='bbox 372 2003 402 2058; x_wconf 77' lang='grc' dir='ltr'><em>ἢ</em></span> <span class='ocrx_word' id='word_1_246' title='bbox 438 2005 484 2046; x_wconf 77' lang='grc' dir='ltr'><strong><em>τὰ</em></strong></span> <span class='ocrx_word' id='word_1_247' title='bbox 531 2005 663 2057; x_wconf 84' lang='grc' dir='ltr'><strong><em>φύλλα</em></strong></span> <span class='ocrx_word' id='word_1_248' title='bbox 709 2010 813 2054; x_wconf 90' lang='grc' dir='ltr'><strong><em>τοῖς</em></strong></span> <span class='ocrx_word' id='word_1_249' title='bbox 850 2006 1076 2058; x_wconf 83' lang='grc' dir='ltr'><strong><em>μύκησιν</em></strong></span> <span class='ocrx_word' id='word_1_250' title='bbox 1115 2003 1389 2058; x_wconf 70' lang='grc' dir='ltr'><strong><em>ἀφαιροῦνται</em></strong></span> <span class='ocrx_word' id='word_1_251' title='bbox 1426 2005 1468 2046; x_wconf 85' lang='grc' dir='ltr'><strong><em>τὸ</em></strong></span> <span class='ocrx_word' id='word_1_252' title='bbox 1506 2009 1702 2060; x_wconf 76' lang='grc' dir='ltr'><strong><em>πνιγῶδες</em></strong></span> 
     </span>
     <span class='ocr_line' id='line_1_29' title="bbox 117 2059 1700 2116; baseline 0.001 -13"><span class='ocrx_word' id='word_1_253' title='bbox 117 2059 268 2103; x_wconf 80' lang='grc' dir='ltr'><strong><em>αὐτῶν.</em></strong></span> <span class='ocrx_word' id='word_1_254' title='bbox 299 2065 435 2115; x_wconf 81' lang='lat' dir='ltr'>itaque</span> <span class='ocrx_word' id='word_1_255' title='bbox 466 2065 635 2115; x_wconf 82' lang='lat' dir='ltr'>Eupolis</span> <span class='ocrx_word' id='word_1_256' title='bbox 667 2066 874 2115; x_wconf 84' lang='lat' dir='ltr'>scripsisse</span> <span class='ocrx_word' id='word_1_257' title='bbox 904 2065 1065 2104; x_wconf 85' lang='lat' dir='ltr'>videtur</span> <span class='ocrx_word' id='word_1_258' title='bbox 1095 2060 1282 2116; x_wconf 83' lang='grc' dir='ltr'><strong><em>μύκητι</em></strong></span> <span class='ocrx_word' id='word_1_259' title='bbox 1318 2065 1380 2104; x_wconf 92' lang='lat' dir='ltr'>vel</span> <span class='ocrx_word' id='word_1_260' title='bbox 1411 2063 1599 2116; x_wconf 83' lang='grc' dir='ltr'><strong><em>μύκησι</em></strong></span> <span class='ocrx_word' id='word_1_261' title='bbox 1629 2079 1700 2116; x_wconf 90' lang='lat' dir='ltr'>pro</span> 
     </span>
     <span class='ocr_line' id='line_1_30' title="bbox 121 2117 1538 2174; baseline 0.003 -15"><span class='ocrx_word' id='word_1_262' title='bbox 121 2120 269 2163; x_wconf 86' lang='grc' dir='ltr'><strong><em>συκίδι.</em></strong></span> <span class='ocrx_word' id='word_1_263' title='bbox 300 2122 392 2162; x_wconf 88' lang='lat' dir='ltr'>fort.</span> <span class='ocrx_word' id='word_1_264' title='bbox 423 2117 485 2162; x_wconf 76' lang='grc' dir='ltr'><strong><em>ἀεὶ</em></strong></span> <span class='ocrx_word' id='word_1_265' title='bbox 513 2125 518 2170; x_wconf 81' lang='lat'>!</span> <span class='ocrx_word' id='word_1_266' title='bbox 545 2117 723 2174; x_wconf 82' lang='grc' dir='ltr'><strong><em>άχράδας</em></strong></span> <span class='ocrx_word' id='word_1_267' title='bbox 754 2121 967 2174; x_wconf 85' lang='grc' dir='ltr'><strong><em>πεπείρους</em></strong></span> <span class='ocrx_word' id='word_1_268' title='bbox 998 2125 1080 2170; x_wconf 88' lang='grc' dir='ltr'><strong><em>τοῖς</em></strong></span> <span class='ocrx_word' id='word_1_269' title='bbox 1109 2117 1259 2173; x_wconf 86' lang='grc' dir='ltr'><strong><em>μύκησι</em></strong></span> <span class='ocrx_word' id='word_1_270' title='bbox 1290 2119 1538 2174; x_wconf 84' lang='grc' dir='ltr'><strong><em>προσφέρων.</em></strong></span> 
     </span>
    </p>
   </div>
   <div class='ocr_carea' id='block_1_8' title="bbox 120 2333 1763 2829">
    <p class='ocr_par' dir='ltr' id='par_1_8' title="bbox 395 2333 1137 2392">
     <span class='ocr_line' id='line_1_31' title="bbox 395 2333 1137 2392; baseline 0.004 -13"><span class='ocrx_word' id='word_1_271' title='bbox 395 2335 518 2379; x_wconf 74' lang='grc' dir='ltr'><strong><em>δοκῶ</em></strong></span> <span class='ocrx_word' id='word_1_272' title='bbox 547 2352 624 2392; x_wconf 84' lang='grc' dir='ltr'><strong><em>μοι</em></strong></span> <span class='ocrx_word' id='word_1_273' title='bbox 654 2339 745 2380; x_wconf 85' lang='grc' dir='ltr'><strong><em>νῦν</em></strong></span> <span class='ocrx_word' id='word_1_274' title='bbox 776 2333 892 2392; x_wconf 76' lang='grc' dir='ltr'><strong><em>ὀροῖν</em></strong></span> <span class='ocrx_word' id='word_1_275' title='bbox 922 2335 1137 2392; x_wconf 83' lang='grc' dir='ltr'><strong><em>άφοιδίαν.</em></strong></span> 
     </span>
    </p>

    <p class='ocr_par' dir='ltr' id='par_1_9' title="bbox 120 2427 1763 2829">
     <span class='ocr_line' id='line_1_32' title="bbox 237 2427 1699 2484; baseline -0.001 -13"><span class='ocrx_word' id='word_1_276' title='bbox 237 2432 415 2484; x_wconf 83' lang='lat' dir='ltr'>Etymol.</span> <span class='ocrx_word' id='word_1_277' title='bbox 455 2445 509 2474; x_wconf 88' lang='lat' dir='ltr'><strong><em>m.</em></strong></span> <span class='ocrx_word' id='word_1_278' title='bbox 545 2433 645 2481; x_wconf 92' lang='lat'>174,</span> <span class='ocrx_word' id='word_1_279' title='bbox 679 2433 735 2472; x_wconf 89' lang='grc'><strong><em>50</em></strong></span> <span class='ocrx_word' id='word_1_280' title='bbox 772 2428 953 2483; x_wconf 82' lang='grc' dir='ltr'><strong><em>ἆφαδός··</em></strong></span> <span class='ocrx_word' id='word_1_281' title='bbox 1002 2428 1167 2484; x_wconf 78' lang='grc' dir='ltr'><strong><em>ἐχθρός·</em></strong></span> <span class='ocrx_word' id='word_1_282' title='bbox 1209 2429 1316 2482; x_wconf 79' lang='grc' dir='ltr'><strong><em>παρὰ</em></strong></span> <span class='ocrx_word' id='word_1_283' title='bbox 1354 2428 1397 2470; x_wconf 87' lang='grc' dir='ltr'><strong><em>τὸ</em></strong></span> <span class='ocrx_word' id='word_1_284' title='bbox 1433 2427 1699 2481; x_wconf 82' lang='grc' dir='ltr'><strong><em>άφανδάνειν.</em></strong></span> 
     </span>
     <span class='ocr_line' id='line_1_33' title="bbox 121 2485 1718 2542; baseline -0.001 -13"><span class='ocrx_word' id='word_1_285' title='bbox 121 2487 190 2529; x_wconf 82' lang='grc' dir='ltr'><strong><em>καὶ</em></strong></span> <span class='ocrx_word' id='word_1_286' title='bbox 217 2485 375 2539; x_wconf 80' lang='grc' dir='ltr'><strong><em>ἆφαδία</em></strong></span> <span class='ocrx_word' id='word_1_287' title='bbox 407 2485 433 2540; x_wconf 81' lang='grc' dir='ltr'>ἡ</span> <span class='ocrx_word' id='word_1_288' title='bbox 464 2485 749 2542; x_wconf 80' lang='grc' dir='ltr'><strong><em>άπαρέσκουσα</em></strong></span> <span class='ocrx_word' id='word_1_289' title='bbox 773 2486 911 2541; x_wconf 77' lang='grc' dir='ltr'><strong><em>ἔχθρα,</em></strong></span> <span class='ocrx_word' id='word_1_290' title='bbox 945 2487 1123 2536; x_wconf 80' lang='grc' dir='ltr'><strong><em>Εὔπολις</em></strong></span> <span class='ocrx_word' id='word_1_291' title='bbox 1155 2486 1198 2527; x_wconf 84' lang='grc' dir='ltr'><strong><em>ἐν</em></strong></span> <span class='ocrx_word' id='word_1_292' title='bbox 1220 2486 1446 2539; x_wconf 86' lang='grc' dir='ltr'><strong><em>Δραπέταις</em></strong></span> <span class='ocrx_word' id='word_1_293' title='bbox 1466 2490 1547 2527; x_wconf 88' lang='grc' dir='ltr'><strong><em>κτλ.</em></strong></span> <span class='ocrx_word' id='word_1_294' title='bbox 1580 2488 1718 2527; x_wconf 59' lang='grc' dir='ltr'><strong><em>πάσχ’</em></strong></span> 
     </span>
     <span class='ocr_line' id='line_1_34' title="bbox 121 2541 1698 2598; baseline -0.001 -13"><span class='ocrx_word' id='word_1_295' title='bbox 121 2547 308 2588; x_wconf 84' lang='lat' dir='ltr'>Dorvillii</span> <span class='ocrx_word' id='word_1_296' title='bbox 338 2560 412 2598; x_wconf 87' lang='lat' dir='ltr'>pro</span> <span class='ocrx_word' id='word_1_297' title='bbox 448 2545 675 2596; x_wconf 84' lang='grc' dir='ltr'><strong><em>Δραπέταις</em></strong></span> <span class='ocrx_word' id='word_1_298' title='bbox 706 2547 828 2587; x_wconf 84' lang='lat' dir='ltr'>habet</span> <span class='ocrx_word' id='word_1_299' title='bbox 857 2561 909 2586; x_wconf 90' lang='grc' dir='ltr'><strong><em>αν</em></strong></span> <span class='ocrx_word' id='word_1_300' title='bbox 928 2547 1200 2597; x_wconf 87' lang='lat' dir='ltr'>superscripto</span> <span class='ocrx_word' id='word_1_301' title='bbox 1231 2545 1269 2596; x_wconf 74' lang='grc' dir='ltr'><strong><em>δ,</em></strong></span> <span class='ocrx_word' id='word_1_302' title='bbox 1299 2546 1324 2586; x_wconf 88' lang='lat' dir='ltr'>i.</span> <span class='ocrx_word' id='word_1_303' title='bbox 1345 2559 1377 2585; x_wconf 88' lang='lat' dir='ltr'>e.</span> <span class='ocrx_word' id='word_1_304' title='bbox 1398 2541 1698 2596; x_wconf 81' lang='grc' dir='ltr'><strong><em>Ἀνδρογύνοις;</em></strong></span> 
     </span>
     <span class='ocr_line' id='line_1_35' title="bbox 124 2595 1701 2656; baseline -0.003 -12"><span class='ocrx_word' id='word_1_305' title='bbox 124 2603 377 2645; x_wconf 79' lang='lat' dir='ltr'>Gaisfordius</span> <span class='ocrx_word' id='word_1_306' title='bbox 408 2604 573 2644; x_wconf 89' lang='lat' dir='ltr'>Hesiod.</span> <span class='ocrx_word' id='word_1_307' title='bbox 607 2605 760 2656; x_wconf 85' lang='lat' dir='ltr'>Theog.</span> <span class='ocrx_word' id='word_1_308' title='bbox 794 2606 887 2646; x_wconf 81' lang='lat'>709.</span> <span class='ocrx_word' id='word_1_309' title='bbox 940 2604 1111 2655; x_wconf 84' lang='lat' dir='ltr'>Hesych.</span> <span class='ocrx_word' id='word_1_310' title='bbox 1143 2598 1345 2653; x_wconf 84' lang='grc' dir='ltr'><strong><em>άφαδίαν·</em></strong></span> <span class='ocrx_word' id='word_1_311' title='bbox 1384 2595 1456 2653; x_wconf 78' lang='grc' dir='ltr'><strong><em>τὴν</em></strong></span> <span class='ocrx_word' id='word_1_312' title='bbox 1485 2595 1701 2653; x_wconf 83' lang='grc' dir='ltr'><strong><em>πολεμικὴν</em></strong></span> 
     </span>
     <span class='ocr_line' id='line_1_36' title="bbox 122 2655 1697 2712; baseline -0.003 -11"><span class='ocrx_word' id='word_1_313' title='bbox 122 2666 270 2712; x_wconf 82' lang='grc' dir='ltr'><strong><em>ναῦν,</em></strong></span> <span class='ocrx_word' id='word_1_314' title='bbox 308 2658 375 2699; x_wconf 77' lang='grc' dir='ltr'><strong><em>διὰ</em></strong></span> <span class='ocrx_word' id='word_1_315' title='bbox 407 2659 451 2701; x_wconf 90' lang='grc' dir='ltr'><strong><em>τὸ</em></strong></span> <span class='ocrx_word' id='word_1_316' title='bbox 482 2655 746 2711; x_wconf 80' lang='grc' dir='ltr'><strong><em>ἆφανδάνειν.</em></strong></span> <span class='ocrx_word' id='word_1_317' title='bbox 797 2662 867 2701; x_wconf 88' lang='lat' dir='ltr'>ubi</span> <span class='ocrx_word' id='word_1_318' title='bbox 898 2662 1044 2706; x_wconf 82' lang='lat' dir='ltr'>Pearso</span> <span class='ocrx_word' id='word_1_319' title='bbox 1077 2659 1258 2711; x_wconf 86' lang='lat' dir='ltr'>(Advers.</span> <span class='ocrx_word' id='word_1_320' title='bbox 1292 2660 1311 2698; x_wconf 95' lang='lat' dir='ltr'>I</span> <span class='ocrx_word' id='word_1_321' title='bbox 1345 2659 1442 2710; x_wconf 90' lang='grc'><strong>132)</strong></span> <span class='ocrx_word' id='word_1_322' title='bbox 1482 2656 1553 2698; x_wconf 80' lang='grc' dir='ltr'><strong><em>τὸν</em></strong></span> <span class='ocrx_word' id='word_1_323' title='bbox 1582 2661 1697 2698; x_wconf 91' lang='grc' dir='ltr'><strong><em>πολε-</em></strong></span> 
     </span>
     <span class='ocr_line' id='line_1_37' title="bbox 120 2716 1763 2770; baseline -0.002 -12"><span class='ocrx_word' id='word_1_324' title='bbox 120 2716 240 2770; x_wconf 83' lang='grc' dir='ltr'><strong><em>μικὸν</em></strong></span> <span class='ocrx_word' id='word_1_325' title='bbox 269 2723 386 2758; x_wconf 78' lang='grc' dir='ltr'><strong><em>νοῦν.</em></strong></span> <span class='ocrx_word' id='word_1_326' title='bbox 419 2719 638 2759; x_wconf 84' lang='lat' dir='ltr'>Salmasius</span> <span class='ocrx_word' id='word_1_327' title='bbox 668 2722 807 2759; x_wconf 89' lang='lat' dir='ltr'>contra</span> <span class='ocrx_word' id='word_1_328' title='bbox 837 2722 877 2758; x_wconf 90' lang='lat' dir='ltr'><strong><em>et</em></strong></span> <span class='ocrx_word' id='word_1_329' title='bbox 906 2719 1102 2758; x_wconf 88' lang='lat' dir='ltr'>Kusterus</span> <span class='ocrx_word' id='word_1_330' title='bbox 1135 2717 1193 2768; x_wconf 89' lang='lat' dir='ltr'><strong><em>(in</em></strong></span> <span class='ocrx_word' id='word_1_331' title='bbox 1213 2716 1368 2768; x_wconf 85' lang='lat' dir='ltr'>Etym.)</span> <span class='ocrx_word' id='word_1_332' title='bbox 1400 2717 1506 2767; x_wconf 84' lang='lat' dir='ltr'>apud</span> <span class='ocrx_word' id='word_1_333' title='bbox 1527 2716 1699 2766; x_wconf 88' lang='lat' dir='ltr'>Eupolin</span> <span class='ocrx_word' id='word_1_334' title='bbox 1754 2730 1763 2738; x_wconf 85' lang='lat'><strong>·</strong></span> 
     </span>
     <span class='ocr_line' id='line_1_38' title="bbox 121 2772 1697 2829; baseline -0.003 -12"><span class='ocrx_word' id='word_1_335' title='bbox 121 2776 353 2817; x_wconf 85' lang='lat' dir='ltr'>scribebant</span> <span class='ocrx_word' id='word_1_336' title='bbox 384 2781 490 2816; x_wconf 80' lang='grc' dir='ltr'><strong><em>ναῦν</em></strong></span> <span class='ocrx_word' id='word_1_337' title='bbox 521 2772 633 2829; x_wconf 85' lang='grc' dir='ltr'><strong><em>ὅρᾶν.</em></strong></span> <span class='ocrx_word' id='word_1_338' title='bbox 665 2790 747 2816; x_wconf 91' lang='lat' dir='ltr'><strong><em>non</em></strong></span> <span class='ocrx_word' id='word_1_339' title='bbox 777 2778 897 2825; x_wconf 86' lang='lat' dir='ltr'>recte,</span> <span class='ocrx_word' id='word_1_340' title='bbox 932 2788 1171 2827; x_wconf 87' lang='lat' dir='ltr'>quamquam</span> <span class='ocrx_word' id='word_1_341' title='bbox 1197 2775 1321 2813; x_wconf 81' lang='lat' dir='ltr'>restat</span> <span class='ocrx_word' id='word_1_342' title='bbox 1349 2774 1564 2813; x_wconf 83' lang='lat' dir='ltr'>dubitatio.</span> <span class='ocrx_word' id='word_1_343' title='bbox 1597 2773 1697 2813; x_wconf 85' lang='lat' dir='ltr'>Bek-</span> 
     </span>
    </p>
   </div>
   <div class='ocr_carea' id='block_1_9' title="bbox 121 2825 1696 2947">
    <p class='ocr_par' dir='ltr' id='par_1_10' title="bbox 121 2825 1696 2947">
     <span class='ocr_line' id='line_1_39' title="bbox 121 2825 1696 2885; baseline -0.003 -12"><span class='ocrx_word' id='word_1_344' title='bbox 121 2833 207 2874; x_wconf 86' lang='lat' dir='ltr'>ker.</span> <span class='ocrx_word' id='word_1_345' title='bbox 237 2833 388 2874; x_wconf 86' lang='lat' dir='ltr'>Anecd.</span> <span class='ocrx_word' id='word_1_346' title='bbox 421 2835 518 2883; x_wconf 86' lang='grc'>468,</span> <span class='ocrx_word' id='word_1_347' title='bbox 552 2835 604 2873; x_wconf 85' lang='grc'><strong><em>28</em></strong></span> <span class='ocrx_word' id='word_1_348' title='bbox 636 2829 811 2884; x_wconf 82' lang='grc' dir='ltr'><strong><em>άφαδία·</em></strong></span> <span class='ocrx_word' id='word_1_349' title='bbox 843 2829 868 2884; x_wconf 83' lang='grc' dir='ltr'><strong><em>ἡ</em></strong></span> <span class='ocrx_word' id='word_1_350' title='bbox 901 2831 1036 2885; x_wconf 78' lang='grc' dir='ltr'><strong><em>ἔχθρα.</em></strong></span> <span class='ocrx_word' id='word_1_351' title='bbox 1069 2831 1285 2871; x_wconf 84' lang='lat' dir='ltr'>Herodian.</span> <span class='ocrx_word' id='word_1_352' title='bbox 1317 2830 1358 2870; x_wconf 89' lang='lat' dir='ltr'><strong>H</strong></span> <span class='ocrx_word' id='word_1_353' title='bbox 1388 2831 1483 2878; x_wconf 91' lang='lat'>480,</span> <span class='ocrx_word' id='word_1_354' title='bbox 1512 2832 1559 2869; x_wconf 90' lang='grc'><strong><em>15</em></strong></span> <span class='ocrx_word' id='word_1_355' title='bbox 1590 2825 1696 2878; x_wconf 74' lang='grc' dir='ltr'><strong><em>ἀφά-</em></strong></span> 
     </span>
     <span class='ocr_line' id='line_1_40' title="bbox 122 2883 1669 2947; baseline -0.003 -17"><span class='ocrx_word' id='word_1_356' title='bbox 122 2888 227 2947; x_wconf 83' lang='grc' dir='ltr'><strong><em>δειος</em></strong></span> <span class='ocrx_word' id='word_1_357' title='bbox 259 2887 280 2930; x_wconf 88' lang='grc' dir='ltr'>ὁ</span> <span class='ocrx_word' id='word_1_358' title='bbox 313 2887 479 2942; x_wconf 84' lang='grc' dir='ltr'><strong><em>ἐχθρός,</em></strong></span> <span class='ocrx_word' id='word_1_359' title='bbox 510 2887 590 2930; x_wconf 82' lang='grc' dir='ltr'><strong><em>άπὸ</em></strong></span> <span class='ocrx_word' id='word_1_360' title='bbox 622 2895 693 2930; x_wconf 86' lang='grc' dir='ltr'><strong><em>τοῦ</em></strong></span> <span class='ocrx_word' id='word_1_361' title='bbox 723 2886 988 2940; x_wconf 82' lang='grc' dir='ltr'><strong><em>άφανδάνειν.</em></strong></span> <span class='ocrx_word' id='word_1_362' title='bbox 1038 2886 1188 2941; x_wconf 80' lang='grc' dir='ltr'><strong><em>λέγεται</em></strong></span> <span class='ocrx_word' id='word_1_363' title='bbox 1219 2884 1264 2927; x_wconf 84' lang='grc' dir='ltr'><strong><em>δὲ</em></strong></span> <span class='ocrx_word' id='word_1_364' title='bbox 1295 2885 1363 2927; x_wconf 82' lang='grc' dir='ltr'><strong><em>καὶ</em></strong></span> <span class='ocrx_word' id='word_1_365' title='bbox 1392 2883 1565 2937; x_wconf 80' lang='grc' dir='ltr'><strong><em>ἇφάδιος</em></strong></span> <span class='ocrx_word' id='word_1_366' title='bbox 1596 2885 1669 2938; x_wconf 82' lang='grc' dir='ltr'><strong><em>(ἅ).</em></strong></span> 
     </span>
    </p>
   </div>
  </div>
 </body>
</html>
