1872 3224
0 1815 15 1861 1,

489 217 748 252 ΔΗΛΙΑΔΕΣ
774 238 818 243 -
845 216 1376 256 ΔΙΟΝΤΣΑΛΕΞΑΝΔΡΟΣ
1668 221 1724 263 23

762 323 1092 357 ΔΙΔΑΣΚΑΑΙΑΙ

246 404 404 445 Similia
433 405 730 444 comoediarum
759 406 924 445 nomina
964 394 1059 458 suffit
1089 404 1493 461 Κωμῳδοτραγῳὸία,
1533 406 1722 459 Ποίησις,
1799 422 1813 439 c
1856 392 1864 409 ’

132 459 280 510 Χορός.
339 463 487 514 plurali
517 476 684 502 numero
713 475 784 502 cur
813 463 993 502 fabulam
1014 464 1265 514 inscripserit
1287 478 1370 504 non
1391 465 1597 531 intellego.
1629 479 1725 505 nam

130 520 239 572 quod
269 519 553 571 Aristophanis
583 520 813 571 Lysistrata
842 521 966 560 etiam
999 520 1225 573 Διαλλαγαί
1252 523 1502 573 adpellatur,
1542 524 1627 563 eius
1666 524 1725 562 rei

129 578 234 618 ratio
264 578 477 618 manifesta
507 580 571 618 est
601 578 769 617 conlatis
808 578 996 627 vocibus,
1036 579 1176 629 quales
1211 582 1307 619 sunt
1342 579 1532 631 σπονδαί,
1568 582 1725 632 συνθῆ-

129 648 212 732 affin..
268 635 446 732 1130118115ἰέ
466 636 646 687 opinioni
683 633 752 689 (R.
783 648 817 675 c.
846 636 934 675 Att.
967 636 1066 688 131)
1103 637 1298 676 adsentiri
1336 651 1419 677 non
1450 651 1631 688 possum.
1672 639 1723 678 cf.

179 705 266 733 eme
300 724 308 732 .
452 725 461 735 .

902 782 958 824 36

218 861 294 905 ὅτε
324 860 383 905 σύ
413 861 521 913 τοὺς
550 861 720 913 καλούς
750 859 1008 918 θριάμβους
1038 859 1320 917 ἀναρύτουσ’
1352 859 1639 920 ἄπηχθοὲνου.

251 946 396 987 Suidas
440 940 677 999 ἆναρύτὲειν·
725 941 954 998 ἇναντλεῐν,
1000 938 1081 985 ἀπὸ
1123 950 1195 985 τοῦ
1238 943 1452 999 ἀρύεσθαι.
1523 949 1724 1000 Κρατῖνος

134 1003 437 1052 Διδασκαλίαις.
497 1000 738 1057 ἅναρρύτειν
776 1005 841 1045 vel
871 1000 1113 1057 ἆναρύττειν
1148 1005 1304 1045 codices
1345 1005 1492 1045 Suidae
1529 1007 1723 1057 plerique,

131 1062 201 1102 sed
240 1064 347 1102 recte
391 1057 609 1115 ἆναρύτειν
646 1063 693 1104 Α.
734 1063 783 1101 cf.
822 1063 994 1102 Porson.
1031 1063 1175 1114 Eurip.
1215 1063 1366 1102 Phoen.
1405 1064 1503 1103 463.
1546 1064 1722 1115 Hesych.

130 1118 351 1172 θρίαμβος·
405 1117 680 1167 Διονυσιακὰς
725 1117 865 1172 ὕμνος.
928 1120 1050 1160 ‘ridet
1094 1120 1228 1160 nescio
1279 1134 1399 1171 quam
1445 1121 1723 1161 mulierculam

130 1190 232 1228 quae
262 1178 433 1230 hymnos
465 1178 661 1218 cantando
694 1178 931 1229 corruperit.
976 1174 1196 1230 ἅναρύτειν
1226 1192 1373 1229 magna
1411 1192 1502 1218 cum
1533 1193 1724 1219 aerumna

131 1248 270 1275 vocem
308 1249 491 1286 promere
538 1236 685 1276 dixisse
729 1236 905 1275 videtur.
966 1236 1154 1278 similiter
1192 1231 1384 1275 ἆνασπᾶν
1419 1232 1560 1288 λόγους
1600 1237 1721 1288 Soph.

130 1293 196 1332 Ai.
216 1293 331 1333 3022
349 1294 522 1333 Meinek.
545 1315 601 1322 -
616 1306 699 1333 11011
720 1293 852 1335 credo.
869 1290 1089 1346 ἅναρύτειν
1109 1291 1341 1345 θριάμβους
1362 1294 1585 1334 rectissime
1601 1297 1723 1346 poeta

132 1351 280 1390 dicitur
308 1351 378 1402 qui
409 1352 586 1390 carmina
615 1351 811 1391 Bacchica
842 1364 889 1390 ex
919 1352 1000 1390 imo
1031 1354 1193 1402 pectore
1222 1352 1372 1391 haurit.
1403 1353 1541 1402 itaque
1562 1353 1721 1392 Musam

131 1408 286 1448 Cratini
315 1409 445 1460 ipsam
475 1408 669 1460 adpellari
699 1409 900 1453 existimo,
933 1422 1033 1459 quae
1054 1410 1096 1448 in
1118 1422 1274 1449 summa
1304 1410 1524 1449 carminum
1558 1423 1723 1449 suorum

129 1466 428 1516 pulchritudine
465 1466 660 1506 invidiam
700 1467 948 1506 aemulorum
990 1467 1279 1517 hominumque
1321 1480 1343 1506 a
1379 1469 1500 1518 poeta
1545 1468 1719 1519 exagita-

129 1526 262 1563 torum
294 1524 445 1564 evitare
474 1537 558 1564 non
587 1525 779 1575 potuerit.

666 1633 1195 1675 ΔΙΟΝΤΣΑΑΕΞΑΝΔΡΟΣ

247 1718 403 1759 Cratini
432 1720 601 1760 iunioris
631 1733 718 1760 esse
749 1718 887 1759 cen'set
916 1720 1141 1760 Meinekius
1172 1720 1193 1759 I
1224 1721 1290 1760 56.
1315 1722 1353 1769 7,
1384 1721 1479 1772 quia
1509 1735 1721 1773 argumen-

128 1780 216 1818 tum
247 1778 331 1817 eius
363 1777 430 1817 ‘ad
460 1777 682 1817 Alexandri
720 1779 860 1829 magni
897 1778 1212 1828 expeditionem,
1251 1778 1516 1830 Dionysiacae
1551 1793 1722 1831 pompae

129 1835 413 1876 adsimulatam
446 1832 627 1888 (Arrian.
659 1836 789 1874 Anab.
823 1836 861 1884 6,
886 1836 951 1874 28.
984 1835 1102 1875 Diod.
1142 1837 1211 1886 17,
1237 1837 1333 1876 106.
1365 1836 1474 1876 Plut.
1495 1837 1611 1881 Alex,
1646 1836 1719 1889 67)

72 1939 74 1941 ‚
130 1894 344 1944 spectasse'
376 1893 575 1933 videatur.
637 1893 788 1932 firmari
827 1893 931 1932 hanc
969 1893 1243 1932 coniecturam
1272 1895 1392 1944 putat
1421 1895 1470 1933 fr.
1504 1896 1578 1943 38,
1612 1896 1720 1945 quod

129 1964 211 1991 non
241 1950 376 1990 minus
407 1950 508 1990 bene
538 1951 586 1989 de
607 1951 791 2001 quolibet
809 1950 970 1990 homine
990 1951 1142 1990 vestitu
1164 1951 1279 1989 molli
1301 1951 1550 2002 delicatoque
1572 1952 1718 1992 Bacchi

128 2009 172 2047 in
201 2008 370 2047 modum
398 2008 608 2048 incedente
638 2007 904 2058 intellegitur.
966 2008 1074 2047 inter
1100 2008 1328 2059 fragmenta
1347 2010 1506 2048 nullum
1527 2011 1588 2048 est
1609 2010 1717 2060 quod

129 2065 179 2105 ab
221 2065 408 2116 antiquae
446 2065 675 2104 comoediae
713 2067 836 2115 poeta
874 2065 994 2104 scribi
1032 2078 1114 2104 non
1150 2066 1342 2115 potuerit.
1403 2067 1539 2117 itaque
1578 2067 1721 2106 maiori

131 2122 296 2163 Cratino
329 2123 533 2162 comoedia
563 2122 726 2162 videtur
754 2123 1019 2173 relinquenda
1056 2125 1096 2162 et
1124 2136 1207 2162 non
1248 2123 1298 2162 ad
1328 2123 1606 2163 Alexandrum
1637 2139 1718 2163 ma-

128 2193 265 2245 gnum,
298 2180 368 2219 sed
390 2180 439 2218 ad
460 2179 647 2224 Paridem
670 2180 888 2219 Troianum
909 2180 1120 2220 referenda
1148 2194 1245 2222 esse.
1277 2181 1427 2221 similes
1458 2182 1719 2232 antiquorum

129 2238 371 2277 comicorum
400 2237 559 2276 fabulae
590 2239 686 2277 sunt
717 2236 873 2277 Cratini
897 2233 1097 2289 Ὀὃυσσῆς
1130 2240 1170 2277 et
1203 2235 1435 2290 Τροφώνιος
1475 2236 1615 2290 (etiam
1648 2239 1719 2279 Ce-

127 2293 381 2346 phisodori),
426 2294 679 2335 Pherecratis
718 2290 1132 2347 Μυρμηκανθρωποι,
1183 2294 1365 2363 Χείρων,
1410 2295 1718 2360 Ψευδηρακλῆς,

128 2352 341 2403 Hermippi
371 2347 575 2404 Εὐρώπη,
607 2349 844 2405 Κέρκωπες,
875 2353 1164 2403 Aristophanis
1196 2347 1469 2406 Ἀμφιαρεως,
1509 2348 1717 2404 Κώκαλος,

128 2407 360 2449 Φοίνισσαιε
401 2423 495 2449 nam
533 2410 719 2450 Platonis
757 2412 797 2450 et
836 2411 1125 2461 posteriorum,
1164 2411 1235 2461 qui
1277 2411 1427 2450 talibus
1468 2412 1717 2462 argumentis

127 2467 256 2507 multo
286 2467 416 2519 magis
447 2467 761 2517 delectabantur,
791 2468 933 2507 titulos
965 2481 1196 2507 enumerare
1227 2481 1309 2507 non
1340 2481 1443 2518 opus
1474 2471 1548 2508 est.

895 2568 950 2610 37

333 2647 505 2690 ἔνεισιν
538 2647 759 2691 ἐνταυθοῖ
786 2647 1004 2704 μάχαιραι
1035 2649 1260 2703 κουρίδες,

334 2709 405 2766 αἷς
435 2717 648 2772 κείρομεν
678 2717 732 2759 τὰ
765 2717 973 2772 πρόβατα
1003 2718 1079 2759 καὶ
1109 2715 1219 2766 τοὺς
1248 2717 1479 2772 ποιμένας.

242 2799 388 2839 Pollux
421 2800 603 2847 1Ο,140
633 2797 679 2838 τὰ
710 2797 756 2839 δὲ
785 2797 961 2852 κουρέως
1000 2798 1147 2850 σκεύη,
1177 2798 1361 2852 κουρίδες
1392 2814 1612 2854 μαχαιραι,
1642 2816 1714 2852 μα-

128 2855 317 2907 χαιρίδες.
341 2854 402 2895 ἐν.
437 2856 666 2910 Κρατίνου
685 2853 1080 2911 Διονυσαλεξάνδρῳ.
1103 2855 1251 2895 ε’νεισιν
1265 2858 1444 2898 Pier.son
1467 2859 1591 2898 Moer.
1616 2854 1713 2912 259]

130 2911 256 2954 ἐνεῖεν
286 2910 345 2954 δὲ.
405 2915 532 2954 Bekk.
564 2914 716 2957 Anecd.
749 2916 816 2963 47,
850 2917 874 2954 3
906 2914 1065 2967 κουρίδε
1051 2928 1087 2961 ες
1118 2912 1331 2967 μα’χαιραι·
1364 2909 1430 2964 αἶς
1460 2914 1636 2968 κείρουσι
1667 2929 1713 2954 τα
