1872 3224
1769 130 1792 143 S

196 199 279 242 308
839 192 1138 228 ΕΤΠΟΛΙΔΟΣ

195 304 424 344 Maricantis
456 316 544 342 cum
562 301 778 353 Equitibus
809 299 1031 340 similitudo
1063 298 1246 349 quaestio
1266 298 1330 338 est
1349 296 1473 337 etiam
1493 298 1589 348 post
1606 308 1656 337 ea
1673 307 1782 350 qun*
1809 304 1817 306 ⁷·

195 362 394 413 Bergkius
425 360 611 410 exposuit
645 360 690 398 R.
723 371 754 399 c.
788 357 876 397 Att.
911 358 1009 396 355.
1041 358 1065 396 6
1107 355 1361 396 difficillima.
1398 355 1568 396 fortasse
1605 353 1778 406 Eupoli·
1828 406 1832 410 ‚

194 419 430 459 Pisandrum
461 417 687 468 Hyperboli
718 415 988 455 adversarium
1019 414 1169 454 fecerat
1192 412 1261 465 (fr.
1286 408 1403 467 182).
1434 425 1524 453 ossa
1551 410 1780 465 Hyperboli
1808 423 1831 458 J

192 477 551 516 commemorantur
579 474 627 513 fr.
666 474 757 513 194.
1836 482 1839 484 >

948 607 1031 651 180

397 690 471 732 καὶ
503 687 636 732 πόλλ’
669 689 844 745 ἔμαθον
875 686 928 730 ἐν
956 694 1074 730 τοῖσι
1106 687 1335 742 κουρείοις
1367 679 1455 741 ἐγὼ
1498 709 1502 716 -

396 755 576 809 ἀτόπως
607 759 807 810 καθίζων
839 754 978 806 κούδὲ
1009 754 1284 811 γιγνώσκειν
1314 754 1481 797 δοκῶν.

306 864 434 904 Schol.
466 864 649 904 Platonis
671 864 797 903 Bekk.
822 865 903 903 379
937 858 1113 902 τάττεται
1143 858 1188 901 δὲ
1217 858 1279 916 (τὸ
1310 857 1481 912 ἄτοπον)
1513 858 1583 901 καὶ
1611 856 1677 902 ἐπὶ
1703 865 1777 903 τοῦ
1846 862 1847 869 ’

189 917 439 962 ἀνυπόπτου.
471 919 652 969 Εὔπολις
687 922 862 975 Μαρικᾷ
891 923 971 962 κτλ.
1003 918 1158 972 ἔμαθον
1189 916 1233 958 ἐν
1264 921 1366 958 τοῖσι
1395 915 1612 973 Bergkius]
1642 913 1776 972 ἆγᾶθ,
1839 927 1872 954 ί’

191 977 235 1019 ἐν
265 982 359 1027 τοῖς.
421 980 469 1019 de
499 980 624 1019 altero
655 993 773 1019 versu
809 980 859 1021 cf.
891 979 1078 1018 Pherecr.
1115 979 1195 1018 163
1234 979 1275 1017 et
1310 980 1517 1029 praeterea
1554 976 1764 1029 Aristoph-

188 1038 264 1088 Eq.
296 1039 375 1076 411
395 1051 453 1088 sq.
489 1038 597 1077 1236
615 1050 676 1088 sq.
709 1038 891 1088 loquitur
921 1035 1192 1088 Hyperbolus.

947 1171 1024 1214 181

360 1266 415 1306 A.
448 1262 594 1306 πόσου
624 1262 796 1319 χρόνου
826 1261 914 1318 γὰρ
945 1261 1277 1318 συγγεγένησαι
1310 1262 1473 1319 Νικίᾳ;

358 1334 410 1374 Β.
444 1329 545 1375 οὐδ’
580 1328 720 1386 εἶδον,
754 1332 796 1374 εἰ
820 1330 881 1387 μὴ
900 1329 1088 1387 ”ναγχος
1118 1329 1276 1375 ἑστῶτ’
1310 1330 1362 1373 ἐν
1392 1328 1553 1388 ἀγορᾷ.

360 1404 415 1443 A.
449 1398 568 1457 ἀνὴρ
600 1397 815 1456 ὁμολογεῖ
840 1401 1013 1443 Νικίαν
1043 1398 1291 1455 ἑορακέναι.

358 1471 504 1512 καίτοι
534 1470 581 1511 τί
607 1467 773 1511 παθών
803 1467 862 1511 ἂν
894 1465 1030 1519 εἶδεν,
1063 1470 1105 1512 εἰ
1133 1466 1192 1526 μή
1225 1467 1508 1524 προύδίδου;

307 1547 327 1578 5
358 1540 406 1580 Γ.
438 1535 672 1601 ἠκούσατ’,
704 1531 740 1581 ὦ
772 1537 1024 1594 ξυνήλικες,

360 1605 433 1649 ἐπ’
454 1586 730 1664 ’ἱλκῧτοφώρῳ
761 1609 932 1649 Νικίαν
963 1606 1253 1663 είλημμένον;

358 1678 408 1718 Β.
440 1682 564 1731 υμεῖς
595 1676 700 1731 γάρ,
733 1669 770 1718 ὦ
801 1677 1146 1732 φρενοβλαβεῖς,

359 1738 528 1799 λάβοιτ’
563 1741 622 1787 ἂν
651 1741 787 1801 ἄνδρ’
821 1742 1011 1799 ἄριστον
1043 1744 1096 1788 ἐν
1126 1747 1253 1802 κακῷ
1283 1760 1395 1796 τινι;

297 1850 537 1891 Plutarchus
568 1851 657 1891 Nic.
690 1852 716 1890 4
747 1848 883 1890 ἐδίδου
912 1848 988 1904 γὰρ
1020 1848 1205 1905 (Νικίας)
1243 1848 1316 1903 οὐχ
1353 1844 1475 1902 ἦττον
1512 1854 1597 1900 τοῖς
1634 1855 1772 1904 κακῶς

183 1909 315 1947 ποιεῖν
343 1905 585 1960 δυναμένοις
615 1904 644 1959 ἢ
674 1911 754 1956 τοῖς
785 1901 831 1948 εὖ
861 1904 1029 1961 πάσχειν
1057 1904 1197 1958 ἀξίοις.
1257 1906 1326 1948 καὶ
1357 1905 1459 1957 ὅλως
1489 1906 1688 1963 πρόσοδος
1717 1902 1773 1962 ἦν

183 1961 309 2003 αὐτοῦ
338 1968 420 2013 τοῖς
450 1979 490 2005 τε
529 1968 719 2018 πονηροῖς
749 1961 774 2017 ἡ
807 1964 932 2005 δειλία
971 1963 1039 2005 καὶ
1075 1967 1155 2013 τοῖς
1193 1968 1377 2019 χρηστοῖς
1407 1962 1434 2019 ἡ
1462 1965 1769 2020 φιλανθρωπία.

183 2021 323 2072 λαβεῖν
353 2020 397 2061 δὲ
426 2020 515 2075 περὶ
546 2019 697 2062 τούτων
725 2022 949 2077 μαρτυρίαν
977 2020 1046 2063 καὶ
1082 2022 1190 2076 παρὰ
1228 2023 1309 2063 τῶν
1346 2029 1537 2077 κωμικῶν
1574 2021 1657 2064 ἔστι
1687 2056 1696 2067 .
1720 2054 1731 2066 .
1755 2057 1765 2066 .

183 2075 205 2118 ὁ
237 2075 275 2117 δ’
308 2075 379 2119 ὑπ’
414 2076 640 2128 Εὐπόλιδος
679 2079 1080 2135 κωμῳδούμενος
1119 2078 1172 2120 ἐν
1203 2081 1412 2137 Μαρικᾷ
1450 2080 1647 2135 παράγων
1676 2078 1767 2123 nvo?

185 2140 278 2176 τῶν
314 2132 657 2190 ἀπραγμόνων
695 2137 781 2178 καὶ
816 2135 1052 2190 πενήτων
1087 2135 1208 2192 λέγει·
1246 2137 1375 2179 πόσου
1412 2140 1496 2180 κτλ.
1555 2139 1702 2181 Pollux
1732 2141 1771 2191 6,

187 2195 266 2234 159
298 2191 477 2242 Εὔπολις
509 2192 553 2234 δὲ
584 2225 594 2236 .
621 2227 629 2235 .
655 2225 664 2234 .
698 2191 970 2248 συνήλικες
1002 2190 1099 2240 εἶπε.
1161 2198 1201 2236 3.
1233 2192 1433 2251 ὁμολογεῖ]
1465 2193 1611 2250 ὁμογεῖ
1631 2197 1659 2240 i.
1708 2193 1772 2237 ἕο-

184 2248 347 2303 ρακέναι
376 2250 616 2306 Runkelius]
651 2250 884 2306 ἑωρακέναι.
917 2254 966 2294 cf.
1000 2254 1210 2305 Aristoph.
1243 2254 1321 2297 Av.
1347 2256 1471 2295 1573,
1506 2254 1666 2295 Thesm.
1701 2255 1772 2295 32.

185 2311 224 2351 3.
255 2309 362 2349 Plut.
396 2311 462 2350 98.
498 2311 620 2350 1045.
652 2311 808 2351 Alexid.
839 2311 989 2351 Athen.
1022 2312 1061 2361 2,
1083 2312 1137 2350 49
1149 2325 1183 2351 e.
1274 2312 1314 2352 4.
1346 2309 1497 2351 παθών
1525 2307 1566 2367 x]
1604 2308 1766 2364 μαθὼν.

185 2369 226 2405 5.
258 2362 466 2417 ξυνήλικες
496 2362 582 2423 AC]
615 2362 838 2419 συνήλικες.
928 2370 967 2409 8.
999 2365 1173 2422 λάβοιτ’]
1205 2365 1346 2421 λάβητ’
1378 2370 1482 2413 Bcia.

298 2424 538 2465 Plutarchus
579 2426 667 2476 ipse
712 2426 812 2466 dicit
856 2439 996 2466 corum
1032 2427 1102 2477 qui
1139 2427 1438 2478 conloquuntur
1473 2426 1645 2467 alterum
1685 2439 1771 2468 esse

186 2481 456 2530 Maricantm,
472 2483 645 2522 alterum
661 2484 838 2535 aliquem
860 2484 1063 2524 hominem
1082 2484 1302 2535 pauperem
1317 2484 1531 2535 litiumque
1547 2483 1770 2525 inimicum.

187 2539 441 2579 ratiocinatio
474 2541 535 2579 est
564 2541 727 2580 comica.
758 2541 941 2581 concedit
970 2541 1088 2581 homo
1120 2554 1273 2592 pauper
1303 2541 1430 2581 semel
1460 2553 1502 2581 se
1523 2540 1682 2581 Niciam
1711 2541 1769 2582 vi·

185 2594 302 2635 disse.
334 2596 430 2646 quid
462 2597 572 2636 aliud
598 2611 719 2648 quam
749 2599 987 2649 prodentem
1015 2598 1165 2639 vidisse
1194 2598 1358 2649 potest?
1386 2610 1484 2649 ergo
1515 2611 1606 2638 cum
1635 2610 1771 2640 ncces·

186 2653 290 2692 sario
314 2653 552 2702 prodentem
574 2668 666 2694 eum
690 2657 823 2695 nescio
841 2669 959 2707 quem
979 2655 1045 2695 vel
1064 2656 1199 2696 nescio
1219 2655 1318 2706 quid
1338 2654 1499 2704 viderit,
1521 2655 1659 2696 Nicias
1679 2668 1770 2707 pro·

187 2709 352 2749 ditionis
382 2710 547 2750 crimine
578 2713 903 2752 condemnandus
934 2715 1006 2752 est.
1067 2713 1176 2752 ridet
1204 2714 1324 2763 poeta
1350 2713 1449 2752 istas
1479 2713 1770 2765 conclusiones,

184 2766 329 2816 quibus
361 2767 560 2817 sophistae
601 2772 642 2809 et
688 2770 902 2822 demagogi
940 2770 1171 2820 saepissime
1207 2769 1510 2809 multitudinem
1550 2770 1768 2822 decipiunt.

184 2835 223 2862 v.
246 2824 271 2862 8
298 2836 371 2874 pro
403 2821 447 2862 ἐν
476 2826 731 2867 scribendum
776 2840 919 2867 censeo
965 2823 1045 2866 ἐπὶ
1087 2830 1199 2881 κακῷ
1237 2839 1326 2866 τινι.
1365 2827 1417 2867 cs.
1449 2826 1592 2867 Aesch.
1629 2827 1766 2869 Prom.

187 2880 281 2920 194.
315 2881 523 2924 Demosth.
555 2884 621 2931 25,
654 2885 722 2923 94.
