1872 3224
776 178 1042 220 ΤΑΞΙΑΡΧΟΙ
1611 194 1695 236 329

782 281 791 290 ’
873 285 956 330 258

324 356 383 402 οὐ
411 362 587 403 θᾶττον
617 360 763 419 αὐτὴν
794 365 933 420 δεῦρό
961 383 1037 423 μοι
1068 371 1160 415 τῶν
1189 370 1386 423 τοξοτῶν

325 425 452 483 ἄγων
482 426 762 487 άποκηρύξει
792 450 858 485 τις
888 433 913 478 ὅ
943 452 984 479 τι
1015 435 1073 480 ἂν
1105 437 1307 498 άλφάνῃς

2 551 4 568 s
231 512 409 580 Bekkef.
441 513 595 554 Anecd.
630 516 726 568 382,
758 519 782 557 8
813 520 855 557 et
885 519 1027 561 Suidas
1057 517 1246 572 ἆλφάνει·
1286 520 1463 578 εὑρίσκει
1496 557 1506 567 .
1529 559 1538 568 .
1564 562 1572 570 .
1605 527 1690 569 Εὕ-

2 569 4 587 ⁸
36 585 49 622 3
117 572 230 618 nolas·
263 571 497 623 Ταξιαρχοις
526 574 608 612 κτλ.
659 570 774 626 ὅίγων
803 588 879 615 om.
913 576 1023 617 Suid.
1070 576 1145 627 ὅ,τι
1175 577 1246 634 6211]
1280 580 1351 621 ἐὰν
1382 584 1490 625 Suid.
1524 583 1607 624 ἔστ’
1640 583 1694 626 ἂν

1 629 2 640 ’
45 661 53 683 5
114 629 270 670 Iacobs.
286 628 428 670 Addit.
452 631 544 670 193.
577 631 907 684 interrogationis
930 636 1088 686 signum
1111 638 1151 677 in
1173 638 1249 678 fine
1271 642 1405 690 posuit
1425 643 1473 681 K.
1509 664 1560 671 —
1593 645 1691 684 Har-

3 737 8 741 *
40 706 43 707 ⁷
110 699 226 739 poor.
257 688 324 737 27,
351 689 402 727 16
433 682 799 741 ἀποκηρύττοντες·
831 687 921 731 ἀντὶ
941 698 1012 732 τοῦ
1032 693 1335 745 πιπράσκοντες.
1369 699 1552 742 Ammon.
1574 716 1613 754 p.
1636 703 1687 742 81

114 739 369 798 ἀποκηρῦξαι
398 742 586 798 λέγουσιν
616 743 679 786 ἐπὶ
709 753 781 787 τοῦ
811 744 906 788 ὑπὸ
936 749 1121 803 κήρυκι
1158 748 1508 795 άποδίδοσθαί
1534 772 1588 797 τι.
1641 760 1691 798 ef.

115 802 221 843 Plat.
254 804 350 844 121.
382 803 590 844 Demosth.
625 806 690 854 23,
725 807 806 846 201
839 807 881 846 οἱ
906 805 953 846 τὰ
982 806 1102 861 μικρά
1139 809 1207 850 καὶ
1243 812 1387 866 κομιδῇ
1425 816 1560 864 φαῦλα
1590 811 1688 854 άπο-

33 874 38 879 ·
116 858 391 913 κηρύττοντες.
431 858 454 900 ὅ
463 875 528 911 ,τι
558 859 586 901 ἆ“
595 877 621 902 ν
639 858 840 919 άλφάνῃ
872 867 1023 915 ‘quovis
1034 870 1191 917 pretio’.
1223 870 1393 910 Meinek.
1416 872 1465 911 cf.
1488 874 1691 923 Aristoph.

14 964 23 975 ⁷-
114 918 166 960 ft.
198 919 296 959 324.
326 919 489 960 videtur
518 920 707 960 Phormio
736 922 933 974 imperare
964 926 1010 963 ut
1038 927 1171 966 nescio
1203 940 1302 978 quae
1332 929 1483 978 puella,
1524 930 1692 970 fortasse

27 980 38 997 ²
117 989 141 1016 a
169 975 328 1017 Baccho
358 978 402 1017 in
435 980 565 1018 castra
594 979 779 1030 adducta,
812 982 1089 1022 venumdetur.

869 1081 954 1125 259

321 1157 410 1215 ἐγώ
443 1160 497 1204 δέ
522 1175 575 1215 γε
605 1160 739 1212 στίξω
771 1173 822 1204 σε
851 1163 1118 1217 βελόναισιν
1147 1167 1309 1219 τρισίν.

0 1279 19 1299 4
228 1243 374 1284 Pollu'x
407 1246 473 1298 10,
508 1246 588 1285 136
619 1242 687 1284 καὶ
717 1241 883 1298 βελόνης
914 1244 958 1286 δὲ
988 1244 1164 1299 τοῦνομα
1193 1246 1237 1287 ἐν
1266 1245 1491 1297 Εὐπόλιδος
1526 1248 1691 1302 Ταξιάρ·

0 1310 19 1358 ³?
115 1314 200 1353 χοις
230 1303 313 1341 κτλ.
354 1303 461 1342 servi
489 1303 705 1354 praecipue
735 1304 893 1354 fuyitivi
922 1305 964 1343 in
994 1305 1127 1345 fronte
1158 1308 1372 1358 compungi
1393 1308 1586 1351 solebant.
1616 1310 1689 1348 ita-

0 1359 11 1380 ”·
113 1372 192 1411 que
231 1360 404 1400 militem
444 1361 664 1412 fugitivum
702 1362 752 1402 ad.
797 1375 883 1400 eam
920 1376 1091 1413 poenam
1131 1377 1153 1402 a
1194 1365 1395 1404 taxiarcho
1433 1365 1565 1416 aliquo
1601 1379 1691 1405 con·

114 1417 295 1458 demnari
326 1418 659 1459 Hemsterhusius
690 1418 924 1459 arbitratur.
955 1420 1239 1460 Phormionem
1269 1422 1422 1462 Baccho
1443 1423 1585 1462 minari
1607 1425 1690 1474 opi-

118 1475 188 1515 nio
220 1477 282 1516 est
310 1476 465 1516 Bothii.
497 1477 595 1528 quid
626 1478 762 1516 tamen
792 1479 871 1517 tria
901 1478 972 1516 illa
1002 1478 1194 1530 stigmata
1223 1479 1300 1519 sibi
1331 1480 1457 1519 velint
1486 1481 1632 1520 nescio.

865 1578 953 1621 260

153 1712 156 1714 -
232 1661 367 1701 Schol.
390 1660 599 1712 Aristoph.
622 1662 698 1701 Av.
720 1662 829 1701 1294
862 1660 1041 1713 Δίδυμος
1053 1674 1061 1683 ·
1096 1658 1126 1701 ὦ
1139 1677 1158 1709 ς
1188 1660 1326 1702 τοιού
1337 1676 1419 1701 του
1451 1660 1539 1712 τὴν
1568 1660 1656 1713 ὄψι
1667 1678 1690 1702 ν

110 1715 258 1765 ὄντος
279 1716 522 1770 μνημονεύει
541 1714 667 1758 αὐτοῦ
688 1714 1015 1772 (Ὀπουντίου)
1039 1717 1106 1758 καὶ
1124 1716 1247 1772 μέγα
1278 1718 1400 1772 ρύγχ
1412 1734 1461 1767 ος
1493 1718 1689 1771 ἔχοντος

112 1774 182 1816 καὶ
211 1771 232 1816 ὃ
264 1774 335 1824 τὰς
363 1772 603 1823 Ἀταλάνταις
632 1775 795 1829 γράψας
808 1805 820 1828 ,
859 1775 928 1816 καὶ
958 1774 1136 1823 Εὔπολις
1175 1775 1220 1816 ἐν
1253 1776 1501 1829 Ταξιάρχαις.
1551 1778 1601 1816 cf.
1631 1779 1689 1816 in-

111 1837 240 1885 terpr.
254 1845 256 1847 ’
271 1835 478 1885 Arist-oph.
508 1835 586 1875 Av.
623 1838 640 1873 1
649 1836 716 1874 52.

862 1911 941 1954 261

321 1978 428 2030 ὄνος
458 1978 604 2038 άκροᾷ
633 1979 882 2035 σάλπιγγος

224 2061 405 2110 Εὔπολις
441 2061 691 2116 Ταξιάρχαις.
723 2064 892 2104 Photius
924 2066 964 2103 et
996 2064 1154 2103 Suidas.
1188 2064 1336 2104 omisso
1366 2065 1507 2114 poetae
1527 2065 1686 2103 nomine

110 2121 329 2162 Proverbia
359 2121 483 2162 Coisl.
508 2123 605 2161 364.
648 2117 775 2176 ἀκροᾷ
808 2121 920 2161 Suid.
952 2122 1023 2161 AB
1054 2134 1128 2172 pro
1158 2117 1351 2168 άκροᾶται
1382 2121 1536 2173 (Phot.)
1565 2122 1686 2161 veris-

111 2180 226 2222 sime.
271 2180 431 2220 videtur
476 2180 639 2219 initium
685 2193 770 2220 esse
809 2179 997 2220 trimetri.
1059 2179 1107 2218 de
1145 2179 1306 2230 syntaxi
1345 2179 1396 2218 cf.
1437 2177 1586 2218 Cratin.
1618 2179 1685 2218 52.

112 2238 283 2277 fortasse
315 2237 505 2277 Phormio
535 2237 736 2276 Bacchum
768 2237 996 2287 compellat.

320 2392 574 2451 ἀγκυρίσας
603 2393 794 2450 ἔρρηξεν

227 2479 399 2521 Bekker.
431 2479 584 2518 Aneod.
616 2480 685 2529 81,
717 2479 743 2516 4
773 2473 1006 2530 άγκυρίσαι·
1039 2474 1103 2516 ἐπὶ
1142 2480 1210 2514 τοῦ
1249 2474 1529 2525 παλαίσματος.
1559 2470 1683 2526 άγκυ-

114 2535 226 2588 ρίσας
265 2534 438 2590 ἔρρηξεν.
479 2532 771 2589 Ἀριστοφάνης
797 2533 1019 2574 Ἱππεῦσιν.
1077 2534 1183 2573 idem
1222 2534 1323 2583 327,
1357 2533 1410 2571 10
1447 2527 1682 2583 ἀγκυρίσας·

114 2593 281 2646 κάμψας
313 2591 383 2633 τὸν
411 2592 531 2633 πόδα.
563 2598 696 2645 σχῆμα
727 2590 772 2631 δέ
803 2590 882 2631 ἐστι
909 2589 1207 2643 παλαιστρικόν.
1239 2587 1415 2634 Εὔπολις
1441 2587 1683 2640 Ταξιάρχοις.

114 2652 158 2691 in
187 2652 404 2703 Equitibus
436 2649 558 2706 (262)
590 2652 719 2692 solum
749 2647 967 2703 ἀγκυρίσας
998 2651 1137 2689 exstat.
1176 2648 1311 2698 itaque
1332 2647 1415 2686 veri
1436 2646 1681 2685 simillimum

115 2711 178 2748 est
205 2710 330 2750 verba
359 2723 460 2761 quae
492 2723 612 2760 supra
641 2709 833 2759 exscripsi
864 2712 912 2747 eit
942 2706 1169 2746 Taxiarchis
1190 2706 1387 2755 excerpta,
1419 2703 1467 2742 ab
1492 2703 1682 2742 Antiatti-

116 2767 217 2806 cista
253 2769 386 2807 autem
425 2767 528 2806 falso
567 2766 829 2817 Aristophani
867 2765 1020 2805 tributa
1058 2776 1157 2803 esse.
1209 2762 1260 2800 cf.
1301 2761 1447 2812 Bergk.
1488 2761 1533 2799 R.
1566 2773 1598 2799 c.
1635 2761 1681 2797 A.

116 2825 198 2863 365
210 2838 268 2876 sq.
299 2827 438 2864 contra
473 2824 718 2864 Fritzschius
749 2824 809 2862 De
839 2836 938 2862 eom.
971 2835 1030 2872 gr.
1063 2821 1111 2859 fr.
1145 2822 1167 2859 6
1206 2819 1254 2857 ab
1285 2822 1454 2868 utroque
1484 2829 1681 2868 gramma-

115 2881 194 2920 tico
227 2882 541 2932 Aristophanem
573 2882 649 2921 dici
682 2883 723 2920 et
753 2880 858 2931 apud
888 2878 1207 2919 Antiatticistam
1238 2874 1443 2927 εἴρηκεν
1472 2887 1543 2924 pro
1575 2871 1681 2924 ἕρρη·
