1872 3224
192 175 276 221 486
788 172 1182 208 ΑΡΙΣΤΟΦΔΝΟΤΣ

674 333 683 345 Ι
944 275 1030 318 355

402 345 710 388 στραγγουρια

310 415 364 465 ὥς
392 410 681 467 Ἀριστοφάνης
713 412 758 454 ἐν
787 413 979 469 Κωκάλῳ.
1031 416 1175 457 Pollux
1203 418 1243 468 4,
1280 418 1373 458 187.
1405 416 1509 471 (cod.
1540 414 1789 468 Falckenb.)·
1855 421 1858 427 '

310 510 524 549 Praeterea
553 508 604 548 cf.
637 508 687 547 fr.
720 508 819 547 427.

882 632 1100 667 AHMNIAI

314 726 502 766 Lemnias
533 727 749 776 scripserat
780 726 1008 777 Sophocles,
1041 727 1300 779 Hypsipylen
1330 728 1556 780 Aeschylus
1586 730 1628 768 et
1657 727 1776 770 Euri-

201 786 328 835 pides.
389 786 510 834 atque
542 784 766 834 Aesehylea
796 783 958 834 quidem
990 787 1032 824 et
1070 785 1292 836 Sophoclea
1329 785 1537 836 tragoedia
1573 785 1794 836 Argeum-v

130 867 144 880 ι
200 846 331 882 tarum
363 855 454 881 eum
485 841 664 880 Lemniis
694 841 929 881 mulieribus
961 843 1304 891 consuetudinem,
1337 843 1555 893 Euripiden
1585 842 1782 894 Opheltae

202 899 487 939 Archemorive
518 900 810 949 praematuram
842 901 1014 938 mortem
1036 900 1279 942 continebat.
1330 900 1646 951 Aristophanem
1666 899 1783 940 Lem·
1828 937 1842 957 Ι

202 957 362 997 niarum
393 956 648 1007 Argonautas
678 955 853 1007 hospitio
884 956 1168 1006 excipientium
1199 957 1377 1008 imagine
1406 958 1635 997 Atticarum
1666 955 1783 997 muli·

203 1027 316 1054 erum
356 1013 544 1053 libidines
596 1013 797 1052 notavisse
843 1013 1040 1064 simulque
1078 1013 1233 1054 Cratini
1277 1014 1564 1054 Thraessarum
1604 1014 1784 1066 exemplo

204 1071 376 1123 Bendin,
407 1071 519 1110 deam
545 1070 794 1119 Thraeciam,
815 1070 979 1122 eiusque
1000 1084 1145 1111 novam
1167 1072 1208 1111 in
1229 1071 1365 1112 Attica
1384 1072 1622 1123 religionem
1643 1070 1786 1127 acerbe

204 1128 578 1168 commemoravisse
609 1127 807 1179 Bergkius
839 1129 1006 1177 conicit,
1047 1131 1178 1168 actam
1216 1131 1351 1169 autem
1387 1129 1569 1169 fabulam
1609 1141 1656 1169 eo
1684 1130 1790 1168 tem-.

205 1199 313 1237 pore,
346 1198 424 1235 quo
457 1184 618 1234 Bendis,
651 1185 719 1223 diu
750 1186 940 1235 privatim
970 1187 1101 1238 culta,
1134 1187 1256 1226 etiam
1287 1186 1448 1237 publice
1487 1187 1536 1226 ab
1566 1186 1785 1226 Athenien-

208 1243 319 1283 sibus
358 1242 479 1281 fuerit
515 1244 695 1292 recepta,
735 1243 761 1282 i.
792 1256 827 1282 e.
860 1242 922 1285 Ol.
956 1244 1031 1292 92,
1065 1245 1205 1284 2—4.
1266 1244 1314 1284 de
1352 1244 1532 1284 Bendide
1571 1243 1621 1284 of.
1661 1244 1785 1284 etiam

211 1299 383 1340 Boeokh.
415 1298 563 1350 Opusc.
595 1299 678 1338 IIII
708 1301 805 1340 449.

959 1412 1044 1455 356

415 1492 598 1547 Λῆμνος
627 1491 832 1547 κυάμους
861 1491 1095 1548 τρέφουσα
1124 1490 1343 1547 τακεροὺς
1374 1493 1449 1536 καὶ
1480 1474 1662 1544 καλούς.
1729 1480 1731 1482 .

327 1576 557 1615 Athenaeus
579 1576 617 1623 8,
643 1575 789 1615 3660d
816 1571 1108 1627 Ἀριστοφάνης
1139 1572 1184 1614 ἕν
1207 1575 1412 1626 Λημνίαις
1443 1573 1485 1616 τὸ
1512 1574 1680 1630 τακερὸν
1699 1573 1789 1616 ἔτα-

213 1634 281 1681 ξεν
311 1630 376 1672 ἐπὶ
407 1636 477 1671 τοῦ
507 1637 723 1684 τρυφεροῦ,
754 1629 880 1685 λέγων
909 1629 1038 1680 οὕτως
1068 1635 1150 1675 κτλ.
1182 1631 1250 1672 καὶ
1277 1632 1444 1687 καλούς]
1467 1629 1672 1686 χᾶπαλούς
1692 1635 1790 1681 Mei,

211 1691 306 1731 nek.
338 1690 457 1730 Anal.
490 1690 586 1729 Ath.
622 1692 715 1739 161,
747 1691 834 1730 sine
864 1690 1006 1730 idonea
1037 1703 1165 1730 eausa.
1217 1691 1378 1730 videtur
1398 1698 1518 1742 poeta
1539 1693 1583 1732 in
1603 1692 1789 1743 prologo,

213 1748 266 1787 ad
297 1761 415 1799 quem
437 1748 559 1787 etiam
589 1747 771 1797 proxima
801 1748 1027 1799 fragmenta
1046 1748 1264 1799 pertinent,
1296 1747 1554 1789 Lemniarum
1574 1749 1789 1796 mulierum

212 1806 365 1845 facinus
398 1801 466 1857 (fr.
499 1801 602 1858 358)
632 1805 683 1844 ad
712 1805 918 1857 Euripidis
949 1806 1216 1845 imitationem
1247 1806 1486 1857 exposuisse.

964 1928 1047 1972 357

423 2008 628 2069 ἐνταῦθα
659 2006 702 2050 δ’
743 2006 1050 2063 ἐτυράννευεν
1074 2006 1324 2066 Ὑψιπύλης
1353 2005 1503 2065 πατήρ

425 2077 558 2130 Θόας,
589 2075 873 2132 βραδύτατος
901 2075 969 2120 ὤν
999 2075 1050 2119 ἐν
1079 2074 1343 2134 ἀνθρώποις
1373 2080 1576 2135 δραμεῖν.

334 2160 572 2200 Ammonius
597 2161 676 2200 138
698 2160 838 2200 Valek.
871 2159 1073 2213 τύραννον
1102 2161 1143 2201 οἱ
1168 2158 1326 2214 ἀρχαῖοι
1357 2158 1422 2201 ἐπὶ
1453 2159 1648 2214 βασιλέως
1679 2158 1795 2200 ἕτασ··

219 2230 292 2258 σου
324 2249 333 2258 .
359 2249 367 2258 .
392 2251 401 2260 .
430 2214 719 2269 Ἀριστοφάνης
751 2215 794 2256 ἐν
816 2217 1021 2269 Λημνίαις
1042 2220 1120 2258 κτλ.
1155 2215 1195 2257 δ’
1219 2219 1309 2261 add.
1332 2219 1542 2271 Bergkius.
1633 2220 1672 2259 2.
1693 2218 1791 2271 βρα-

218 2274 386 2323 δύτατος
417 2270 476 2314 ai'v
505 2273 629 2327 idem]
662 2273 911 2327 βραδύτατος
950 2280 1043 2319 τῶν.
1103 2271 1314 2328 βράδιστος
1353 2275 1529 2317 Cobetus
1565 2277 1617 2316 N.
1649 2277 1677 2316 l.
1710 2277 1803 2329 119ἶ

219 2335 328 2386 ‘quia
358 2334 452 2373 haee
482 2332 614 2373 omnia
645 2346 664 2372 e
696 2333 900 2385 tragoedia
930 2332 1201 2386 παρῳδῆσθαι
1230 2334 1363 2385 palam
1393 2335 1484 2374 est'.
1517 2334 1698 2374 diversus
1728 2332 1794 2372 hic

221 2392 351 2431 Thoas
384 2405 407 2430 a
438 2391 658 2430 Taurorum
688 2403 782 2442 rege
813 2390 952 2441 Eurip.
982 2390 1067 2441 Iph.
1100 2391 1146 2430 T.
1175 2392 1240 2430 32.
1274 2391 1379 2431 ridet
1401 2391 1693 2447 Aristophanes
1714 2391 1792 2430 tra-

222 2449 332 2500 gicos
363 2462 409 2488 ex
440 2448 601 2488 nomine
631 2460 762 2488 mores
792 2448 999 2488 hominum
1030 2448 1286 2499 explicantes.

970 2582 1055 2625 358

424 2660 529 2713 τούς
558 2661 730 2719 ἄνδρας
758 2659 1070 2718 ἀπεχρήσαντο
1098 2658 1206 2712 τούς
1234 2657 1587 2717 παιδοσπόρους.

337 2746 506 2785 Bekker.
538 2747 687 2788 Anecd.
719 2747 816 2795 423,
849 2747 902 2786 32
934 2748 974 2786 et
1005 2745 1148 2786 Suidas
1185 2731 1482 2796 ἀπεχρήσαντο·
1516 2743 1791 2799 διεχρήσαντο,

223 2797 473 2843 ἀπέκτειναν.
533 2802 735 2854 Λημνίαις
778 2799 1069 2855 Ἀριστοφάνης
1110 2804 1191 2842 κτλ.
1260 2803 1397 2842 eadem
1435 2802 1596 2844 fabulae
1632 2803 1794 2843 nomine

225 2861 373 2901 omisso
411 2860 546 2912 Etym.
579 2875 630 2901 m.
666 2862 766 2911 124,
799 2861 865 2901 26.
913 2860 1058 2902 Pollux
1089 2861 1128 2910 9,
1164 2861 1245 2900 153.
1278 2855 1568 2912 Ἀριστοφάνης
1607 2858 1650 2900 δὲ
1687 2857 1795 2908 ’τούς
