1872 3224
126 196 167 210 γ’

663 207 871 243 ΑΔΗΛΩΝ
896 209 1162 246 ΔΡΑΜΑΤῼΝ
1611 213 1693 256 387

58 321 75 324 ’·
118 309 380 354 nerva-den.
410 311 515 354 NoV.
547 312 638 352 add.
669 314 756 353 crit.
788 294 819 353 8'
843 312 966 362 πολὺς
1005 311 1050 354 δὲ
1088 315 1415 369 συβριᾱσμός,
1455 332 1693 370 quamquam

41 391 57 427 '2
118 369 228 411 unde
247 370 505 421 compererit
532 370 704 421 primam
734 372 819 412 eius
848 373 1022 413 nominis
1052 374 1247 425 syllabam
1277 376 1442 426 produci
1472 389 1553 417 non
1584 377 1691 417 dicit.

35 450 54 476 51
82 489 85 491 α
120 427 172 468 ex'
199 427 350 468 crafin.
382 427 434 467 fr.
467 428 521 467 84
553 429 675 468 tertia
705 429 833 469 forma
862 431 951 470 elici
980 434 1115 482 potest
1145 429 1466 484 συρβιασμός.

894 565 949 608 65

328 653 384 698 οὐ
414 654 572 710 γλύξις
603 653 708 698 οὐδ’
740 654 980 712 ὑπόχυτος,
1012 654 1127 699 ἀλλὰ
1159 658 1404 714 Πράμνιος.

234 751 438 804 Diogenes
475 751 610 791 Laert.
642 752 687 800 4,
721 753 776 791 20
815 744 869 803 ἦν
907 750 1208 804 (Σοφοκλῆς)
1246 752 1344 792 κατὰ
1384 754 1453 793 τὸν
1491 754 1694 807 Φρύνιχον

118 801 168 848 οὗ
195 809 280 849 κτλ.
311 822 525 860 perperam
555 809 652 849 haec
689 809 739 848 ad
779 809 1036 849 Polemonem
1073 810 1355 862 philosophum
1392 813 1515 852 refert
1553 813 1693 852 suidas

118 861 321 918 ὑπόχυτος
352 860 475 914 οἶνος.
536 867 692 906 scilicet
722 867 924 918 Diogenes
954 867 1210 907 Polemonem
1246 871 1384 908 narrat
1419 870 1476 909 eis
1512 870 1693 920 inprimis

120 923 332 976 Sophoclis
363 925 542 965 versibus
573 924 763 965 delectari
794 925 959 963 solitum
988 925 1125 974 fuisse,
1159 926 1228 965 ubi
1259 929 1334 968 oet.
1364 922 1512 979 γλύξις]
1545 925 1694 979 γλυκύς

122 981 237 1022 Suid.
267 980 404 1035 γλύξις
435 982 485 1021 ab
517 982 726 1022 Athenaeo
761 985 796 1031 1,
831 983 915 1022 31e
946 982 1168 1032 explicatur
1187 979 1208 1021 ὅ
1230 980 1273 1022 τὸ
1303 981 1438 1034 ἕψημα
1469 981 1580 1035 ἔχων,
1611 985 1637 1023 i.
1660 998 1694 1023 e.

117 1043 247 1080 musto
276 1041 424 1080 decocto
453 1040 634 1079 mixtum.
667 1041 773 1079 Plin.
804 1040 849 1077 N.
881 1040 919 1082 h.
955 1042 1021 1088 14,
1043 1041 1098 1080 80
1126 1042 1300 1080 siraeum
1329 1042 1431 1090 quod
1450 1042 1519 1081 alii
1549 1038 1695 1092 ἕψημα,

118 1098 246 1143 nostri
273 1109 418 1150 sapam
447 1098 659 1148 adpellant,
689 1098 841 1148 inyem'i
869 1109 951 1137 non
987 1101 1157 1137 naturae
1193 1111 1290 1148 opus
1318 1102 1391 1147 est,
1422 1102 1548 1138 musto
1576 1111 1697 1147 usque

119 1154 174 1196 ad
201 1157 359 1196 tertiam
381 1155 541 1206 partem
569 1167 778 1195 mensurae
808 1156 968 1195 decocto.
1029 1155 1177 1193 Athen.
1213 1160 1247 1205 1,
1282 1158 1331 1195 31
1353 1169 1373 1195 e
1407 1154 1621 1206 Τιμαχίδας
1652 1152 1696 1193 δὲ

119 1208 142 1251 ὁ
162 1209 317 1260 Ῥόδιος
347 1208 612 1264 ὑπόχυτόν
648 1227 759 1252 τινα
795 1206 938 1251 οἶνον
977 1209 1021 1251 ἔν
1045 1208 1168 1266 Ῥόδῳ
1197 1215 1314 1252 καλεῖ
1337 1211 1614 1265 παραπλήσιον
1643 1217 1722 1267 τῷ.

119 1270 270 1323 γλυκεῖ.
302 1284 351 1310 ex
381 1271 510 1311 Musis
540 1272 611 1310 aut
643 1270 860 1322 Tragoedis
890 1270 1076 1320 petitum.

894 1405 950 1448 66

740 1496 1005 1547 ἑπτάκλινος
1035 1493 1156 1546 οἶκος
1185 1488 1243 1552 ἦν
1273 1496 1425 1550 καλός,

329 1564 413 1611 εἶτ’
447 1566 741 1617 ἐννεάκλινος
770 1565 922 1621 ἕτερος
951 1562 1088 1616 οἶκος.

236 1663 470 1703 Athenaeus
503 1664 539 1712 2,
573 1663 627 1701 47
646 1663 666 1701 f
698 1658 761 1700 ὅτι
797 1659 863 1700 καὶ
901 1659 1091 1713 τρίκλινοι
1126 1654 1227 1698 οἶκοι
1266 1657 1334 1698 καὶ
1363 1657 1603 1716 τετράκλινοι
1631 1657 1697 1698 καὶ

123 1717 357 1760 ἑπτάκλινοι
385 1719 454 1760 καὶ
483 1717 729 1760 ἐννεάκλινοι
759 1717 826 1758 καὶ
856 1716 955 1757 κατὰ
987 1715 1078 1765 τοὺς
1110 1714 1200 1768 ἑξῆς
1229 1714 1428 1769 ἀριθμοὺς
1457 1717 1561 1771 ἦσαν
1590 1714 1695 1769 παρὰ

125 1781 209 1826 τοῖς
239 1780 427 1826 παλαιοῖς
460 1809 468 1818 .
492 1807 502 1817 .
526 1808 536 1818 .
568 1773 769 1830 Φρύνιχος
799 1778 880 1818 κτλ,

893 1910 946 1953 67

330 1989 450 2051 ἦσαν
480 1994 530 2037 δὲ
562 1993 637 2036 καὶ
666 1998 881 2047 γυναῖκες
910 1988 1139 2044 άφήλικες.

239 2090 382 2129 Pollux
414 2090 451 2138 2,
487 2091 537 2128 17
572 2085 775 2139 Φρύνιχος
806 2083 850 2124 δὲ
882 2082 950 2132 τὰς
980 2081 1073 2130 νέας
1105 2079 1304 2134 άφήλικας
1335 2079 1436 2134 λέγει
1465 2083 1544 2121 κτλ.
1605 2084 1696 2132 post

123 2150 314 2201 γυναῖκες
345 2147 554 2187 ‘excidisse
583 2145 743 2186 videtur
774 2141 842 2191 ἕξ.
873 2142 1046 2182 Meinek.
1079 2141 1231 2180 Cratin.
1264 2142 1358 2179 369.
1391 2140 1569 2180 Pherecr.
1602 2140 1696 2180 206.

898 2278 953 2333 68.

815 2368 921 2420 τοὺς
951 2369 1000 2411 δὲ
1031 2369 1254 2423 γομφίους

541 2441 745 2490 ἅπαντας
776 2438 1003 2491 ἐξέκοψεν,
1035 2432 1144 2479 ὥστ’

543 2509 628 2554 οὐκ
659 2508 718 2552 ἄν
748 2509 975 2563 δυναίμην
1005 2505 1182 2555 Ναξίαν

544 2577 812 2636 ἀμυγδάλην
842 2575 1040 2626 κατᾶξαι.

245 2679 476 2718 Athenaeus
508 2677 547 2724 2,
579 2676 664 2714 520
693 2672 740 2712 αἱ
765 2669 918 2719 Νάξιαι
946 2665 1170 2720 ἀμυγδάλαι
1200 2663 1266 2704 διὰ
1297 2658 1453 2715 μνήμης
1483 2657 1586 2714 ἦσαν
1616 2665 1695 2708 τοῖς

129 2738 330 2783 παλαιοῖς.
390 2732 458 2774 καὶ
493 2732 675 2786 γίνονται
710 2728 837 2776 ὄντως
877 2725 921 2767 ἐν
957 2722 1078 2779 Νάξῳ
1119 2729 1167 2777 τῇ
1213 2720 1322 2776 νήσῳ
1366 2717 1549 2772 διάφοροι
1587 2717 1634 2773 (i.
1665 2733 1697 2758 e.

131 2795 324 2845 eyreyiae)
357 2822 367 2832 .
390 2826 398 2834 .
421 2822 430 2830 .
462 2788 664 2842 Φρύνιχος
695 2790 776 2827 κτλ.
807 2787 857 2826 of.
880 2785 1024 2835 Eupol.
1049 2783 1143 2821 253.
1174 2793 1313 2821 versus
1334 2779 1502 2830 digessit
1519 2777 1696 2816 Erfurdt.

133 2850 303 2892 observ.
335 2851 403 2892 43.
463 2851 524 2888 est
562 2848 692 2887 exitus
731 2842 960 2896 systematis
998 2838 1167 2879 iambici.
1230 2835 1498 2887 Strepsiadem
1528 2834 1699 2884 aliquem

133 2909 182 2949 de
212 2909 296 2948 filio
325 2908 560 2958 querentem
591 2904 728 2943 audire
760 2901 858 2940 mihi
887 2898 1038 2940 videor.
1412 2960 1432 2980 ²:

1359 2961 1403 2993 25
