1872 3224
651 239 864 276 ΑΔΗΛῼΝ
902 240 1173 276 ΔΡΑΜΑΤΩΝ
1622 239 1702 282 117

141 345 264 387 νίαν
301 346 490 387 Cratinus
530 346 713 404 scripsit,
755 347 820 386 vel
857 346 1038 387 imitatus
1069 349 1131 387 est
1169 347 1234 387 vel
1280 347 1426 387 leviter
1463 346 1703 397 perstrinxit

52 434 56 437 ·
99 404 372 470 'fesehylum.
404 404 492 455 ipse
524 404 633 444 enim
663 404 879 456 geminassis
910 404 960 442 σ“σ
990 405 1034 444 in
1065 405 1227 457 dialogo
1258 404 1448 446 abstinet.

868 516 955 560 365

315 596 443 651 ἄξιος
472 599 632 653 λαβεῖν
663 595 688 640 ὁ
720 596 888 654 μισθός

219 687 338 723 τοῦτο
376 687 459 722 τῶν
503 681 559 730 εἰς
597 679 742 729 κάλλος
779 677 1023 733 ἠσκημένων
1061 684 1262 733 σημαῖνον
1298 679 1453 720 τοιοῦτό
1490 695 1548 733 τι,
1588 678 1701 731 ἄξιός

104 738 217 782 ἔστιν
246 737 268 780 ὂ
297 738 447 793 μισθὸς
478 737 581 780 ὥστε
611 738 753 791 λαβεῖν
782 734 920 780 αὐτόν.
961 737 1042 778 ἔστι
1072 736 1117 778 δὲ
1155 737 1263 792 παρὰ
1295 737 1496 793 Κρατίνῳ.
1558 740 1701 780 Suidas

78 842 79 846 ,
106 801 148 840 et
192 799 379 840 similiter
424 799 594 838 Bekker.
639 798 790 837 Anecd.
822 798 928 847 412,
969 799 1008 837 9.
1069 798 1162 837 talis
1207 797 1461 837 artifieiosior
1505 799 1700 838 orationis

73 854 76 859 ’
106 857 239 898 forma
276 857 608 909 frequentissima
648 856 758 906 apud
798 856 1050 907 Sophoclem.
1113 856 1163 895 of.
1195 855 1392 909 Wunder.
1424 855 1568 907 Antig.
1600 857 1698 905 437,

55 927 71 967 -j
105 915 176 956 ubi
209 928 310 967 quae
340 915 581 955 adferuntur
611 914 794 965 exempla
824 913 1013 953 facillime
1044 914 1185 965 augeri
1216 910 1404 963 possunt.

858 1037 944 1081 366

311 1128 501 1186 ὥρκωσε
528 1131 600 1173 καὶ
630 1127 832 1187 ὁρκώτης
861 1127 907 1173 δ’
941 1129 1045 1186 ἐγώ.

218 1216 473 1286 Phrynichus
503 1216 615 1285 Epip.
648 1216 733 1255 360
770 1211 900 1262 οὕτως
938 1212 1140 1266 Κρατῖνός
1178 1224 1302 1267 φησι·
1340 1216 1492 1266 μᾶλλον
1522 1211 1588 1252 διὰ
1630 1219 1700 1253 τοῦ

47 1276 53 1283 ’
103 1277 138 1314 ὦ
166 1271 253 1328 λέγε
274 1270 303 1326 ἢ
323 1271 392 1313 διὰ
412 1278 486 1313 τοῦ
507 1283 534 1326 ῑ,
563 1271 748 1342 ω’ρκισεν.
809 1286 892 1313 non
923 1273 1118 1325 intellego
1139 1273 1245 1324 quod
1268 1273 1495 1312 Meinekius
1517 1273 1579 1311 ed.
1602 1273 1698 1312 min.

102 1333 184 1372 VII
211 1332 427 1397 proposuit
455 1326 636 1402 ὁρκωτὴς
657 1328 769 1384 λέγω.
800 1333 907 1371 reete
939 1331 1088 1370 dicitur
1117 1327 1290 1382 ὁρκωτὸς
1321 1327 1436 1382 λέγω,
1462 1343 1544 1370 non
1563 1331 1698 1370 minus

103 1393 215 1431 reete
246 1382 426 1443 ὁρκωτὴς
457 1385 498 1429 δ’
532 1387 609 1442 ἐγω
641 1389 668 1428 i.
702 1403 736 1428 e.
775 1390 1061 1430 iusiuroendum
1090 1393 1222 1445 autem
1242 1390 1409 1439 praeibo
1438 1401 1517 1439 690.

859 1512 944 1557 367

313 1593 592 1639 ἀποκεῖσθαι
621 1594 779 1652 πόρρω

219 1683 495 1744 ἀτιμάζεσθαι.
527 1687 632 1731 οὕτω
666 1692 875 1746 Κρατῖνος.
926 1691 1101 1732 Bekker.
1133 1690 1289 1730 Aneed,
1320 1690 1417 1740 428,
1454 1690 1520 1729 17.
1554 1690 1697 1729 Zonar.

860 1815 946 1860 368

221 1912 392 1952 Photius
424 1909 736 1963 Λακεδαίμονα’
777 1910 818 1950 οἵ
840 1906 1011 1950 ’Λττικοὶ
1048 1907 1123 1962 τὴν
1159 1907 1281 1948 πόλιν
1316 1905 1446 1959 αὐτὴν
1484 1903 1531 1947 οὐ
1570 1905 1698 1959 μόνον

106 1967 305 2023 Σπάρτην
323 1965 423 2009 ἀλλὰ
443 1967 512 2009 καὶ
533 1967 892 2020 Λακεδαίμονα
923 1969 1138 2007 καλοῦσιν·
1161 1964 1292 2014 οὕτως
1313 1967 1524 2029 Κρατῖνος.
1556 1965 1696 2006 Aelius

105 2028 278 2096 Dionys.
311 2027 498 2067 Eustath.
533 2028 628 2075 294,
660 2027 713 2065 41
747 2027 948 2079 Κρατῖνος
987 2022 1032 2064 δὲ
1069 2022 1138 2064 καὶ
1178 2016 1252 2076 τὴν
1290 2018 1423 2076 χώραν
1459 2017 1697 2076 Σπάρτην

105 2078 230 2136 οἶδεν,
261 2080 309 2124 οὐ
339 2082 466 2136 μόνον
497 2082 879 2135 Λακεδαίμονα.

859 2195 944 2239 369

312 2273 517 2335 ἅφήλικοι
545 2275 740 2334 γέροντα

221 2360 395 2423 P011.2‚
431 2375 482 2414 17
513 2359 716 2439 Φρύνιχος
745 2369 815 2420 τὰς
836 2369 930 2420 νέας
950 2369 1026 2424 μὲν
1044 2367 1247 2424 ἆφήλικας
1268 2367 1385 2422 λέγει.
1445 2367 1696 2421 Φερεκράτης

107 2428 153 2471 ,δὲ
182 2428 257 2483 τὴν
285 2427 517 2484 γεραιτέραν
546 2425 884 2483 ἀφηλικεστοὲτην,
916 2426 971 2478 ὡς
1001 2427 1068 2470 καὶ
1099 2431 1300 2482 Κρατῖνος
1330 2423 1401 2476 ἆφ.
1433 2442 1470 2479 γ.
1510 2428 1694 2467 Pherecr.

26 2490 35 2494 “
108 2490 207 2530 206.
238 2489 392 2541 Phryn.
416 2490 483 2529 67.
516 2488 690 2529 Bekker.
714 2488 867 2528 Aneod.
890 2490 928 2537 3,
956 2491 975 2526 1
993 2483 1320 2551 ἆφηλικέστεροι·
1352 2484 1393 2523 οἵ
1418 2482 1693 2551 πρεσβύτεροι,

47 2594 50 2597 ,
106 2542 163 2594 ὥς
193 2543 274 2586 α’πο
304 2561 393 2598 της
404 2540 603 2598 ἡλικίας’
593 2541 724 2594 ὄντες·
763 2541 928 2596 ἡλικίαν
957 2537 1031 2598 γὰρ
1069 2542 1206 2597 ἔλεγον
1242 2540 1310 2582 καὶ
1347 2535 1420 2593 τὴν
1457 2537 1622 2594 νεότητα
1652 2541 1701 2581 οἵ

107 2600 428 2656 ἀρχαῖοι.οἰ
448 2601 584 2656 μέντοι
605 2601 689 2643 νέοι
711 2602 779 2643 καὶ
800 2601 864 2643 ἐπι
893 2608 975 2644 τῶν
995 2599 1200 2677 νεωτέρων
1219 2595 1414 2640 ταττουσι.
1446 2600 1497 2640 ef.
1519 2600 1693 2651 Hesyeh.

106 2657 440 2715 ἀφηλικεστέραν.

862 2772 949 2816 370

315 2852 574 2910 οἰναγωγὸν
604 2855 767 2897 πλοῖον

223 2945 332 3002 παρὰ
364 2947 563 3004 Κρατίνῳ.
584 2948 687 2988 Poll.
711 2950 749 2998 6,
772 2950 840 2989 23.
862 2943 1037 2995 ὁλκάδας
1058 2943 1305 2999 οἰναγωγούς
1326 2945 1508 2985 Pherecr.
1537 2945 1629 2993 143,
1653 2945 1691 2983 4.
