1872 3224
691 187 930 224 ΧΡΤΣΟΤΝ
954 191 1118 227 muoz
1604 202 1685 246 337

55 499 77 529 3.
131 522 156 541 n
218 469 419 512 zenobius
442 473 481 523 2,
508 474 560 513 19
591 470 806 527 αὐτόματοι
836 472 875 517 δ’
908 476 1058 533 ἀγαθοὶ
1087 479 1258 536 ἀγαθῶν
1287 483 1351 526 ἐπὶ
1371 486 1509 537 δαῖτας
1531 488 1677 530 ἵενται·

103 538 233 576 ουτως
259 524 448 578 Ἡσίοδος
486 527 680 582 ἐχρήσατο
718 534 765 586 τῆ
803 537 994 593 παροιμία
1027 571 1035 579 .
1070 571 1077 579 .
1111 573 1120 582 .
1161 540 1339 591 Εὔπολις
1378 544 1422 584 δὲ
1460 544 1505 585 ἕν
1534 549 1682 600 Χρυσῶ

41 616 51 624 ⁷.
100 580 210 639 γένει
239 582 381 653 ξτὲρως
421 586 546 640 φησὶν
575 587 681 642 ἔχειν
711 575 785 644 τῆν
814 596 1052 648 παροιμίαν·
1092 594 1306 649 αὐτόματοι
1337 605 1414 643 κτλ.
1465 605 1513 644 cf.
1547 589 1677 647 Schoi.

99 640 282 685 Platonis
321 647 404 686 373
442 647 571 688 Bekk.
610 644 826 702 αὐτόματοι
861 649 902 691 δ’
941 650 1092 707 ἀγαθοὶ
1129 655 1272 697 δειλῶν
1308 655 1369 699 ἐπὶ
1406 660 1543 710 δαῖτας
1583 661 1677 703 ἴασι.

39 709 48 759 J
85 698 253 754 ’ταύτην
271 698 328 759 ὁδὲ
357 700 545 757 λέγουσιν
564 705 754 759 εἰρῆσθαι
775 706 840 749 ἐπὶ
857 706 1053 766 Ἱίρακλεῖ,
1082 710 1127 761 ὃς
1157 711 1220 755 ὅτε
1240 716 1440 757 εἱστιῶντο
1469 719 1522 757 τῶ
1543 716 1677 772 Κήυκι

26 777 42 810 4
69 780 74 791 ε
103 755 210 808 ξένοι
240 757 399 813 ἐπέστη.
433 761 586 803 Cratin.
623 767 718 808 169.
750 768 956 820 Aristoph.
990 771 1038 810 fr.
1071 773 1165 812 272.
1197 773 1302 814 Plat.
1335 775 1473 827 Symp.
1496 760 1633 818 ‘174b.

718 913 815 960 290.
847 915 944 960 291.
976 917 1061 960 292

214 982 252 1032 οἶ
283 991 504 1048 καλλίστη
536 994 644 1035 πόλι
676 997 851 1051 πασῶν,
885 994 994 1048 ὅσας
1025 997 1182 1041 Κλέων
1214 998 1374 1058 ἐφορᾷ,

209 1055 273 1108 ῶς
303 1057 538 1116 εὐδαίμων
571 1061 796 1119 πρότερόν
827 1062 866 1107 τ’
899 1059 1023 1122 ἦσθα
1054 1070 1143 1110 νῦν
1173 1083 1220 1111 τε
1249 1072 1426 1124 μᾶλλον
1456 1074 1546 1115 ἔσει

428 1147 454 1174 *
729 1149 753 1176 *
1027 1153 1050 1179 *
1323 1156 1346 1182 *

208 1196 301 1241 ἔδει
332 1202 518 1256 πρῶτον
549 1201 634 1256 μὲν
664 1199 888 1260 ὑπάρχειν
918 1204 1103 1247 πάντων
1135 1206 1373 1264 ἰσηγορίαν

0 1247 13 1313 k
425 1286 449 1312 *
726 1288 749 1315 *
1023 1290 1046 1318 *
1319 1294 1342 1320 *

0 1348 9 1370 ν
205 1337 302 1387 πῶς
332 1332 422 1380 οὖν
452 1336 540 1381 οὐκ
571 1336 629 1383 ἄν
658 1356 726 1391 τις
755 1338 928 1397 ὁμιλῶν
959 1344 1107 1399 χαίροι
1136 1346 1291 1401 τοιᾷδε
1322 1345 1465 1402 πόλει,

153 1412 174 1444 5
205 1403 272 1448 ἵν’
305 1404 479 1458 ἔξεστιν
510 1408 633 1452 πάνυ
663 1412 812 1469 λεπτῷ
842 1414 968 1469 κακῷ
998 1427 1045 1455 τε
1073 1410 1157 1468 τὴν
1179 1414 1314 1459 ,ἰδέαν
1344 1441 1398 1446 --

203 1501 434 1545 Priscianus
465 1505 525 1544 De
557 1507 696 1546 metris
730 1507 889 1548 Terent.
923 1509 975 1548 26
1014 1509 1280 1559 Hephaestion
1309 1522 1456 1560 quoque
1484 1514 1667 1552 metricus

87 1561 254 1601 ostendit
283 1564 474 1603 comicum
511 1575 530 1603 e
533 1565 785 1613 pionicum
820 1567 1010 1616 spondeos
1039 1568 1211 1617 paribus
1255 1569 1346 1607 locis
1388 1568 1534 1608 habens
1568 1571 1667 1609 iam-

88 1617 267 1659 bicarmn
305 1619 511 1671 συζυγιῶν
547 1622 590 1662 id
627 1625 682 1663 est
719 1625 1060 1674 coanationwm,
1098 1628 1142 1664 ut
1182 1628 1236 1665 esc
1272 1627 1380 1675 apud
1413 1626 1592 1675 Eupolin
1620 1629 1666 1666 in

85 1673 227 1724 fabula
256 1689 357 1726 quae
386 1679 530 1718 dicitur
561 1679 755 1731 Χρυσοῦν
783 1678 917 1733 γένος·
949 1675 982 1720 οῗ
1011 1680 1198 1731 καλλίστη
1219 1705 1272 1711 -
1295 1680 1385 1722 ἔσει.
1436 1684 1556 1724 idem:
1589 1681 1668 1722 ἔδει

84 1734 169 1774 κτλ,
230 1747 269 1775 v.
303 1737 340 1775 1.
375 1736 398 1774 2
429 1736 718 1787 Hephaestion.
754 1739 819 1787 16,
852 1740 876 1778 5
918 1738 1086 1789 μάλιστα
1123 1734 1163 1777 δ’
1196 1735 1239 1777 ἐν
1268 1735 1378 1794 αὐτῷ
1422 1738 1492 1794 (τῷ
1521 1742 1665 1779 καλου-

83 1786 190 1845 μένῳ
222 1788 442 1847 ἑπιωνικῷ)
474 1789 616 1843 ἀταξία
646 1793 786 1846 πολλή,
817 1791 842 1846 ἡ
874 1794 966 1843 τοὺς
998 1794 1234 1843 σπονδείους
1266 1793 1329 1835 ἐπὶ
1349 1792 1509 1847 ἀρτίους
1530 1792 1662 1848 χώρας

84 1843 108 1886 ἔ
126 1857 226 1887 ουσα
260 1854 342 1889 τῶν
371 1849 572 1902 ἰαμβικῶν
600 1853 815 1903 συζυγιῶν,
847 1847 934 1891 οἷον
962 1849 1058 1904 παρ’
1083 1849 1281 1892 Εὐπόλιδι
1301 1850 1346 1892 ἐν
1370 1853 1518 1908 Χρυσῷ
1538 1851 1662 1906 γένει·

145 1928 194 1935 -
215 1903 308 1947 ἔσει.
343 1922 381 1948 v.
416 1910 436 1946 1
470 1909 557 1948 sine
587 1910 761 1949 auctoris
791 1911 955 1950 nomine
995 1910 1125 1949 Schol.
1157 1910 1274 1949 Pind.
1316 1909 1379 1950 Ol.
1416 1911 1467 1950 13
1505 1924 1546 1962 p.
1580 1912 1660 1951 266

83 1962 259 2003 Boeckh.
284 1986 327 1994 —
350 1966 578 2005 universam
608 1967 792 2006 lectionis
825 1967 1072 2015 varietatem,
1105 1980 1204 2018 quae
1237 1968 1286 2006 ad
1308 1967 1517 2018 Eupolidis
1539 1968 1662 2007 verba

83 2022 365 2061 constituenda
402 2035 484 2062 non
522 2024 698 2063 multum
736 2023 846 2073 facit,
888 2025 1086 2075 excerpsit
1116 2024 1268 2063 Keilius
1298 2025 1341 2063 in
1371 2025 1566 2064 Prisciani
1597 2025 1658 2064 ed.

83 2079 122 2118 3.
155 2075 253 2131 ἔδει]
287 2073 339 2118 οὗ
368 2078 437 2118 δεῖ
459 2080 704 2120 Fritzschius
735 2081 795 2120 De
823 2095 859 2121 v.
882 2082 1028 2132 Eupol.
1059 2083 1096 2130 6,
1128 2081 1164 2120 εἰ
1192 2080 1255 2120 δεῖ
1272 2082 1419 2133 Bergk.
1442 2082 1489 2120 R.
1515 2094 1548 2121 c.
1573 2083 1659 2121 Att.

82 2135 178 2175 361.
212 2136 420 2187 Aristoph.
453 2139 527 2178 AV.
575 2139 652 2177 157
692 2131 743 2176 οὐ
778 2143 916 2190 πρῶτα
952 2135 1028 2190 μὲν
1065 2137 1131 2177 δεῖ
1163 2139 1237 2190 ζῆν
1270 2137 1370 2178 ἄνευ
1407 2137 1658 2190 βαλλαντίου.

81 2194 122 2232 4.
168 2189 323 2245 ὁμιλῶν
373 2193 502 2247 χαίροι
554 2195 634 2235 Ios.
682 2193 878 2248 Scaliger]
927 2199 1122 2234 OMIAON
1155 2200 1291 2233 XAIPI
1334 2196 1422 2235 VA.
1484 2196 1532 2235 de
1581 2209 1660 2235 me-

80 2253 144 2291 tro
175 2251 226 2291 cf.
257 2254 464 2303 praeterea
493 2252 687 2295 Fritzsch.
720 2253 789 2292 sed
828 2253 934 2304 quod
963 2253 1068 2292 idem
1100 2253 1206 2293 inter
1226 2253 1322 2293 duas
1343 2265 1531 2304 personas
1561 2253 1658 2292 haec

80 2308 292 2349 distribuit
320 2323 403 2350 non
434 2310 593 2350 videtur
621 2310 784 2361 probari
813 2323 943 2362 posse,
975 2309 1172 2361 siquidem
1202 2311 1243 2349 id
1274 2323 1399 2362 genus
1429 2310 1547 2348 metri
1577 2310 1657 2348 dia-

78 2365 174 2418 logo
205 2379 349 2417 parum
370 2370 510 2418 aptum
531 2371 607 2408 est.
640 2381 663 2407 a
684 2367 803 2408 choro
833 2368 1001 2408 recitata
1021 2367 1207 2419 arbitror,
1227 2368 1439 2418 parabasin
1470 2367 1533 2405 vel
1553 2367 1656 2416 epir-

78 2423 218 2463 rhema
247 2425 462 2475 quoddam.
504 2424 693 2465 Cleonem
725 2438 814 2465 cum
844 2426 1036 2465 inrisione
1069 2425 1153 2464 Soli
1184 2425 1428 2475 comparavit
1458 2419 1502 2469 ὃς
1532 2420 1653 2461 πάντ’

79 2476 208 2537 ἐφορᾷ
238 2480 307 2522 καὶ
335 2478 456 2521 πάντ’
492 2480 695 2522 ἐπακούει.
737 2485 830 2533 apte
863 2484 985 2522 etiam
1015 2482 1217 2521 Porsonus
1256 2481 1430 2521 contulit
1459 2481 1654 2531 fragmen-

79 2540 168 2578 tum
216 2539 439 2592 adespoton
477 2532 551 2591 τὴν
586 2538 868 2592 λαμπροτάτην
911 2539 1065 2578 πόλεων
1101 2542 1266 2588 πασῶν,
1305 2533 1456 2584 ὁπόσας
1494 2533 1515 2575 ὁ
1555 2534 1655 2582 Ζεὺς

76 2590 308 2647 ἀναφαίνει.
368 2612 407 2639 v.
431 2599 456 2638 3
488 2598 767 2648 coniungenda
797 2599 891 2637 sunt
909 2601 1068 2650 πρῶτον
1087 2593 1262 2634 πάντων.
1294 2595 1372 2633 alia
1393 2594 1549 2633 addidit
1570 2594 1654 2633 sine

77 2653 200 2694 dubio
230 2655 374 2696 chorus
404 2656 455 2695 ad
489 2655 739 2694 Athenarum
769 2655 1054 2705 praestantiam
1086 2652 1448 2691 demonstrandam.
1482 2653 1654 2690 extrema

79 2713 281 2752 sententia
311 2713 485 2764 abrupta
514 2716 590 2752 est.
621 2713 697 2752 hoc
717 2712 873 2751 dixerat
899 2715 1037 2762 poeta:
1070 2709 1210 2760 quidni
1230 2709 1354 2760 igitur
1373 2708 1505 2759 quivis
1526 2708 1652 2747 liben-

78 2768 144 2807 ter
173 2769 215 2808 in
245 2771 319 2810 tali
349 2770 449 2809 urbe
480 2770 611 2821 degat,
643 2770 714 2808 ubi
747 2769 867 2808 etiam
898 2771 1040 2821 exiguo
1072 2770 1112 2806 et
1142 2766 1273 2805 minus
1303 2765 1468 2816 pulchro
1499 2765 1651 2803 homini

75 2824 196 2865 liceat
227 2827 277 2867 ad
307 2827 598 2878 rempublicam
628 2826 985 2866 administrandam
1016 2822 1230 2865 accedere?
1279 2822 1387 2874 quod
1415 2823 1499 2862 sine
1529 2821 1650 2860 dubio

76 2885 271 2935 exemplis
302 2884 542 2935 quibusdam
571 2883 738 2924 ludicris
768 2883 1069 2925 inlustraverat.

146 2954 266 2983 Comici
286 2955 403 2991 graeci,
424 2956 472 2985 ed.
492 2955 553 2984 Th.
570 2955 684 2982 Kock.
704 2955 731 2981 Ι.
1334 2948 1377 2979 22
