<?xml version="1.0" encoding="UTF-8"?>
<!DOCTYPE html PUBLIC "-//W3C//DTD XHTML 1.0 Transitional//EN"
    "http://www.w3.org/TR/xhtml1/DTD/xhtml1-transitional.dtd">
<html xmlns="http://www.w3.org/1999/xhtml" xml:lang="en" lang="en">
 <head>
  <title>
</title>
<meta http-equiv="Content-Type" content="text/html;charset=utf-8" />
  <meta name='ocr-system' content='tesseract 3.04.00' />
  <meta name='ocr-capabilities' content='ocr_page ocr_carea ocr_par ocr_line ocrx_word'/>
</head>
<body>
  <div class='ocr_page' id='page_1' title='image "./comicorumatticor01kockuoft_0510.png"; bbox 0 0 1872 3224; ppageno 0'>
   <div class='ocr_carea' id='block_1_1' title="bbox 203 171 1179 219">
    <p class='ocr_par' dir='ltr' id='par_1_1' title="bbox 203 171 1179 219">
     <span class='ocr_line' id='line_1_1' title="bbox 203 171 1179 219; baseline -0.002 -12"><span class='ocrx_word' id='word_1_1' title='bbox 203 176 291 219; x_wconf 82' lang='lat'><strong>480</strong></span> <span class='ocrx_word' id='word_1_2' title='bbox 793 171 1179 207; x_wconf 83' lang='grc' dir='ltr'><strong>ΑΡΙΣΤΟΦΑΝΟΤΣ</strong></span> 
     </span>
    </p>
   </div>
   <div class='ocr_carea' id='block_1_2' title="bbox 409 307 1326 445">
    <p class='ocr_par' dir='ltr' id='par_1_2' title="bbox 409 307 1326 445">
     <span class='ocr_line' id='line_1_2' title="bbox 954 307 1084 350; baseline 0 0"><span class='ocrx_word' id='word_1_3' title='bbox 954 307 1040 350; x_wconf 86' lang='grc'><strong>332</strong></span> <span class='ocrx_word' id='word_1_4' title='bbox 1066 336 1084 350; x_wconf 80' lang='grc'><strong><em>.</em></strong></span> 
     </span>
     <span class='ocr_line' id='line_1_3' title="bbox 409 386 1326 445; baseline -0.003 -13"><span class='ocrx_word' id='word_1_5' title='bbox 409 388 499 445; x_wconf 80' lang='grc' dir='ltr'><strong>ἅμα</strong></span> <span class='ocrx_word' id='word_1_6' title='bbox 530 386 573 431; x_wconf 82' lang='grc' dir='ltr'><strong>δ’</strong></span> <span class='ocrx_word' id='word_1_7' title='bbox 607 386 799 444; x_wconf 83' lang='grc' dir='ltr'><strong><em>ἠπίαλος</em></strong></span> <span class='ocrx_word' id='word_1_8' title='bbox 829 388 1032 442; x_wconf 79' lang='grc' dir='ltr'><strong><em>πυρετοῦ</em></strong></span> <span class='ocrx_word' id='word_1_9' title='bbox 1061 386 1326 443; x_wconf 80' lang='grc' dir='ltr'><em>πρόδρομος</em></span> 
     </span>
    </p>
   </div>
   <div class='ocr_carea' id='block_1_3' title="bbox 1752 0 1872 819">
    <p class='ocr_par' dir='ltr' id='par_1_3' title="bbox 1752 0 1872 819">
     <span class='ocr_line' id='line_1_4' title="bbox 1752 0 1872 819; baseline 0 -375"><span class='ocrx_word' id='word_1_10' title='bbox 1752 0 1872 819; x_wconf 95' lang='lat' dir='ltr'><strong>    </strong></span> 
     </span>
    </p>
   </div>
   <div class='ocr_carea' id='block_1_4' title="bbox 203 462 1788 629">
    <p class='ocr_par' dir='ltr' id='par_1_4' title="bbox 203 462 1788 627">
     <span class='ocr_line' id='line_1_5' title="bbox 321 462 1787 523; baseline -0.001 -11"><span class='ocrx_word' id='word_1_11' title='bbox 321 473 450 512; x_wconf 86' lang='lat' dir='ltr'><strong>Schol.</strong></span> <span class='ocrx_word' id='word_1_12' title='bbox 483 471 604 522; x_wconf 88' lang='lat' dir='ltr'><strong>Vesp.</strong></span> <span class='ocrx_word' id='word_1_13' title='bbox 641 473 748 512; x_wconf 81' lang='lat'><strong>1038</strong></span> <span class='ocrx_word' id='word_1_14' title='bbox 779 467 946 522; x_wconf 82' lang='grc' dir='ltr'><em>ἠπίαλος</em></span> <span class='ocrx_word' id='word_1_15' title='bbox 978 462 1020 508; x_wconf 84' lang='grc' dir='ltr'><strong>τὸ</strong></span> <span class='ocrx_word' id='word_1_16' title='bbox 1049 467 1127 523; x_wconf 92' lang='grc' dir='ltr'><strong>πρὸ</strong></span> <span class='ocrx_word' id='word_1_17' title='bbox 1157 475 1228 510; x_wconf 91' lang='grc' dir='ltr'><strong><em>τοῦ</em></strong></span> <span class='ocrx_word' id='word_1_18' title='bbox 1257 469 1430 523; x_wconf 82' lang='grc' dir='ltr'><strong><em>πυρετοῦ</em></strong></span> <span class='ocrx_word' id='word_1_19' title='bbox 1450 468 1587 522; x_wconf 86' lang='grc' dir='ltr'><strong><em>κρύος.</em></strong></span> <span class='ocrx_word' id='word_1_20' title='bbox 1614 466 1787 523; x_wconf 84' lang='grc' dir='ltr'><strong><em>Ἀριστο-</em></strong></span> 
     </span>
     <span class='ocr_line' id='line_1_6' title="bbox 204 526 1788 581; baseline -0.001 -12"><span class='ocrx_word' id='word_1_21' title='bbox 204 526 336 580; x_wconf 78' lang='grc' dir='ltr'><strong><em>φάνης</em></strong></span> <span class='ocrx_word' id='word_1_22' title='bbox 369 527 906 581; x_wconf 81' lang='grc' dir='ltr'><strong><em>...Θεσμοφοριαζούσαις</em></strong></span> <span class='ocrx_word' id='word_1_23' title='bbox 935 529 1018 567; x_wconf 84' lang='grc' dir='ltr'><strong><em>κτλ.</em></strong></span> <span class='ocrx_word' id='word_1_24' title='bbox 1050 530 1122 568; x_wconf 89' lang='lat' dir='ltr'><strong>aut</strong></span> <span class='ocrx_word' id='word_1_25' title='bbox 1161 529 1333 568; x_wconf 86' lang='lat' dir='ltr'><strong>dimeter</strong></span> <span class='ocrx_word' id='word_1_26' title='bbox 1369 541 1485 580; x_wconf 85' lang='lat' dir='ltr'><strong>anap.</strong></span> <span class='ocrx_word' id='word_1_27' title='bbox 1517 530 1588 574; x_wconf 73' lang='lat' dir='ltr'><strong>aut</strong></span> <span class='ocrx_word' id='word_1_28' title='bbox 1624 528 1788 568; x_wconf 85' lang='lat' dir='ltr'><strong>initium</strong></span> 
     </span>
     <span class='ocr_line' id='line_1_7' title="bbox 203 587 443 629; baseline -0.009 -2"><span class='ocrx_word' id='word_1_29' title='bbox 203 587 443 629; x_wconf 85' lang='lat' dir='ltr'><strong>tetrametri</strong></span> 
     </span>
    </p>
   </div>
   <div class='ocr_carea' id='block_1_5' title="bbox 409 770 1521 1040">
    <p class='ocr_par' dir='ltr' id='par_1_5' title="bbox 409 770 1521 1040">
     <span class='ocr_line' id='line_1_8' title="bbox 411 770 1520 835; baseline 0 -15"><span class='ocrx_word' id='word_1_30' title='bbox 411 770 471 834; x_wconf 81' lang='grc' dir='ltr'><strong><em>ἦν</em></strong></span> <span class='ocrx_word' id='word_1_31' title='bbox 501 778 614 834; x_wconf 79' lang='grc' dir='ltr'><strong><em>μέγα</em></strong></span> <span class='ocrx_word' id='word_1_32' title='bbox 644 793 687 820; x_wconf 88' lang='grc' dir='ltr'><strong>τι</strong></span> <span class='ocrx_word' id='word_1_33' title='bbox 716 775 861 833; x_wconf 80' lang='grc' dir='ltr'><strong><em>βρῶμ’</em></strong></span> <span class='ocrx_word' id='word_1_34' title='bbox 894 779 959 821; x_wconf 81' lang='grc' dir='ltr'><strong>ἔτι</strong></span> <span class='ocrx_word' id='word_1_35' title='bbox 990 777 1520 835; x_wconf 80' lang='grc' dir='ltr'><strong><em>τρυγῳδοποιομουσική,</em></strong></span> 
     </span>
     <span class='ocr_line' id='line_1_9' title="bbox 409 844 1400 902; baseline 0 -14"><span class='ocrx_word' id='word_1_36' title='bbox 409 845 545 902; x_wconf 85' lang='grc' dir='ltr'><strong><em>ἡνίκα</em></strong></span> <span class='ocrx_word' id='word_1_37' title='bbox 577 846 787 902; x_wconf 79' lang='grc' dir='ltr'><strong><em>Κράτητί</em></strong></span> <span class='ocrx_word' id='word_1_38' title='bbox 806 861 854 889; x_wconf 86' lang='grc' dir='ltr'><strong>τε</strong></span> <span class='ocrx_word' id='word_1_39' title='bbox 884 844 1066 901; x_wconf 80' lang='grc' dir='ltr'><strong><em>τάριχος</em></strong></span> <span class='ocrx_word' id='word_1_40' title='bbox 1098 846 1400 902; x_wconf 80' lang='grc' dir='ltr'><strong><em>ἐλεφάντινον</em></strong></span> 
     </span>
     <span class='ocr_line' id='line_1_10' title="bbox 411 912 1521 972; baseline 0.002 -15"><span class='ocrx_word' id='word_1_41' title='bbox 411 913 621 971; x_wconf 86' lang='grc' dir='ltr'><strong><em>λαμπρὸν</em></strong></span> <span class='ocrx_word' id='word_1_42' title='bbox 653 913 857 969; x_wconf 80' lang='grc' dir='ltr'><strong><em>ἐκόμιζεν</em></strong></span> <span class='ocrx_word' id='word_1_43' title='bbox 888 912 1069 966; x_wconf 80' lang='grc' dir='ltr'><strong><em>ἀπόνως</em></strong></span> <span class='ocrx_word' id='word_1_44' title='bbox 1099 915 1521 972; x_wconf 83' lang='grc' dir='ltr'><strong><em>παραβεβλημένον,</em></strong></span> 
     </span>
     <span class='ocr_line' id='line_1_11' title="bbox 409 981 1424 1040; baseline 0.001 -14"><span class='ocrx_word' id='word_1_45' title='bbox 409 983 525 1027; x_wconf 78' lang='grc' dir='ltr'><strong><em>ἄλλα</em></strong></span> <span class='ocrx_word' id='word_1_46' title='bbox 555 999 603 1026; x_wconf 88' lang='grc' dir='ltr'><strong>τε</strong></span> <span class='ocrx_word' id='word_1_47' title='bbox 634 981 813 1026; x_wconf 81' lang='grc' dir='ltr'><strong><em>τοιαῦθ’</em></strong></span> <span class='ocrx_word' id='word_1_48' title='bbox 847 983 979 1038; x_wconf 80' lang='grc' dir='ltr'><strong><em>ἕτερα</em></strong></span> <span class='ocrx_word' id='word_1_49' title='bbox 1007 982 1136 1038; x_wconf 88' lang='grc' dir='ltr'><strong><em>μυρί’</em></strong></span> <span class='ocrx_word' id='word_1_50' title='bbox 1170 982 1424 1040; x_wconf 81' lang='grc' dir='ltr'><strong><em>ἐκιχλίζετο.</em></strong></span> 
     </span>
    </p>
   </div>
   <div class='ocr_carea' id='block_1_6' title="bbox 203 1061 1787 2205">
    <p class='ocr_par' dir='ltr' id='par_1_6' title="bbox 203 1061 1787 2205">
     <span class='ocr_line' id='line_1_12' title="bbox 319 1061 1787 1120; baseline 0.001 -13"><span class='ocrx_word' id='word_1_51' title='bbox 319 1068 549 1107; x_wconf 77' lang='lat' dir='ltr'><strong>Athenaeus</strong></span> <span class='ocrx_word' id='word_1_52' title='bbox 580 1068 766 1115; x_wconf 84' lang='lat' dir='ltr'><strong>3,117c</strong></span> <span class='ocrx_word' id='word_1_53' title='bbox 795 1081 856 1105; x_wconf 91' lang='grc' dir='ltr'><strong>οτι</strong></span> <span class='ocrx_word' id='word_1_54' title='bbox 886 1064 931 1105; x_wconf 84' lang='grc' dir='ltr'><strong>δὲ</strong></span> <span class='ocrx_word' id='word_1_55' title='bbox 961 1065 1179 1119; x_wconf 83' lang='grc' dir='ltr'><strong><em>διαβόητον</em></strong></span> <span class='ocrx_word' id='word_1_56' title='bbox 1207 1061 1261 1119; x_wconf 82' lang='grc' dir='ltr'><strong><em>ἦν</em></strong></span> <span class='ocrx_word' id='word_1_57' title='bbox 1291 1061 1334 1106; x_wconf 83' lang='grc' dir='ltr'><strong>τὸ</strong></span> <span class='ocrx_word' id='word_1_58' title='bbox 1363 1067 1433 1107; x_wconf 83' lang='grc' dir='ltr'><strong><em>τοῦ</em></strong></span> <span class='ocrx_word' id='word_1_59' title='bbox 1464 1065 1671 1120; x_wconf 75' lang='grc' dir='ltr'><strong><em>Κράτητος</em></strong></span> <span class='ocrx_word' id='word_1_60' title='bbox 1701 1065 1787 1108; x_wconf 79' lang='grc' dir='ltr'><strong><em>ἕλε-</em></strong></span> 
     </span>
     <span class='ocr_line' id='line_1_13' title="bbox 205 1120 1786 1195; baseline 0.001 -32"><span class='ocrx_word' id='word_1_61' title='bbox 205 1138 404 1175; x_wconf 86' lang='grc' dir='ltr'><strong><em>φαντινον</em></strong></span> <span class='ocrx_word' id='word_1_62' title='bbox 434 1138 608 1176; x_wconf 87' lang='grc' dir='ltr'><strong><em>ταριχος,</em></strong></span> <span class='ocrx_word' id='word_1_63' title='bbox 643 1127 841 1195; x_wconf 84' lang='grc' dir='ltr'><strong><em>μαρτυρεῖ</em></strong></span> <span class='ocrx_word' id='word_1_64' title='bbox 860 1120 1152 1177; x_wconf 77' lang='grc' dir='ltr'><strong><em>Ἀριστοφάνης</em></strong></span> <span class='ocrx_word' id='word_1_65' title='bbox 1192 1122 1237 1164; x_wconf 86' lang='grc' dir='ltr'><strong><em>έν</em></strong></span> <span class='ocrx_word' id='word_1_66' title='bbox 1267 1124 1688 1195; x_wconf 79' lang='grc' dir='ltr'><strong><em>Θεσμοφοριαζούσαις</em></strong></span> <span class='ocrx_word' id='word_1_67' title='bbox 1718 1123 1786 1164; x_wconf 77' lang='grc' dir='ltr'><strong>διὰ</strong></span> 
     </span>
     <span class='ocr_line' id='line_1_14' title="bbox 205 1175 1785 1236; baseline 0.001 -15"><span class='ocrx_word' id='word_1_68' title='bbox 205 1180 359 1221; x_wconf 84' lang='grc' dir='ltr'><strong><em>τούτων</em></strong></span> <span class='ocrx_word' id='word_1_69' title='bbox 395 1184 477 1221; x_wconf 91' lang='grc' dir='ltr'><strong><em>κτλ.</em></strong></span> <span class='ocrx_word' id='word_1_70' title='bbox 568 1184 604 1220; x_wconf 98' lang='grc'><strong>1.</strong></span> <span class='ocrx_word' id='word_1_71' title='bbox 642 1175 697 1232; x_wconf 83' lang='grc' dir='ltr'><strong><em>ἦν</em></strong></span> <span class='ocrx_word' id='word_1_72' title='bbox 733 1182 873 1222; x_wconf 87' lang='lat' dir='ltr'><strong>Elmsl.</strong></span> <span class='ocrx_word' id='word_1_73' title='bbox 911 1182 1012 1222; x_wconf 92' lang='lat' dir='ltr'><strong>Ach.</strong></span> <span class='ocrx_word' id='word_1_74' title='bbox 1042 1180 1147 1235; x_wconf 88' lang='lat'>499]</span> <span class='ocrx_word' id='word_1_75' title='bbox 1187 1175 1250 1233; x_wconf 82' lang='grc' dir='ltr'><strong>ἦ..</strong></span> <span class='ocrx_word' id='word_1_76' title='bbox 1287 1178 1434 1236; x_wconf 80' lang='grc' dir='ltr'><strong><em>βρῶμ’]</em></strong></span> <span class='ocrx_word' id='word_1_77' title='bbox 1472 1178 1595 1235; x_wconf 80' lang='grc' dir='ltr'><strong><em>χρῆμ’</em></strong></span> <span class='ocrx_word' id='word_1_78' title='bbox 1635 1182 1785 1235; x_wconf 81' lang='lat' dir='ltr'><strong>Bergk.</strong></span> 
     </span>
     <span class='ocr_line' id='line_1_15' title="bbox 205 1236 1786 1290; baseline 0 -12"><span class='ocrx_word' id='word_1_79' title='bbox 205 1236 308 1290; x_wconf 78' lang='grc' dir='ltr'><strong><em>ρῶμ’</em></strong></span> <span class='ocrx_word' id='word_1_80' title='bbox 341 1239 493 1278; x_wconf 84' lang='lat' dir='ltr'>Nauck.</span> <span class='ocrx_word' id='word_1_81' title='bbox 524 1239 669 1278; x_wconf 90' lang='lat' dir='ltr'><strong>Philol.</strong></span> <span class='ocrx_word' id='word_1_82' title='bbox 701 1239 759 1277; x_wconf 90' lang='lat' dir='ltr'><strong>VI</strong></span> <span class='ocrx_word' id='word_1_83' title='bbox 789 1240 873 1278; x_wconf 86' lang='lat'><strong>414</strong></span> <span class='ocrx_word' id='word_1_84' title='bbox 904 1252 952 1278; x_wconf 83' lang='lat' dir='ltr'><strong>ex</strong></span> <span class='ocrx_word' id='word_1_85' title='bbox 981 1239 1124 1279; x_wconf 86' lang='lat' dir='ltr'><strong>Photio</strong></span> <span class='ocrx_word' id='word_1_86' title='bbox 1156 1240 1253 1289; x_wconf 82' lang='lat'>493,</span> <span class='ocrx_word' id='word_1_87' title='bbox 1287 1241 1354 1289; x_wconf 82' lang='lat'><strong>22,</strong></span> <span class='ocrx_word' id='word_1_88' title='bbox 1393 1253 1476 1280; x_wconf 90' lang='grc' dir='ltr'><strong><em>ιιοιι</em></strong></span> <span class='ocrx_word' id='word_1_89' title='bbox 1505 1241 1691 1281; x_wconf 75' lang='lat' dir='ltr'><strong>feliciter.</strong></span> <span class='ocrx_word' id='word_1_90' title='bbox 1730 1237 1786 1279; x_wconf 76' lang='grc' dir='ltr'><strong>ἔτι</strong></span> 
     </span>
     <span class='ocr_line' id='line_1_16' title="bbox 204 1291 1786 1350; baseline 0 -14"><span class='ocrx_word' id='word_1_91' title='bbox 204 1294 360 1350; x_wconf 80' lang='lat' dir='ltr'><strong>ElmsL]</strong></span> <span class='ocrx_word' id='word_1_92' title='bbox 394 1294 502 1335; x_wconf 77' lang='grc' dir='ltr'><strong><em>ἐστὶν</em></strong></span> <span class='ocrx_word' id='word_1_93' title='bbox 531 1293 572 1347; x_wconf 81' lang='grc' dir='ltr'><strong>ἡ.</strong></span> <span class='ocrx_word' id='word_1_94' title='bbox 663 1297 701 1335; x_wconf 84' lang='lat'><strong>2.</strong></span> <span class='ocrx_word' id='word_1_95' title='bbox 732 1292 854 1347; x_wconf 83' lang='grc' dir='ltr'><strong><em>ἡνίκα</em></strong></span> <span class='ocrx_word' id='word_1_96' title='bbox 885 1296 1049 1337; x_wconf 86' lang='lat' dir='ltr'><strong>Porson.</strong></span> <span class='ocrx_word' id='word_1_97' title='bbox 1073 1297 1237 1338; x_wconf 89' lang='lat' dir='ltr'><strong>Miscell.</strong></span> <span class='ocrx_word' id='word_1_98' title='bbox 1261 1294 1358 1350; x_wconf 84' lang='lat'><strong>236]</strong></span> <span class='ocrx_word' id='word_1_99' title='bbox 1392 1293 1460 1348; x_wconf 82' lang='grc' dir='ltr'><strong><em>ἠνὶ</em></strong></span> <span class='ocrx_word' id='word_1_100' title='bbox 1490 1297 1540 1337; x_wconf 88' lang='grc' dir='ltr'><strong>Α.</strong></span> <span class='ocrx_word' id='word_1_101' title='bbox 1631 1298 1671 1338; x_wconf 90' lang='lat'><strong>3.</strong></span> <span class='ocrx_word' id='word_1_102' title='bbox 1693 1291 1786 1336; x_wconf 76' lang='grc' dir='ltr'><strong><em>ἐκό-</em></strong></span> 
     </span>
     <span class='ocr_line' id='line_1_17' title="bbox 203 1349 1785 1408; baseline 0 -16"><span class='ocrx_word' id='word_1_103' title='bbox 203 1355 314 1404; x_wconf 85' lang='grc' dir='ltr'><strong><em>μιζεν</em></strong></span> <span class='ocrx_word' id='word_1_104' title='bbox 353 1353 538 1406; x_wconf 70' lang='lat' dir='ltr'><strong>Casaub]</strong></span> <span class='ocrx_word' id='word_1_105' title='bbox 578 1349 768 1403; x_wconf 79' lang='grc' dir='ltr'><strong><em>ἐνόμιζεν.</em></strong></span> <span class='ocrx_word' id='word_1_106' title='bbox 816 1350 1007 1405; x_wconf 79' lang='grc' dir='ltr'><strong><em>ἐνομίζετ’</em></strong></span> <span class='ocrx_word' id='word_1_107' title='bbox 1053 1354 1203 1406; x_wconf 82' lang='lat' dir='ltr'><strong>Bergk.</strong></span> <span class='ocrx_word' id='word_1_108' title='bbox 1245 1351 1615 1408; x_wconf 82' lang='grc' dir='ltr'><strong><em>παραβεβλημένον]</em></strong></span> <span class='ocrx_word' id='word_1_109' title='bbox 1654 1367 1785 1407; x_wconf 85' lang='grc' dir='ltr'><strong><em>παρα-</em></strong></span> 
     </span>
     <span class='ocr_line' id='line_1_18' title="bbox 204 1408 1786 1464; baseline 0.001 -14"><span class='ocrx_word' id='word_1_110' title='bbox 204 1408 446 1462; x_wconf 81' lang='grc' dir='ltr'><strong><em>κεκλημένον</em></strong></span> <span class='ocrx_word' id='word_1_111' title='bbox 475 1411 557 1460; x_wconf 90' lang='grc' dir='ltr'>ΒΡ,</span> <span class='ocrx_word' id='word_1_112' title='bbox 589 1411 696 1462; x_wconf 91' lang='lat' dir='ltr'><strong>quod</strong></span> <span class='ocrx_word' id='word_1_113' title='bbox 727 1411 951 1451; x_wconf 87' lang='lat' dir='ltr'><strong>Meinekius</strong></span> <span class='ocrx_word' id='word_1_114' title='bbox 982 1412 1099 1452; x_wconf 80' lang='lat' dir='ltr'><strong>Anal.</strong></span> <span class='ocrx_word' id='word_1_115' title='bbox 1131 1412 1218 1452; x_wconf 83' lang='lat' dir='ltr'><strong>crit.</strong></span> <span class='ocrx_word' id='word_1_116' title='bbox 1248 1411 1344 1453; x_wconf 91' lang='lat' dir='ltr'><strong>Ath.</strong></span> <span class='ocrx_word' id='word_1_117' title='bbox 1377 1413 1431 1451; x_wconf 87' lang='lat'><strong>55</strong></span> <span class='ocrx_word' id='word_1_118' title='bbox 1462 1412 1660 1464; x_wconf 85' lang='lat' dir='ltr'><strong>praefert,</strong></span> <span class='ocrx_word' id='word_1_119' title='bbox 1691 1413 1786 1463; x_wconf 89' lang='lat' dir='ltr'><strong>quia</strong></span> 
     </span>
     <span class='ocr_line' id='line_1_19' title="bbox 204 1465 1784 1521; baseline 0.001 -15"><span class='ocrx_word' id='word_1_120' title='bbox 204 1465 559 1520; x_wconf 82' lang='grc' dir='ltr'><strong><em>παραβεβλημένον</em></strong></span> <span class='ocrx_word' id='word_1_121' title='bbox 590 1469 725 1508; x_wconf 85' lang='lat' dir='ltr'><strong>‘tertia</strong></span> <span class='ocrx_word' id='word_1_122' title='bbox 756 1470 941 1519; x_wconf 89' lang='lat' dir='ltr'><strong>correpta</strong></span> <span class='ocrx_word' id='word_1_123' title='bbox 970 1469 1019 1508; x_wconf 85' lang='lat' dir='ltr'><strong>ab</strong></span> <span class='ocrx_word' id='word_1_124' title='bbox 1050 1469 1323 1520; x_wconf 76' lang='lat' dir='ltr'><strong>Aristophane</strong></span> <span class='ocrx_word' id='word_1_125' title='bbox 1353 1469 1448 1509; x_wconf 87' lang='lat' dir='ltr'><strong>dici’</strong></span> <span class='ocrx_word' id='word_1_126' title='bbox 1479 1482 1562 1510; x_wconf 90' lang='lat' dir='ltr'><strong>non</strong></span> <span class='ocrx_word' id='word_1_127' title='bbox 1589 1469 1784 1521; x_wconf 87' lang='lat' dir='ltr'><strong>potuerit.</strong></span> 
     </span>
     <span class='ocr_line' id='line_1_20' title="bbox 205 1523 1784 1578; baseline 0.002 -14"><span class='ocrx_word' id='word_1_128' title='bbox 205 1526 300 1566; x_wconf 85' lang='lat' dir='ltr'><strong>fort.</strong></span> <span class='ocrx_word' id='word_1_129' title='bbox 331 1523 790 1578; x_wconf 88' lang='grc' dir='ltr'><strong><em>παρατετμημένον.</em></strong></span> <span class='ocrx_word' id='word_1_130' title='bbox 830 1526 881 1565; x_wconf 90' lang='lat' dir='ltr'><strong>cf.</strong></span> <span class='ocrx_word' id='word_1_131' title='bbox 911 1525 1006 1576; x_wconf 84' lang='lat' dir='ltr'><strong>Lys.</strong></span> <span class='ocrx_word' id='word_1_132' title='bbox 1043 1528 1135 1565; x_wconf 90' lang='grc'><strong>116.</strong></span> <span class='ocrx_word' id='word_1_133' title='bbox 1172 1527 1265 1566; x_wconf 85' lang='lat'><strong>132.</strong></span> <span class='ocrx_word' id='word_1_134' title='bbox 1297 1527 1456 1566; x_wconf 86' lang='lat' dir='ltr'><strong>Alexid.</strong></span> <span class='ocrx_word' id='word_1_135' title='bbox 1492 1528 1586 1576; x_wconf 90' lang='grc'>167,</span> <span class='ocrx_word' id='word_1_136' title='bbox 1620 1527 1686 1572; x_wconf 81' lang='lat'><strong>12.</strong></span> <span class='ocrx_word' id='word_1_137' title='bbox 1716 1539 1784 1567; x_wconf 78' lang='lat' dir='ltr'><strong>ve·</strong></span> 
     </span>
     <span class='ocr_line' id='line_1_21' title="bbox 204 1582 1786 1634; baseline 0.001 -12"><span class='ocrx_word' id='word_1_138' title='bbox 204 1597 294 1622; x_wconf 90' lang='lat' dir='ltr'><strong>rum</strong></span> <span class='ocrx_word' id='word_1_139' title='bbox 313 1583 414 1622; x_wconf 88' lang='lat' dir='ltr'><strong>latet</strong></span> <span class='ocrx_word' id='word_1_140' title='bbox 435 1583 512 1622; x_wconf 81' lang='lat' dir='ltr'><strong>alia</strong></span> <span class='ocrx_word' id='word_1_141' title='bbox 541 1582 780 1633; x_wconf 85' lang='lat' dir='ltr'><strong>corruptela.</strong></span> <span class='ocrx_word' id='word_1_142' title='bbox 818 1596 911 1622; x_wconf 85' lang='lat' dir='ltr'><strong>nam</strong></span> <span class='ocrx_word' id='word_1_143' title='bbox 943 1583 1227 1623; x_wconf 78' lang='lat' dir='ltr'><strong>salsamentum</strong></span> <span class='ocrx_word' id='word_1_144' title='bbox 1257 1583 1558 1634; x_wconf 69' lang='lat' dir='ltr'><strong>elephantinum</strong></span> <span class='ocrx_word' id='word_1_145' title='bbox 1587 1596 1669 1624; x_wconf 91' lang='lat' dir='ltr'><strong>non</strong></span> <span class='ocrx_word' id='word_1_146' title='bbox 1699 1586 1786 1624; x_wconf 80' lang='lat' dir='ltr'><strong>erat</strong></span> 
     </span>
     <span class='ocr_line' id='line_1_22' title="bbox 206 1639 1784 1692; baseline 0.002 -13"><span class='ocrx_word' id='word_1_147' title='bbox 206 1639 358 1680; x_wconf 84' lang='lat' dir='ltr'><strong>Crateti</strong></span> <span class='ocrx_word' id='word_1_148' title='bbox 387 1653 459 1691; x_wconf 86' lang='lat' dir='ltr'><strong>pro</strong></span> <span class='ocrx_word' id='word_1_149' title='bbox 490 1641 667 1690; x_wconf 86' lang='lat' dir='ltr'><strong>praemio</strong></span> <span class='ocrx_word' id='word_1_150' title='bbox 698 1640 881 1679; x_wconf 83' lang='lat' dir='ltr'><strong>oblatum</strong></span> <span class='ocrx_word' id='word_1_151' title='bbox 911 1641 980 1680; x_wconf 89' lang='lat' dir='ltr'><strong>sed</strong></span> <span class='ocrx_word' id='word_1_152' title='bbox 1010 1641 1061 1679; x_wconf 86' lang='lat' dir='ltr'><strong>ab</strong></span> <span class='ocrx_word' id='word_1_153' title='bbox 1097 1641 1185 1691; x_wconf 90' lang='lat' dir='ltr'><strong>ipso</strong></span> <span class='ocrx_word' id='word_1_154' title='bbox 1225 1641 1435 1680; x_wconf 91' lang='lat' dir='ltr'><strong>inventum</strong></span> <span class='ocrx_word' id='word_1_155' title='bbox 1473 1644 1516 1680; x_wconf 89' lang='lat' dir='ltr'><strong>et</strong></span> <span class='ocrx_word' id='word_1_156' title='bbox 1551 1641 1665 1692; x_wconf 85' lang='lat' dir='ltr'><strong>quasi</strong></span> <span class='ocrx_word' id='word_1_157' title='bbox 1702 1641 1784 1682; x_wconf 85' lang='lat' dir='ltr'><strong>fer-</strong></span> 
     </span>
     <span class='ocr_line' id='line_1_23' title="bbox 207 1694 1785 1752; baseline 0.002 -16"><span class='ocrx_word' id='word_1_158' title='bbox 207 1698 341 1736; x_wconf 88' lang='lat' dir='ltr'><strong>culum</strong></span> <span class='ocrx_word' id='word_1_159' title='bbox 373 1697 628 1749; x_wconf 86' lang='lat' dir='ltr'><strong>magnificum</strong></span> <span class='ocrx_word' id='word_1_160' title='bbox 660 1698 950 1749; x_wconf 75' lang='lat' dir='ltr'><strong>spectatoribus</strong></span> <span class='ocrx_word' id='word_1_161' title='bbox 980 1698 1208 1748; x_wconf 85' lang='lat' dir='ltr'><strong>adpositum</strong></span> <span class='ocrx_word' id='word_1_162' title='bbox 1238 1694 1406 1752; x_wconf 86' lang='lat' dir='ltr'><strong>(Oratet.</strong></span> <span class='ocrx_word' id='word_1_163' title='bbox 1438 1699 1490 1737; x_wconf 88' lang='lat' dir='ltr'><strong>fr.</strong></span> <span class='ocrx_word' id='word_1_164' title='bbox 1514 1698 1604 1751; x_wconf 84' lang='lat'><strong>29).</strong></span> <span class='ocrx_word' id='word_1_165' title='bbox 1635 1699 1785 1750; x_wconf 83' lang='lat' dir='ltr'><strong>saepis-</strong></span> 
     </span>
     <span class='ocr_line' id='line_1_24' title="bbox 207 1755 1784 1807; baseline 0.001 -13"><span class='ocrx_word' id='word_1_166' title='bbox 207 1756 307 1794; x_wconf 85' lang='lat' dir='ltr'><strong>sime</strong></span> <span class='ocrx_word' id='word_1_167' title='bbox 337 1755 444 1794; x_wconf 93' lang='lat' dir='ltr'><strong>enim</strong></span> <span class='ocrx_word' id='word_1_168' title='bbox 475 1755 614 1794; x_wconf 89' lang='lat' dir='ltr'><strong>comici</strong></span> <span class='ocrx_word' id='word_1_169' title='bbox 645 1757 771 1794; x_wconf 83' lang='lat' dir='ltr'><strong>artem</strong></span> <span class='ocrx_word' id='word_1_170' title='bbox 803 1768 914 1793; x_wconf 90' lang='lat' dir='ltr'><strong>suam</strong></span> <span class='ocrx_word' id='word_1_171' title='bbox 946 1767 1035 1794; x_wconf 94' lang='lat' dir='ltr'><strong>cum</strong></span> <span class='ocrx_word' id='word_1_172' title='bbox 1065 1755 1176 1794; x_wconf 77' lang='lat' dir='ltr'><strong>lauto</strong></span> <span class='ocrx_word' id='word_1_173' title='bbox 1207 1756 1392 1795; x_wconf 90' lang='lat' dir='ltr'><strong>convivio</strong></span> <span class='ocrx_word' id='word_1_174' title='bbox 1424 1757 1673 1806; x_wconf 82' lang='lat' dir='ltr'><strong>comparant,</strong></span> <span class='ocrx_word' id='word_1_175' title='bbox 1705 1766 1784 1807; x_wconf 91' lang='lat' dir='ltr'><strong>quo</strong></span> 
     </span>
     <span class='ocr_line' id='line_1_25' title="bbox 205 1811 1786 1863; baseline 0.001 -12"><span class='ocrx_word' id='word_1_176' title='bbox 205 1813 401 1863; x_wconf 88' lang='lat' dir='ltr'><strong>populum</strong></span> <span class='ocrx_word' id='word_1_177' title='bbox 430 1812 646 1861; x_wconf 84' lang='lat' dir='ltr'><strong>excipiant.</strong></span> <span class='ocrx_word' id='word_1_178' title='bbox 708 1812 844 1862; x_wconf 76' lang='lat' dir='ltr'><strong>itaque</strong></span> <span class='ocrx_word' id='word_1_179' title='bbox 874 1812 949 1851; x_wconf 90' lang='lat' dir='ltr'><strong>hoc</strong></span> <span class='ocrx_word' id='word_1_180' title='bbox 986 1812 1084 1851; x_wconf 86' lang='lat' dir='ltr'><strong>dicit</strong></span> <span class='ocrx_word' id='word_1_181' title='bbox 1120 1814 1261 1862; x_wconf 85' lang='lat' dir='ltr'><strong>poeta:</strong></span> <span class='ocrx_word' id='word_1_182' title='bbox 1303 1812 1407 1851; x_wconf 83' lang='lat' dir='ltr'><strong>‘erat</strong></span> <span class='ocrx_word' id='word_1_183' title='bbox 1444 1825 1539 1852; x_wconf 84' lang='lat' dir='ltr'><strong>sane</strong></span> <span class='ocrx_word' id='word_1_184' title='bbox 1576 1811 1786 1853; x_wconf 68' lang='lat' dir='ltr'><strong>fructuosa</strong></span> 
     </span>
     <span class='ocr_line' id='line_1_26' title="bbox 205 1869 1785 1922; baseline 0.001 -14"><span class='ocrx_word' id='word_1_185' title='bbox 205 1869 523 1908; x_wconf 80' lang='lat' dir='ltr'><strong>Atheniensibus</strong></span> <span class='ocrx_word' id='word_1_186' title='bbox 561 1869 763 1909; x_wconf 88' lang='lat' dir='ltr'><strong>comoedia</strong></span> <span class='ocrx_word' id='word_1_187' title='bbox 805 1881 852 1908; x_wconf 90' lang='lat' dir='ltr'><strong>eo</strong></span> <span class='ocrx_word' id='word_1_188' title='bbox 896 1871 1099 1919; x_wconf 84' lang='lat' dir='ltr'><strong>tempore,</strong></span> <span class='ocrx_word' id='word_1_189' title='bbox 1138 1882 1217 1920; x_wconf 90' lang='lat' dir='ltr'><strong>quo</strong></span> <span class='ocrx_word' id='word_1_190' title='bbox 1253 1869 1393 1909; x_wconf 86' lang='lat' dir='ltr'><strong>Crates</strong></span> <span class='ocrx_word' id='word_1_191' title='bbox 1434 1871 1519 1909; x_wconf 91' lang='lat' dir='ltr'><strong>tam</strong></span> <span class='ocrx_word' id='word_1_192' title='bbox 1554 1869 1785 1922; x_wconf 83' lang='lat' dir='ltr'><strong>magnificas</strong></span> 
     </span>
     <span class='ocr_line' id='line_1_27' title="bbox 207 1926 1783 1978; baseline 0.002 -14.042"><span class='ocrx_word' id='word_1_193' title='bbox 207 1927 343 1977; x_wconf 88' lang='lat' dir='ltr'><strong>epulas</strong></span> <span class='ocrx_word' id='word_1_194' title='bbox 376 1939 496 1977; x_wconf 89' lang='lat' dir='ltr'><strong>quam</strong></span> <span class='ocrx_word' id='word_1_195' title='bbox 527 1926 605 1965; x_wconf 86' lang='lat' dir='ltr'><strong>fuit</strong></span> <span class='ocrx_word' id='word_1_196' title='bbox 635 1927 921 1966; x_wconf 79' lang='lat' dir='ltr'><strong>salsamentum</strong></span> <span class='ocrx_word' id='word_1_197' title='bbox 950 1926 1252 1977; x_wconf 86' lang='lat' dir='ltr'><strong>elephantinum</strong></span> <span class='ocrx_word' id='word_1_198' title='bbox 1274 1927 1568 1978; x_wconf 85' lang='lat' dir='ltr'><strong>spectatoribus</strong></span> <span class='ocrx_word' id='word_1_199' title='bbox 1590 1927 1783 1967; x_wconf 85' lang='lat' dir='ltr'><strong>offerebat</strong></span> 
     </span>
     <span class='ocr_line' id='line_1_28' title="bbox 206 1983 1785 2035; baseline 0.001 -13"><span class='ocrx_word' id='word_1_200' title='bbox 206 1986 247 2022; x_wconf 91' lang='lat' dir='ltr'><strong>et</strong></span> <span class='ocrx_word' id='word_1_201' title='bbox 275 1984 424 2023; x_wconf 87' lang='lat' dir='ltr'><strong>multae</strong></span> <span class='ocrx_word' id='word_1_202' title='bbox 455 1983 555 2022; x_wconf 86' lang='lat' dir='ltr'><strong>aliae</strong></span> <span class='ocrx_word' id='word_1_203' title='bbox 584 1984 626 2022; x_wconf 92' lang='lat' dir='ltr'><strong>id</strong></span> <span class='ocrx_word' id='word_1_204' title='bbox 664 1996 791 2035; x_wconf 88' lang='lat' dir='ltr'><strong>genus</strong></span> <span class='ocrx_word' id='word_1_205' title='bbox 831 1984 995 2023; x_wconf 87' lang='lat' dir='ltr'><strong>deliciae</strong></span> <span class='ocrx_word' id='word_1_206' title='bbox 1033 1985 1194 2034; x_wconf 87' lang='lat' dir='ltr'><strong>praesto</strong></span> <span class='ocrx_word' id='word_1_207' title='bbox 1233 1984 1380 2023; x_wconf 84' lang='lat' dir='ltr'><strong>erant’.</strong></span> <span class='ocrx_word' id='word_1_208' title='bbox 1438 1997 1539 2035; x_wconf 88' lang='lat' dir='ltr'><strong>quae</strong></span> <span class='ocrx_word' id='word_1_209' title='bbox 1577 1997 1660 2024; x_wconf 91' lang='lat' dir='ltr'><strong>non</strong></span> <span class='ocrx_word' id='word_1_210' title='bbox 1698 1984 1785 2024; x_wconf 88' lang='lat' dir='ltr'><strong>sine</strong></span> 
     </span>
     <span class='ocr_line' id='line_1_29' title="bbox 205 2037 1784 2094; baseline 0.001 -15"><span class='ocrx_word' id='word_1_211' title='bbox 205 2041 335 2079; x_wconf 84' lang='lat' dir='ltr'><strong>ironia</strong></span> <span class='ocrx_word' id='word_1_212' title='bbox 364 2041 471 2079; x_wconf 88' lang='lat' dir='ltr'><strong>dicta</strong></span> <span class='ocrx_word' id='word_1_213' title='bbox 507 2053 593 2080; x_wconf 88' lang='lat' dir='ltr'><strong>esse</strong></span> <span class='ocrx_word' id='word_1_214' title='bbox 631 2041 810 2091; x_wconf 85' lang='lat' dir='ltr'><strong>adparet.</strong></span> <span class='ocrx_word' id='word_1_215' title='bbox 872 2041 1127 2081; x_wconf 86' lang='lat' dir='ltr'><strong>scribendum</strong></span> <span class='ocrx_word' id='word_1_216' title='bbox 1163 2041 1291 2092; x_wconf 85' lang='lat' dir='ltr'><strong>igitur</strong></span> <span class='ocrx_word' id='word_1_217' title='bbox 1327 2043 1389 2082; x_wconf 89' lang='lat' dir='ltr'><strong>est</strong></span> <span class='ocrx_word' id='word_1_218' title='bbox 1422 2037 1546 2092; x_wconf 79' lang='grc' dir='ltr'><strong><em>ἡνίκα</em></strong></span> <span class='ocrx_word' id='word_1_219' title='bbox 1583 2038 1784 2094; x_wconf 77' lang='grc' dir='ltr'><strong><em>Κράτης</em></strong></span> 
     </span>
     <span class='ocr_line' id='line_1_30' title="bbox 206 2092 1782 2150; baseline 0.002 -15"><span class='ocrx_word' id='word_1_220' title='bbox 206 2094 322 2135; x_wconf 83' lang='grc' dir='ltr'><strong><em>ποτὲ</em></strong></span> <span class='ocrx_word' id='word_1_221' title='bbox 352 2111 384 2136; x_wconf 90' lang='grc' dir='ltr'><strong>τ.</strong></span> <span class='ocrx_word' id='word_1_222' title='bbox 417 2094 469 2135; x_wconf 79' lang='grc' dir='ltr'><strong>έλ.</strong></span> <span class='ocrx_word' id='word_1_223' title='bbox 500 2099 534 2136; x_wconf 87' lang='grc' dir='ltr'><strong>λ.</strong></span> <span class='ocrx_word' id='word_1_224' title='bbox 567 2092 755 2148; x_wconf 82' lang='grc' dir='ltr'><strong><em>ἐκόμιζεν.</em></strong></span> <span class='ocrx_word' id='word_1_225' title='bbox 787 2098 838 2137; x_wconf 88' lang='lat' dir='ltr'><strong>cf.</strong></span> <span class='ocrx_word' id='word_1_226' title='bbox 869 2098 972 2138; x_wconf 88' lang='lat' dir='ltr'><strong>Ach.</strong></span> <span class='ocrx_word' id='word_1_227' title='bbox 1009 2099 1074 2138; x_wconf 85' lang='lat'><strong>13.</strong></span> <span class='ocrx_word' id='word_1_228' title='bbox 1134 2110 1207 2149; x_wconf 85' lang='lat' dir='ltr'><strong>per</strong></span> <span class='ocrx_word' id='word_1_229' title='bbox 1235 2100 1367 2138; x_wconf 83' lang='lat' dir='ltr'><strong>totum</strong></span> <span class='ocrx_word' id='word_1_230' title='bbox 1409 2099 1682 2150; x_wconf 81' lang='lat' dir='ltr'><strong>fragmentum</strong></span> <span class='ocrx_word' id='word_1_231' title='bbox 1711 2111 1782 2138; x_wconf 87' lang='lat' dir='ltr'><strong>nu-</strong></span> 
     </span>
     <span class='ocr_line' id='line_1_31' title="bbox 205 2155 1165 2205; baseline 0.001 -12"><span class='ocrx_word' id='word_1_232' title='bbox 205 2167 337 2194; x_wconf 91' lang='lat' dir='ltr'><strong>meros</strong></span> <span class='ocrx_word' id='word_1_233' title='bbox 367 2155 579 2205; x_wconf 90' lang='lat' dir='ltr'><strong>paeonicos</strong></span> <span class='ocrx_word' id='word_1_234' title='bbox 610 2155 844 2194; x_wconf 87' lang='lat' dir='ltr'><strong>retinendos</strong></span> <span class='ocrx_word' id='word_1_235' title='bbox 874 2168 961 2195; x_wconf 89' lang='lat' dir='ltr'><strong>esse</strong></span> <span class='ocrx_word' id='word_1_236' title='bbox 991 2157 1165 2195; x_wconf 83' lang='lat' dir='ltr'><strong>constat</strong></span> 
     </span>
    </p>
   </div>
   <div class='ocr_carea' id='block_1_7' title="bbox 209 2343 1781 2789">
    <p class='ocr_par' dir='ltr' id='par_1_7' title="bbox 411 2343 1486 2539">
     <span class='ocr_line' id='line_1_32' title="bbox 411 2343 1462 2402; baseline 0.001 -14"><span class='ocrx_word' id='word_1_237' title='bbox 411 2344 523 2401; x_wconf 85' lang='grc' dir='ltr'><strong><em>μήτε</em></strong></span> <span class='ocrx_word' id='word_1_238' title='bbox 554 2344 749 2396; x_wconf 89' lang='grc' dir='ltr'><strong><em>Μούσας</em></strong></span> <span class='ocrx_word' id='word_1_239' title='bbox 777 2343 1024 2388; x_wconf 80' lang='grc' dir='ltr'><strong><em>ἀνακαλεῖν</em></strong></span> <span class='ocrx_word' id='word_1_240' title='bbox 1054 2343 1462 2402; x_wconf 82' lang='grc' dir='ltr'><strong><em>ἑλικοβοστρύχους</em></strong></span> 
     </span>
     <span class='ocr_line' id='line_1_33' title="bbox 411 2412 1448 2470; baseline 0.001 -14"><span class='ocrx_word' id='word_1_241' title='bbox 411 2414 521 2470; x_wconf 85' lang='grc' dir='ltr'><strong><em>μήτε</em></strong></span> <span class='ocrx_word' id='word_1_242' title='bbox 551 2414 750 2468; x_wconf 79' lang='grc' dir='ltr'><strong><em>Χάριτας</em></strong></span> <span class='ocrx_word' id='word_1_243' title='bbox 777 2415 896 2469; x_wconf 83' lang='grc' dir='ltr'><strong><em>βοᾶν</em></strong></span> <span class='ocrx_word' id='word_1_244' title='bbox 925 2414 989 2464; x_wconf 86' lang='grc' dir='ltr'><strong><em>εἰς</em></strong></span> <span class='ocrx_word' id='word_1_245' title='bbox 1017 2412 1157 2469; x_wconf 85' lang='grc' dir='ltr'><strong><em>χορὸν</em></strong></span> <span class='ocrx_word' id='word_1_246' title='bbox 1182 2412 1448 2470; x_wconf 88' lang='grc' dir='ltr'><strong><em>Ὀλυμπίας·</em></strong></span> 
     </span>
     <span class='ocr_line' id='line_1_34' title="bbox 414 2480 1498 2539; baseline -0.001 -14"><span class='ocrx_word' id='word_1_247' title='bbox 414 2482 587 2526; x_wconf 79' lang='grc' dir='ltr'><strong><em>ἐνθάδε</em></strong></span> <span class='ocrx_word' id='word_1_248' title='bbox 615 2497 702 2538; x_wconf 71' lang='grc' dir='ltr'><strong><em>γαρ</em></strong></span> <span class='ocrx_word' id='word_1_249' title='bbox 735 2483 867 2538; x_wconf 87' lang='grc' dir='ltr'><strong><em>εἰσιν,</em></strong></span> <span class='ocrx_word' id='word_1_250' title='bbox 898 2498 960 2534; x_wconf 86' lang='grc' dir='ltr'><strong><em>ως</em></strong></span> <span class='ocrx_word' id='word_1_251' title='bbox 989 2493 1132 2539; x_wconf 82' lang='grc' dir='ltr'><strong><em>φησιν</em></strong></span> <span class='ocrx_word' id='word_1_252' title='bbox 1161 2480 1183 2524; x_wconf 83' lang='grc' dir='ltr'>ὁ</span> <span class='ocrx_word' id='word_1_253' title='bbox 1211 2482 1498 2532; x_wconf 80' lang='grc' dir='ltr'><strong><em>διδάσκαλος.</em></strong></span> 
     </span>
    </p>

    <p class='ocr_par' dir='ltr' id='par_1_8' title="bbox 209 2561 1781 2789">
     <span class='ocr_line' id='line_1_35' title="bbox 324 2561 1780 2637; baseline -0.001 -31"><span class='ocrx_word' id='word_1_254' title='bbox 324 2566 584 2637; x_wconf 82' lang='lat' dir='ltr'><strong>Hephaestio</strong></span> <span class='ocrx_word' id='word_1_255' title='bbox 601 2568 665 2616; x_wconf 92' lang='lat'><strong>13,</strong></span> <span class='ocrx_word' id='word_1_256' title='bbox 699 2567 724 2606; x_wconf 89' lang='lat'>5</span> <span class='ocrx_word' id='word_1_257' title='bbox 757 2563 801 2606; x_wconf 84' lang='grc' dir='ltr'><strong><em>έν</em></strong></span> <span class='ocrx_word' id='word_1_258' title='bbox 829 2563 875 2605; x_wconf 80' lang='grc' dir='ltr'><strong>δὲ</strong></span> <span class='ocrx_word' id='word_1_259' title='bbox 903 2568 990 2613; x_wconf 88' lang='grc' dir='ltr'><strong><em>ταῖς</em></strong></span> <span class='ocrx_word' id='word_1_260' title='bbox 1020 2562 1223 2618; x_wconf 81' lang='grc' dir='ltr'><strong><em>δευτέραις</em></strong></span> <span class='ocrx_word' id='word_1_261' title='bbox 1245 2563 1358 2619; x_wconf 84' lang='lat' dir='ltr'><strong>(libri</strong></span> <span class='ocrx_word' id='word_1_262' title='bbox 1377 2561 1606 2632; x_wconf 81' lang='grc' dir='ltr'><strong><em>προτέραις)</em></strong></span> <span class='ocrx_word' id='word_1_263' title='bbox 1630 2564 1780 2617; x_wconf 83' lang='grc' dir='ltr'><strong><em>Θεσμο-</em></strong></span> 
     </span>
     <span class='ocr_line' id='line_1_36' title="bbox 209 2619 1780 2675; baseline -0.001 -13"><span class='ocrx_word' id='word_1_264' title='bbox 209 2619 490 2675; x_wconf 79' lang='grc' dir='ltr'><strong><em>φοριαζούσαις</em></strong></span> <span class='ocrx_word' id='word_1_265' title='bbox 519 2622 587 2663; x_wconf 82' lang='grc' dir='ltr'><strong>καὶ</strong></span> <span class='ocrx_word' id='word_1_266' title='bbox 607 2621 819 2675; x_wconf 88' lang='grc' dir='ltr'><strong><em>κρητικοὺς</em></strong></span> <span class='ocrx_word' id='word_1_267' title='bbox 839 2621 1028 2668; x_wconf 76' lang='grc' dir='ltr'><strong><em>πολλάκις</em></strong></span> <span class='ocrx_word' id='word_1_268' title='bbox 1048 2621 1093 2662; x_wconf 78' lang='grc' dir='ltr'><strong><em>ἐν</em></strong></span> <span class='ocrx_word' id='word_1_269' title='bbox 1120 2621 1254 2674; x_wconf 82' lang='grc' dir='ltr'><strong><em>μέσοις</em></strong></span> <span class='ocrx_word' id='word_1_270' title='bbox 1285 2625 1366 2670; x_wconf 86' lang='grc' dir='ltr'><strong><em>τοῖς</em></strong></span> <span class='ocrx_word' id='word_1_271' title='bbox 1396 2619 1663 2674; x_wconf 86' lang='grc' dir='ltr'><strong><em>τετραμέτροις</em></strong></span> <span class='ocrx_word' id='word_1_272' title='bbox 1683 2635 1780 2674; x_wconf 84' lang='grc' dir='ltr'><strong><em>παρ-</em></strong></span> 
     </span>
     <span class='ocr_line' id='line_1_37' title="bbox 209 2679 1781 2732; baseline 0 -13"><span class='ocrx_word' id='word_1_273' title='bbox 209 2679 323 2732; x_wconf 83' lang='grc' dir='ltr'><strong><em>έλαβε</em></strong></span> <span class='ocrx_word' id='word_1_274' title='bbox 363 2682 445 2719; x_wconf 87' lang='grc' dir='ltr'><strong><em>κτλ.</em></strong></span> <span class='ocrx_word' id='word_1_275' title='bbox 507 2695 555 2721; x_wconf 87' lang='lat' dir='ltr'><strong>ex</strong></span> <span class='ocrx_word' id='word_1_276' title='bbox 599 2682 740 2721; x_wconf 89' lang='lat' dir='ltr'><strong>eodem</strong></span> <span class='ocrx_word' id='word_1_277' title='bbox 777 2683 824 2720; x_wconf 90' lang='lat' dir='ltr'><strong>ut</strong></span> <span class='ocrx_word' id='word_1_278' title='bbox 870 2681 1032 2720; x_wconf 85' lang='lat' dir='ltr'><strong>videtur</strong></span> <span class='ocrx_word' id='word_1_279' title='bbox 1069 2693 1114 2720; x_wconf 82' lang='lat' dir='ltr'><strong>ac</strong></span> <span class='ocrx_word' id='word_1_280' title='bbox 1156 2681 1206 2720; x_wconf 85' lang='lat' dir='ltr'><strong>fr.</strong></span> <span class='ocrx_word' id='word_1_281' title='bbox 1247 2680 1330 2719; x_wconf 89' lang='lat'><strong>333</strong></span> <span class='ocrx_word' id='word_1_282' title='bbox 1380 2680 1463 2719; x_wconf 87' lang='lat' dir='ltr'><strong>sive</strong></span> <span class='ocrx_word' id='word_1_283' title='bbox 1505 2680 1659 2719; x_wconf 86' lang='lat' dir='ltr'><strong>cantico</strong></span> <span class='ocrx_word' id='word_1_284' title='bbox 1696 2679 1781 2719; x_wconf 87' lang='lat' dir='ltr'><strong>sive</strong></span> 
     </span>
     <span class='ocr_line' id='line_1_38' title="bbox 211 2736 1779 2789; baseline -0.001 -12"><span class='ocrx_word' id='word_1_285' title='bbox 211 2738 478 2788; x_wconf 87' lang='lat' dir='ltr'><strong>epirrhemate</strong></span> <span class='ocrx_word' id='word_1_286' title='bbox 508 2741 750 2789; x_wconf 84' lang='lat' dir='ltr'><strong>excerptum.</strong></span> <span class='ocrx_word' id='word_1_287' title='bbox 789 2737 1054 2789; x_wconf 88' lang='lat' dir='ltr'><strong>probabiliter</strong></span> <span class='ocrx_word' id='word_1_288' title='bbox 1072 2737 1150 2776; x_wconf 92' lang='lat' dir='ltr'><strong>huc</strong></span> <span class='ocrx_word' id='word_1_289' title='bbox 1170 2736 1412 2776; x_wconf 83' lang='lat' dir='ltr'><strong>Fritzschius</strong></span> <span class='ocrx_word' id='word_1_290' title='bbox 1431 2737 1591 2776; x_wconf 90' lang='lat' dir='ltr'><strong>rettulit</strong></span> <span class='ocrx_word' id='word_1_291' title='bbox 1610 2737 1660 2776; x_wconf 87' lang='lat' dir='ltr'><strong>fr.</strong></span> <span class='ocrx_word' id='word_1_292' title='bbox 1683 2737 1779 2777; x_wconf 87' lang='grc'><strong><em>699.</em></strong></span> 
     </span>
    </p>
   </div>
   <div class='ocr_carea' id='block_1_8' title="bbox 207 2793 1781 2892">
    <p class='ocr_par' dir='ltr' id='par_1_9' title="bbox 207 2793 1781 2892">
     <span class='ocr_line' id='line_1_39' title="bbox 207 2793 1781 2846; baseline -0.001 -12"><span class='ocrx_word' id='word_1_293' title='bbox 207 2795 459 2834; x_wconf 87' lang='lat' dir='ltr'><strong>invocatione</strong></span> <span class='ocrx_word' id='word_1_294' title='bbox 489 2795 695 2835; x_wconf 85' lang='lat' dir='ltr'><strong>Musarum</strong></span> <span class='ocrx_word' id='word_1_295' title='bbox 724 2808 806 2835; x_wconf 92' lang='lat' dir='ltr'><strong>non</strong></span> <span class='ocrx_word' id='word_1_296' title='bbox 836 2807 935 2846; x_wconf 89' lang='lat' dir='ltr'><strong>opus</strong></span> <span class='ocrx_word' id='word_1_297' title='bbox 965 2806 1051 2834; x_wconf 88' lang='lat' dir='ltr'><strong>esse</strong></span> <span class='ocrx_word' id='word_1_298' title='bbox 1079 2795 1198 2844; x_wconf 84' lang='lat' dir='ltr'><strong>poeta</strong></span> <span class='ocrx_word' id='word_1_299' title='bbox 1226 2793 1442 2845; x_wconf 83' lang='lat' dir='ltr'><strong>gloriatur:</strong></span> <span class='ocrx_word' id='word_1_300' title='bbox 1485 2806 1644 2844; x_wconf 85' lang='lat' dir='ltr'><strong>semper</strong></span> <span class='ocrx_word' id='word_1_301' title='bbox 1673 2793 1781 2834; x_wconf 83' lang='lat' dir='ltr'><strong>enim</strong></span> 
     </span>
     <span class='ocr_line' id='line_1_40' title="bbox 209 2865 472 2892; baseline -0.004 0"><span class='ocrx_word' id='word_1_302' title='bbox 209 2865 343 2892; x_wconf 91' lang='lat' dir='ltr'><strong>secum</strong></span> <span class='ocrx_word' id='word_1_303' title='bbox 373 2865 472 2891; x_wconf 86' lang='lat' dir='ltr'><strong>esse.</strong></span> 
     </span>
    </p>
   </div>
  </div>
 </body>
</html>
