1872 3224
783 220 969 263 ΒΑΠΤΑῙ
1572 232 1656 280 275

4 363 6 376 2
74 333 76 335 ’
102 362 104 364 .
160 318 326 380 ῥόμβος,
355 323 408 367 ὃν
429 327 471 366 οἵ
490 323 659 368 Ἀττικοὶ
689 329 848 383 ρύμβον
877 336 1054 375 καλοῦσι.
1086 337 1279 378 rhombus
1310 343 1371 379 est
1392 341 1510 381 turbo
1532 344 1653 394 magi-

3 396 35 441 >—
165 385 232 425 vel
263 389 355 426 rota
386 386 552 436 magica.
594 388 781 429 Fritzsch.
822 390 866 438 Q.
899 393 1022 432 Arist.
1055 395 1150 434 214.
1194 395 1292 435 Lob.
1326 398 1524 449 Aglaoph.
1557 402 1651 441 700.

1 456 4 464 ›
35 445 214 500 plenu
247 443 316 483 35.
347 441 540 495 μαστίξας
572 446 620 484 ab
656 446 853 496 Eupolide
886 451 1081 501 scriptum
1114 466 1199 492 esse
1220 466 1301 492 non
1332 457 1482 504 potest.
1529 459 1652 497 Attici

35 501 181 540 ,ἵε-,ἱππ
208 509 291 541 non
321 499 524 552 μαστίζειν
554 503 707 552 dicunt,
741 507 810 544 sed
840 508 1074 558 μαστιγοῦν.
1107 511 1262 552 Alexid.
1299 512 1391 561 130,
1426 516 1449 552 5
1481 516 1651 555 scriben-

48 552 167 602 ss‘fflm
197 561 260 598 est
289 564 344 614 τῷ
376 558 520 617 σιλφζῳ
550 559 776 612 μάλθαξον,
810 577 984 621 namque
1014 564 1199 615 μαλάττει
1230 566 1271 606 τὸ
1305 569 1478 619 σίλφιον.
1531 575 1651 623 atque

56 614 130 656 ic
157 616 224 656 hic
253 629 414 668 quoque
435 613 486 671 (ὠ
507 616 716 668 τύμπανον
736 617 809 671 δ’),
833 622 863 659 ὠ
896 617 1022 675 ρύμβε
1053 623 1322 675 μαλθάξας
1344 624 1421 677 ἐμέ.
1471 630 1654 679 queritur

8 702 10 705 ψ
45 686 161 722 ἶ,ἐοιὉ
197 674 344 726 aliquis
377 688 418 715 se
448 676 618 728 magicis
649 678 805 718 artibus
837 679 1067 720 fraudatum
1098 695 1194 722 esse.

850 792 907 834 73

277 864 383 910 ἀλλ’
415 865 518 924 οὐχὶ
548 869 752 914 δυνατόν
784 870 931 915 ἐστιν·
965 870 1022 915 οὐ
1051 872 1139 931 γάρ
1170 872 1284 918 ἀλλά
1316 891 1430 933 προ-

275 937 516 993 βούλευμα
546 939 821 994 βαστάζουσι
851 944 931 997 τῆς
961 944 1135 993 πόλεως
1164 944 1291 1000 μέγα.

185 1019 434 1072 Hephaestio
465 1023 506 1071 4,
532 1025 554 1062 7
587 1026 687 1063 extr.
721 1022 808 1063 ἔνια
838 1024 884 1064 δὲ
914 1024 982 1065 καὶ
1010 1026 1224 1075 παίζουσιν
1253 1028 1294 1068 οἰ
1319 1029 1489 1081 κωμικοί
1519 1030 1651 1084 (voca—

23 1083 33 1094 “·
66 1077 175 1118 bulis
206 1079 313 1118 inter
344 1079 444 1120 duos
475 1093 616 1121 versus
650 1079 866 1136 diremtis)‚
898 1080 953 1130 ὡς
984 1082 1165 1132 Εὔπολις
1198 1085 1396 1135 Βάπταις·
1435 1079 1522 1127 ἀλλ’
1564 1085 1651 1140 οὐχὶ

66 1136 150 1175 κτλ.
199 1128 300 1175 ἀλλὰ
336 1137 469 1177 Bentl.
505 1134 664 1179 Calli‘m.
698 1140 748 1179 fr.
778 1139 903 1195 XCII]
944 1139 1053 1181 ἄλλο.
1107 1144 1155 1182 cf.
1189 1145 1393 1196 Aristoph.
1436 1146 1507 1197 Eq.
1542 1148 1650 1187 1205

66 1189 207 1232 ἄπιθ’·
239 1190 287 1232 οὐ
324 1192 401 1247 γὰρ
438 1191 538 1236 ἀλλὰ
572 1197 641 1235 τοῦ
681 1195 936 1248 παραθέντος
966 1195 992 1250 ἡ
1033 1195 1156 1252 χάρις.
1209 1202 1431 1243 Meinekius
1463 1203 1645 1254 Hephae-

67 1252 239 1291 stionem
266 1253 415 1293 vitioso
449 1255 584 1294 codice
617 1255 828 1306 deceptum
860 1270 946 1296 esse
968 1258 1182 1307 existimat,
1216 1259 1429 1299 admodum
1460 1261 1645 1311 probabi-

65 1309 180 1357 liter,
220 1310 419 1360 siquidem
458 1313 555 1363 quid
595 1313 735 1352 comici
774 1314 872 1352 insit
909 1316 952 1353 in
995 1316 1068 1354 illa
1106 1316 1289 1355 vocabuli
1330 1318 1526 1357 divisione
1566 1331 1646 1358 non

31 1385 45 1394 κ
64 1366 331 1418 intellegitur.
382 1369 575 1409 admonet
612 1373 818 1420 praeterea
855 1371 1054 1422 Bergkius
1094 1373 1138 1414 R.
1176 1386 1207 1412 c.
1247 1375 1335 1413 Att.
1378 1376 1458 1414 296
1499 1377 1540 1414 in
1574 1376 1647 1414 tali

66 1424 265 1464 divisione
297 1426 478 1476 syllabae
506 1428 671 1478 ancipiti
698 1428 830 1467 locum
856 1442 938 1468 non
962 1442 1061 1469 esse.
1094 1431 1229 1481 itaque
1253 1432 1338 1482 ipse
1361 1445 1447 1483 πρω
1476 1454 1526 1460 —-
1556 1431 1647 1483 βού-

64 1482 209 1533 λευμα,
240 1483 385 1523 melius
418 1484 641 1525 Meinekius
671 1479 757 1539 πρῲ
793 1488 797 1533 Ι
831 1481 1045 1538 βούλευμα.
1106 1501 1272 1538 prorsus
1313 1490 1547 1529 incredibile
1590 1493 1652 1529 est

67 1540 176 1590 quod
197 1539 535 1583 Wilamowitzius
556 1543 694 1582 Herm.
717 1543 774 1582 XI
797 1545 878 1583 297
902 1548 1061 1594 poetam
1083 1546 1124 1584 in
1147 1547 1280 1585 verbis
1302 1543 1387 1600 πρῴ
1410 1546 1448 1596 β.
1464 1551 1513 1586 et
1532 1547 1645 1599 προβ.

64 1597 210 1638 lusisse
240 1597 377 1649 fingit:
420 1600 643 1640 Alcibiadis
690 1601 796 1639 enim
837 1601 992 1653 sodales
1031 1603 1110 1642 dici
1140 1603 1197 1642 rei
1228 1604 1346 1643 alicui
1375 1617 1455 1643 non
1495 1618 1648 1651 vacare,

63 1655 170 1704 quod
205 1677 256 1683 -
289 1656 333 1694 in
373 1660 516 1696 senatu
557 1671 707 1708 magna
738 1659 786 1698 de
817 1671 934 1698 causa
964 1659 1268 1700 deliberandum
1306 1662 1377 1708 sit,
1418 1674 1519 1711 quae
1549 1662 1649 1701 nihil

62 1711 173 1751 aliud
204 1714 259 1752 sit
287 1726 407 1764 quam
439 1728 588 1766 magna
619 1717 864 1765 compotatio
894 1729 999 1765 novo
1030 1730 1140 1756 more
1165 1714 1234 1771 (cf.
1258 1718 1311 1756 fr.
1335 1719 1432 1768 351,
1456 1718 1500 1770 3)
1531 1731 1649 1759 mane

61 1769 263 1810 instituta.
309 1773 352 1810 at
382 1772 463 1811 tale
492 1773 591 1822 quid
623 1774 656 1812 si
686 1768 950 1824 indicabatur,
983 1775 1177 1814 vocabulo
1208 1775 1401 1814 utendum
1432 1779 1531 1824 erat,
1563 1788 1643 1815 non

63 1827 174 1877 quod
204 1830 246 1867 et
275 1831 367 1868 ante
397 1831 439 1868 et
467 1842 605 1878 mane,
639 1830 709 1870 sed
739 1831 847 1881 quod
878 1834 918 1869 et
949 1831 1277 1871 deliberationem
1308 1836 1348 1870 et
1378 1833 1645 1883 compotatio-

60 1896 153 1923 nem
191 1885 448 1936 significaret.
501 1887 706 1927 adsentior
743 1889 869 1939 igitur
906 1889 1120 1928 Meinekio.
1171 1887 1426 1939 βούλευμα
1467 1893 1511 1928 ut
1551 1890 1644 1928 Ari-

62 1942 194 1992 stoph.
232 1942 328 1994 Lys.
368 1944 462 1983 517.
515 1945 624 1984 Eccl.
668 1946 731 1983 17.
774 1946 867 1984 137.
924 1941 1257 1995 βαστάζουσι,
1303 1946 1329 1985 i.
1371 1959 1404 1985 e.
1445 1947 1644 1994 adferunt.

62 1998 310 2040 Fritzschius
343 2000 389 2047 Q.
422 2001 549 2041 Arist.
583 2002 679 2041 238.

839 2114 895 2156 74

267 2188 429 2234 ἀνόσια
461 2192 621 2248 πάσχω
652 2194 794 2236 ταῦτα
825 2193 903 2236 ναὶ
932 2191 994 2250 μοὶ
1024 2191 1104 2244 τάς
1135 2192 1346 2250 Νύμφας.

264 2263 316 2304 Β.
349 2262 523 2303 πολλοῦ
553 2261 638 2317 μὲν
670 2256 756 2304 οὖν
788 2262 941 2305 δίκαια
973 2263 1048 2306 ναὶ
1078 2261 1139 2319 μά
1170 2261 1247 2314 τὰς
1278 2263 1499 2319 κράμβας.

176 2343 408 2384 Priscianus
439 2345 499 2383 De
521 2346 661 2385 metris
683 2346 844 2386 Terent.
869 2347 921 2385 23
953 2347 1121 2396 Eupolis
1153 2344 1329 2393 Βάπταις
1361 2359 1449 2386 cum
1478 2348 1522 2385 in
1555 2348 1645 2386 aliis

59 2402 203 2441 iambis
232 2402 403 2441 eiusdem
443 2402 604 2450 fabulae
640 2406 745 2442 recta
777 2407 831 2442 est
871 2405 1135 2444 observatione
1174 2408 1384 2443 metrorum
1423 2416 1538 2452 usus,
1578 2405 1646 2443 hos

64 2462 198 2498 tamen
221 2461 360 2508 posuit
388 2461 434 2498 ‘m
469 2461 550 2508 fine
587 2461 770 2499 habentes
806 2462 995 2510 spondeos
1024 2457 1171 2500 ἀνόσια
1213 2462 1292 2500 κτλ.
1345 2461 1570 2500 Athenaeus
1604 2463 1642 2511 9,

64 2516 183 2555 370b
221 2514 406 2562 Εὔπολις
440 2514 640 2564 Βάπταις·
676 2516 742 2556 ναὶ
771 2515 824 2568 μά
859 2516 935 2568 τὴν
963 2517 1161 2569 κράμβην.
1242 2520 1278 2554 2.
1309 2518 1455 2556 πολλοῦ
1487 2518 1522 2555 V
1552 2518 1642 2556 Par.

65 2570 196 2626 7504]
228 2577 431 2611 ΠῼΛΛΟΙ
452 2574 500 2612 A.
540 2575 588 2614 de
618 2575 772 2625 reliqua
811 2576 991 2614 codicum
1033 2576 1224 2614 varietate
1264 2575 1314 2614 cf.
1347 2575 1483 2614 adnot.
1524 2574 1644 2613 Keilii

59 2631 101 2668 et
132 2630 181 2669 de
210 2631 466 2670 iureiurando
497 2631 641 2671 Telecl.
677 2633 743 2673 27.
775 2632 1034 2671 Hermannus
1064 2633 1204 2672 Doctr.
1236 2634 1353 2670 metr.
1375 2633 1430 2671 48
1463 2632 1643 2671 consulto

59 2686 237 2737 Eupolin
281 2690 442 2738 praeter
483 2690 821 2740 exspectationem
858 2690 1037 2729 versibus
1075 2689 1362 2740 Hipponacteis
1404 2702 1518 2729 usum
1556 2701 1643 2727 esse

58 2744 214 2793 statuit,
247 2745 350 2784 conl.
383 2745 635 2796 Hipponacte
665 2747 730 2786 vel
769 2747 927 2786 Ananio
966 2747 1071 2796 apud
1114 2747 1262 2785 Athen.
1312 2744 1380 2784 καὶ
1419 2742 1464 2784 σὲ
1493 2743 1644 2784 πολλὸν

58 2796 295 2853 ἀνθρώπων
327 2798 332 2855 Ι
366 2796 440 2855 ἐγὼ
471 2801 596 2854 φιλέω
626 2800 816 2854 μάλιστα,
860 2801 924 2842 ναὶ
952 2801 1007 2854 μὰ
1041 2797 1113 2854 τὴν
1142 2801 1344 2854 κράμβην.
1406 2816 1451 2843 ac
1483 2804 1539 2843 sic
1568 2800 1643 2852 τὴν

59 2854 246 2910 κράμβην
266 2859 507 2901 Athenaeus.
540 2861 730 2901 barbaros
773 2861 960 2912 conloqui
999 2862 1132 2900 censet
1171 2860 1461 2900 Schneidewin.
1500 2859 1643 2898 Philol.

60 2914 123 2954 111
162 2916 260 2954 258.
311 2916 362 2955 ef.
394 2930 496 2967 quae
527 2918 754 2968 disputavit
785 2919 1023 2958 Leutschius
1053 2918 1200 2957 Philol.
1233 2917 1268 2956 X
1301 2918 1396 2957 707.
1432 2919 1470 2955 8.

1299 2981 1371 3018 18*
