1872 3224
208 207 292 250 666
874 205 1149 242 ΠΛΑΤῼΝΟΣ

957 307 1042 351 258

416 364 793 421 τριταρτημόριον

323 450 469 488 Pollux
499 451 536 497 9,
569 450 622 514 66
654 445 697 486 τὸ
727 444 771 486 δὲ
802 478 810 487 .
836 481 844 489 .
867 479 877 489 .
910 445 1158 516 τριτημόριον
1187 446 1490 500 τεταρτημόριον
1518 450 1635 488 καλεῖ
1659 446 1784 490 ἐνίοτε
1854 437 1872 450 ”’

211 504 397 544 Πλάτων.
430 501 677 558 τριτημόριον
705 503 772 544 καὶ
801 503 1104 557 τεταρτημόριον
1141 503 1184 544 δὲ
1214 508 1329 545 καλεῖ
1354 506 1404 546 A.
1460 504 1786 559 τριταρτημόριον
1859 510 1862 513 ’

208 563 431 603 Boeckhius
463 560 664 615 (Gerhard
693 562 905 602 Archaeol.
939 563 1000 602 Zt.
1034 563 1158 612 1847,
1189 559 1283 616 44),
1323 564 1392 614 qui
1431 563 1552 602 simul
1588 565 1784 604 comicum

209 620 428 671 significari
458 621 626 661 monuit.
677 621 800 660 etiam
837 615 1139 673 τεταρτημόριον
1178 621 1285 672 apud
1321 620 1605 672 philosophum
1634 621 1785 663 frustra

208 690 386 728 quaeras.

958 765 1043 810 259

414 830 730 880 ψυχορροφεῖν

324 904 387 946 ἐπὶ
418 906 489 947 τοῦ
520 905 594 958 τὴν
623 904 764 958 ψυχὴν
794 903 982 959 ἕκροφεῖν
1011 905 1077 946 διὰ
1108 912 1249 947 κακῶν
1277 904 1547 960 παρουσίαν“
1524 923 1551 959 η
1573 906 1783 963 τραγῳδία.

207 960 228 1003 ὁ
261 961 307 1003 δὲ
340 963 514 1004 Πλάτων
543 963 654 1012 ἰδίως
686 962 751 1004 ἐπὶ
780 962 896 1003 οἴνου
926 962 994 1003 διὰ
1023 964 1187 1018 ψυχροῦ
1215 962 1434 1016 πινομένου
1465 963 1638 1016 τῦθησιν.
1683 965 1783 1006 Bek-

207 1022 291 1061 ker.
323 1022 477 1062 Anecd.
512 1023 577 1071 73,
611 1023 679 1062 25.
730 1019 844 1061 οἴνου
877 1021 1144 1062 Schneiderus
1174 1023 1216 1062 in
1237 1020 1334 1075 lex.]
1369 1019 1480 1064 ὄνου.
1511 1019 1579 1061 διὰ
1602 1020 1784 1076 ψυχροῦ]

207 1077 439 1130 διαψύχρου
470 1079 641 1120 Meinek.
672 1079 839 1130 adparet
868 1079 953 1120 vini
982 1080 1210 1132 refrigerati
1239 1080 1447 1131 potionem
1478 1080 1708 1132 significari.

785 1215 1210 1251 ΑΜΦῙΣΒΗΤΗΣΙΜΑ

959 1294 1045 1338 260

322 1377 429 1425 Quos
461 1378 689 1418 Meinekius
722 1379 887 1418 Sbobaei
920 1374 1025 1430 (Ecl.
1055 1378 1171 1429 phys.
1205 1379 1241 1426 1,
1273 1379 1311 1427 2,
1344 1377 1416 1429 32)
1448 1380 1491 1418 et
1519 1377 1638 1418 Vitae
1667 1378 1784 1419 Arati

206 1436 354 1475 indicio
394 1438 602 1487 permotus
640 1436 867 1475 Philemoni
904 1435 1050 1475 tribuit
1094 1432 1195 1488 (IIII
1232 1431 1306 1489 31)
1347 1449 1484 1476 versus
1522 1436 1677 1484 decem,
1717 1449 1784 1476 eos

207 1493 402 1590 ἓῖἰῖθίέυγεὸ
418 1493 515 1534 Obs.
556 1494 645 1533 crit.
674 1495 761 1551 '180
782 1515 828 1521 —
853 1493 932 1533 182
971 1493 1135 1533 Platoni
1173 1492 1364 1533 vindicah.
1415 1493 1483 1533 sed
1519 1493 1571 1533 cf.
1611 1493 1782 1533 Meinek.

955 1627 1038 1670 261

322 1710 498 1762 Hesyeh.
539 1709 822 1762 Πολυπαίδης·
867 1707 1105 1765 παρῴδηται
1142 1707 1186 1748 ἐκ
1227 1714 1308 1749 τῶν
1354 1704 1570 1762 Θεόγνιδος
1617 1707 1786 1762 ’βολβὸν

209 1765 413 1818 ἐπαινήσω
445 1797 454 1806 .
488 1799 497 1808 .
532 1798 541 1808 .
574 1768 610 1807 .’
643 1767 888 1817 Πολυπαΐδη
919 1768 1009 1808 add.
1042 1767 1246 1808 Heinsius.
1298 1767 1457 1807 videtur
1490 1766 1784 1818 quodammodo

208 1826 408 1876 pertinere
439 1825 489 1864 ad
518 1826 621 1865 Plat.
653 1826 703 1865 fr.
739 1827 832 1875 173,
867 1827 963 1877 9sq.

957 1936 1043 1980 262

323 2020 509 2071 Apostol.
532 2021 570 2069 8,
594 2021 648 2060 34
689 2018 871 2070 ζηλωτὸ
883 2035 906 2058 ν
931 2016 1091 2059 ὀὐδὲν
1115 2011 1285 2059 “καλὸν
1324 2017 1370 2068 ἐξ
1409 2018 1622 2070 αἰσχροῦ
1660 2014 1785 2069 φυό-

207 2092 235 2127 μ
245 2091 262 2116 ε
274 2092 297 2115 ν
306 2090 326 2115 ο
339 2092 373 2116 ν.
409 2075 591 2117 Πλάτων.
623 2079 775 2117 frustra
804 2091 971 2128 quaeras
1002 2078 1108 2128 apud
1138 2077 1430 2128 philosophum.
1472 2077 1507 2117 si
1536 2078 1599 2117 θεὲ
1628 2077 1780 2126 comici,

209 2134 464 2174 scribendum
495 2131 616 2173 καλὸν
646 2128 720 2173 ἀπ’
753 2134 919 2187 αἰσχροῦ
949 2133 1178 2187 γενόμενον.

959 2245 1044 2288 263

414 2321 438 2368 ὁ
467 2324 683 2380 βασιλεὺς
714 2324 944 2379 ἐπιοόψατο
976 2323 1269 2382 ἀρρηφόρους

325 2409 467 2448 Suidas
506 2404 732 2458 ἔπιοόψατο·
770 2406 996 2459 κατέλεξεν,
1041 2405 1251 2457 ἐξελέξατο.
1306 2404 1477 2447 Πλάτων
1522 2405 1566 2446 ἐν
1611 2405 1781 2456 Νόμοις.

208 2467 344 2517 Etym.
377 2480 429 2506 m.
462 2467 557 2515 362,
581 2467 633 2506 39
665 2464 872 2515 ἐπιώψατο
900 2462 1166 2518 ἀρρηφόρους.
1200 2462 1375 2504 Πλάτων
1395 2461 1438 2504 ἐν
1458 2462 1627 2515 Νόμοις.
1673 2465 1782 2504 Pier-

211 2536 296 2563 son.
329 2524 454 2563 Moer.
498 2524 576 2562 142
616 2521 660 2562 ἐν
698 2521 873 2574 Νήσοις,
913 2524 975 2563 cui
1012 2523 1054 2562 in
1084 2523 1146 2562 ed,
1178 2522 1271 2564 mai.
1313 2523 1524 2562 obsecutus
1562 2524 1649 2561 erat
1685 2521 1782 2561 Mei-

209 2580 363 2620 nekius.
414 2580 484 2620 sed
515 2581 613 2632 Leg.
647 2581 713 2631 12,
745 2582 859 2621 9470
889 2580 1061 2631 specfiari
1091 2579 1248 2619 monuit
1276 2579 1573 2630 Bernhardyus.

959 2691 1044 2734 264

325 2773 500 2814 Cramer.
532 2774 684 2814 Aneed.
717 2773 789 2814 Ox.
821 2774 904 2813 IIII
935 2775 1019 2814 310
1046 2770 1242 2826 μέμνηται
1271 2777 1343 2811 τοῦ
1373 2768 1566 2823 ὀνόματος
1606 2768 1782 2825 (γραμ-

209 2844 385 2883 ματικο
397 2829 446 2883 ς)
467 2828 712 2884 Μένανδρος
742 2827 787 2870 ἐν
809 2827 1088 2882 Πωλουμένοις
1118 2828 1184 2870 καὶ
1214 2827 1388 2869 Πλάτων
1418 2827 1463 2869 ἐν
1488 2828 1637 2882 Φοίβῳ.
1670 2829 1781 2868 ‘fort-

213 2886 358 2928 Φάωνι
386 2889 632 2939 legendum?
664 2888 898 2929 Meinekius.
931 2888 981 2927 cf.
1012 2888 1033 2927 I
1065 2888 1160 2927 188.
