1872 3224
765 189 1017 225 ΧΕΙΡΩΝΕΣ
1631 190 1685 232 87

212 298 455 339 Plutarchus
492 296 638 339 Pericl.
682 297 735 335 24
775 293 820 335 ἐν
859 292 904 335 δὲ
943 298 1029 344 ταῖς
1067 295 1294 365 κωμῳδίαις
1320 291 1502 348 Ὀμφάλη
1541 310 1581 336 τε
1613 293 1685 336 νέα

56 351 61 357 ’
97 354 167 398 καὶ
199 354 420 408 Δηιανειρα
458 352 526 393 καὶ
562 351 687 393 πάλιν
712 351 824 406 ’Ήρα
863 352 1224 424 προσαγορεύεται·
1266 356 1467 407 Κρατῖνος
1505 350 1544 393 δ’
1578 352 1687 393 ὀίντι-

97 428 198 467 κρυς
218 411 430 466 παλλακὴν
450 403 579 463 αὐτὴν
599 410 761 463 εἴρηκεν
782 409 826 451 ἕν
848 410 1020 459 τούτοις·
1041 410 1181 464 Ήραν
1202 414 1283 452 κτλ.
1318 412 1451 452 Schol.
1475 412 1578 452 Plat.
1604 414 1683 452 391

38 468 50 502 ff
98 474 298 526 Κρατῖνος
320 468 365 511 δὲ
381 468 567 540 Ὀμφάλῃ
588 467 790 521 τύραννον
810 466 939 522 αὐτὴν
954 471 1078 522 καλεῖ,
1099 469 1243 523 χείρων
1259 467 1438 517 Εὔπολις
1461 468 1619 517 Φίλοις·
1644 467 1688 509 ἐν

37 526 42 541 ³
97 527 142 570 δὲ
182 528 478 582 Προσπαλτίοις
511 524 682 579 Ἑλένην
719 523 849 579 αὐτην
886 529 1018 567 καλεῖ·
1059 524 1080 567 ὃ
1121 526 1163 566 δὲ
1200 529 1400 581 Κρατῖνος
1438 526 1505 567 και
1535 525 1684 580 Ἥραν.

97 601 200 641 quae
230 588 458 628 Meinekius
488 587 546 626 ita
576 585 824 626 emendavit:
858 586 1057 637 Κρατῖνος
1088 582 1132 624 δὲ
1165 581 1376 637 Ὀμφάλην
1413 581 1545 637 αὐτὴν
1574 588 1694 625 καλεῖ

98 645 320 698 Χείρωσιν,
360 641 562 697 τύραννον
600 639 644 682 δὲ
683 640 866 690 Εὔπολις
905 641 1058 690 Φίλοις.
1107 643 1684 696 Η63γο11.τυραννοδαίμονα·

96 701 151 757 ἣν
181 700 268 744 οὐκ
285 701 341 743 ἄν
371 717 429 755 τις
460 699 663 755 τύραννον
692 700 820 752 μόνον
850 699 956 740 εἴποι
986 693 1084 740 ἄλλα
1115 699 1182 740 καὶ
1214 700 1397 753 δαίμονα.
1423 726 1474 730 ——-
1508 702 1687 741 dubitari

27 783 29 785 ·
97 775 180 802 non
194 764 332 814 potest
346 762 444 813 quin
459 761 510 799 ad
534 759 730 800 Chirones
751 760 965 811 pertineat,
995 756 1222 798 Ἀσπασίαν
1244 760 1352 799 delet
1374 759 1513 800 Cobet.
1534 760 1685 799 Mnem.

18 842 28 862 ,-
94 830 190 861 nov.
222 820 244 859 I
271 821 365 861 135
405 812 721 870 καταπυγοσύνη
760 817 960 869 Bergkius
991 818 1039 856 R.
1073 830 1105 856 c.
1137 817 1226 859 Att.
1261 818 1342 856 238
1374 821 1416 857 et
1447 815 1686 871 Emperius]

16 879 17 882 ’
96 876 165 918 καὶ
201 874 558 930 καταπυγοσύνην.
610 875 658 914 (16
703 876 817 915 hiatu
856 871 898 913 τέ
937 874 978 914 οἵ
1011 875 1219 925 epicorum
1261 876 1381 915 modo
1421 876 1595 915 admisso
1636 876 1685 914 cf.

97 935 244 976 Aeseh.
275 936 422 987 Agam.
459 935 568 973 1147
600 930 864 986 περιβάλοντό
896 931 945 974 οἵ.
981 932 1108 983 Soph.
1147 933 1211 974 El.
1249 934 1328 973 196
1360 930 1424 972 ὅτε
1455 933 1502 975 οἱ.
1543 933 1683 974 Traeh.

99 995 184 1034 650
213 989 238 1032 ἆ
261 990 305 1032 δέ
334 992 383 1032 οἵ.
415 992 457 1032 οἱ
481 993 508 1032 1.
531 1005 562 1047 e.
585 990 731 1031 Crono.
765 1005 858 1030 nam
889 992 935 1030 ut
964 990 1067 1030 Iuno
1100 990 1221 1030 simul
1253 1004 1365 1030 soror
1396 993 1437 1030 et
1467 1004 1568 1030 uxor
1601 993 1687 1030 erat

0 1050 15 1102 ξ
31 1070 35 1072 ’
95 1052 218 1102 Iovis,
250 1052 309 1091 ita
339 1051 511 1102 Aspasia
541 1051 649 1089 certe
680 1049 822 1089 eodem
853 1051 970 1099 patre
1001 1061 1079 1099 quo
1102 1048 1275 1088 Pericles
1306 1051 1404 1088 nata
1433 1049 1534 1100 fingi
1566 1048 1683 1088 debe-

95 1109 179 1149 bat.
211 1112 395 1157 κυνῶπις
427 1110 563 1148 autem
594 1107 760 1160 dieitur,
791 1109 839 1146 ut
867 1106 968 1146 Iuno
999 1106 1167 1158 βοῶπις.
1202 1108 1252 1145 cf.
1285 1107 1432 1158 Eupol.
1468 1107 1566 1146 274.

847 1241 932 1284 242

213 1340 347 1380 801101.
383 1338 591 1389 Aristoph.
623 1338 733 1377 Nub.
766 1338 848 1377 924
881 1339 922 1376 et
943 1337 1088 1377 Suidas
1122 1335 1458 1384 Πανδελετείους·
1490 1333 1687 1388 μέμνηται

96 1396 167 1438 τοῦ
200 1399 243 1436 Π
250 1396 341 1436 ανδ
351 1393 428 1436 ελέ
438 1410 525 1435 του
555 1393 624 1435 καὶ
653 1397 854 1448 Κρατῖνος
885 1393 1099 1447 Χείρωσιν.
1132 1396 1372 1435 Pandeletus
1401 1408 1483 1434 non
1515 1407 1684 1434 comme-

96 1457 278 1496 moratur
306 1455 385 1494 nisi
414 1454 476 1494 his
508 1453 665 1494 duobus
695 1454 806 1494 locis.

845 1576 930 1620 243

215 1674 415 1714 Zenobius
448 1674 485 1722 5,
511 1675 534 1712 9
566 1670 686 1724 μετὰ
721 1669 949 1724 Λέσβιον
979 1666 1126 1726 ᾠδόν·
1159 1669 1352 1723 παροιμία
1383 1668 1599 1722 ταττομένη
1622 1669 1687 1710 ἐπὶ

98 1735 179 1780 τοῖς
210 1730 255 1771 τὰ
289 1729 457 1784 δεύτερα
487 1727 757 1799 φερομένοις.
811 1727 1048 1800 ,μέμνηται
1082 1760 1090 1769 .
1117 1730 1395 1782 ..Κρατῖνος
1428 1726 1472 1767 ἐν
1492 1727 1684 1781 Χείρωσι.

97 1790 266 1831 Photius
293 1803 389 1841 μετα
424 1785 608 1841 Λέσβιον
639 1783 767 1843 ᾠδόν·
810 1785 919 1840 παρὰ
951 1786 1137 1854 Κρατίνῳ
1173 1785 1366 1840 παροιμία
1397 1783 1590 1838 λεγομένη
1623 1784 1686 1826 ἐπὶ

98 1853 180 1888 των
209 1846 255 1887 τὰ
287 1843 454 1900 δεύτερα
485 1843 730 1898 φερομένων.
763 1842 946 1895 Λέσβιον
966 1840 1074 1900 ᾠδόν
1106 1846 1385 1895 Terpandrum
1416 1845 1685 1895 interpretan-

97 1909 185 1954 tur,
215 1906 294 1959 qui
333 1905 376 1944 in
415 1907 501 1944 arte
539 1904 708 1944 canendi
745 1906 905 1943 tantum
945 1904 1087 1943 ceteris
1117 1905 1321 1954 praestare
1353 1902 1601 1950 credebatur,
1640 1904 1686 1941 ut

97 1964 163 2004 vel
194 1963 339 2015 optimi
368 1964 461 2014 post
491 1976 583 2002 eum
613 1961 853 2000 numerandi
884 1962 1031 2000 essent.

844 2083 931 2126 244

306 2165 698 2221 δωροδοκούντων
729 2162 801 2216 αἲξ
835 2162 1030 2221 οὐρανία

215 2261 414 2302 Zenobius
437 2263 474 2310 1,
498 2262 551 2301 26
582 2259 651 2309 αἲξ
682 2255 864 2313 οὐρανία.
898 2256 1098 2326 Κρατῖνός
1128 2269 1229 2311 φησι
1250 2256 1441 2310 καθάπερ
1463 2255 1569 2306 Διὸς
1591 2252 1685 2311 αἶγα

94 2317 364 2372 Ἀμαλθείαν,
405 2332 510 2358 ουτω
547 2316 615 2358 καὶ
659 2323 742 2356 τῶν
788 2312 1224 2370 δωροδοκούντων
1265 2310 1382 2367 αἶγα
1427 2312 1684 2367 οὐρανίαν.

100 2378 286 2420 similiter
325 2376 470 2416 Suidas
509 2375 576 2425 αἲξ
616 2370 799 2428 οὐρανία.
852 2376 902 2415 ad
942 2375 1136 2415 Chirones
1176 2375 1272 2413 haec
1306 2374 1509 2425 pertinere
1541 2374 1686 2413 docent

99 2435 270 2476 photius
302 2430 362 2489 (et
393 2432 555 2488 Suidas)
587 2429 759 2485 οὐρανία
789 2431 877 2481 αἴ·ξ
909 2426 938 2488 ᾗ
969 2432 1009 2472 οἵ
1036 2428 1245 2484 εὐχόμενοι
1283 2429 1445 2478 πάντως
1479 2429 1684 2483 (παντων)

101 2490 390 2545 ἐπετύγχανον·
431 2489 531 2539 ι’σως
562 2489 629 2530 διὰ
661 2488 704 2530 τὸ
734 2488 807 2542 τὴν
837 2488 1027 2542 Σελήνην
1063 2486 1166 2543 αὐτῇ
1200 2486 1445 2540 ἐποχεῖσθαι.
1484 2489 1686 2539 Κρατῖνος

102 2549 318 2603 Χείρωσιν.
357 2561 446 2588 011111
475 2549 551 2589 1100
580 2549 630 2588 fr.
655 2549 856 2599 Bergkius
887 2549 936 2587 R.
969 2561 1001 2587 0.
1035 2548 1123 2586 Att.
1156 2547 1239 2586 248
1271 2547 1489 2594 adespoton
1521 2546 1686 2586 coniun-

99 2609 223 2661 gebat
250 2607 361 2646 Ρ11113.
393 2606 495 2646 Mor.
529 2608 581 2646 27
621 2602 827 2656 εὐδαίμων
864 2589 1113 2672 Πολίαγρος,
1153 2599 1346 2651 οὐρανιον
1384 2597 1477 2655 αἶγα
1516 2605 1684 2642 πλουτο

101 2664 230 2717 φόρον
260 2660 443 2716 τρέφων,
481 2677 560 2715 quo
590 2664 779 2715 Poliager
806 2663 941 2703 neseio
982 2664 1072 2713 quis
1109 2662 1264 2701 ridetur
1307 2662 1443 2700 uxoris
1475 2661 1683 2700 adulteriis

100 2723 310 2774 ingentem
340 2724 553 2772 quaestum
583 2722 747 2761 faciens.
788 2723 831 2760 at
861 2733 989 2771 neque
1021 2721 1163 2767 metro,
1198 2718 1306 2768 quod
1335 2718 1442 2769 apud
1474 2718 1684 2758 Cratinum

103 2783 165 2821 est
202 2779 520 2830 anapaestioum,
563 2791 692 2829 neque
724 2779 926 2818 sententia
954 2778 1050 2816 haec
1081 2777 1310 2816 cohaerent.
1359 2775 1547 2815 Cratinus
1579 2776 1684 2814 enim

101 2838 178 2878 hoe
198 2837 312 2876 dicit:
350 2836 403 2875 ‘ei
433 2837 502 2886 qui
523 2849 565 2876 se
596 2837 800 2886 corrumpi
820 2836 1042 2886 patiuntur,
1074 2834 1194 2873 hodie
1216 2836 1424 2884 tamquam
1446 2833 1683 2872 Amaltheae

62 2916 64 2918 ·
103 2895 168 2936 vel
197 2893 345 2944 Copiae
376 2906 501 2933 cornu
530 2893 858 2944 locupletantur’.
