1872 3224
207 200 292 244 664
859 198 1135 232 ΠΛΑΤΩΝΟΣ

324 302 574 362 ἐπεθύμησα.
634 300 739 342 οὕτω
772 300 958 341 Πλάτων.
991 304 1164 344 Zonaras
1185 305 1279 346 609.
1337 303 1450 343 verbi
1470 301 1651 356 γλίχομαι
1669 315 1782 354 prae·

209 376 300 403 sens
331 363 414 402 fere
443 364 486 402 et
514 360 780 412 inperfectum
810 360 852 399 in
882 373 958 400 usu
987 360 1078 402 fuit.

958 483 1045 527 242

411 541 581 593 ἕξπουν

322 622 429 677 παρὰ
460 621 650 663 Πλάτωνι
679 629 734 679 τῷ
764 629 936 679 κωμικῷ.
968 625 1106 676 Etym.
1138 639 1192 667 m,
1224 626 1319 674 346,
1354 627 1405 665 16
1436 627 1478 665 eh
1507 624 1685 665 Philemo
1715 625 1782 665 51.

208 685 257 726 cf.
288 683 505 723 Herodian.
537 682 578 721 II
609 683 705 732 222,
741 683 805 721 17.
837 683 933 728 508,
967 684 1005 722 3.
1037 682 1212 722 Lobeck.
1244 682 1463 734 Phrynich.
1494 682 1592 722 414.

957 804 1042 848 243

411 865 560 905 ι’κτινα

324 944 498 985 Πλάτων
526 943 886 997 προπαροξυτόνως
917 942 1031 998 λέγει.
1070 946 1247 998 Etymol.
1278 960 1331 988 m.
1364 946 1461 996 470,
1495 947 1563 987 35.
1606 946 1782 987 Lobeok.

211 1005 382 1055 Paralip.
418 1004 511 1044 170.
544 1003 595 1043 cf.
627 1003 833 1054 Aristoph,
865 1003 914 1043 fr.
948 1004 1044 1044 628.

961 1125 1047 1169 244

418 1183 617 1226 καπνίαν

326 1267 557 1307 Athenaeus
591 1268 628 1316 1,
661 1267 745 1307 310
776 1265 1006 1317 Πολύζηλος
1042 1262 1210 1319 αὐτίτην
1238 1268 1355 1307 καλεῖ
1379 1260 1511 1321 οἶνον,
1543 1263 1716 1307 Πλάτων
1744 1262 1785 1307 δ’

212 1321 233 1363 ὁ
264 1322 437 1377 κωμικὸς
471 1322 661 1363 καπνίαν.

961 1424 1046 1468 245

419 1479 666 1538 καταξῆναι

327 1563 505 1604 Πλάτων
530 1561 551 1604 ὁ
572 1563 758 1616 κωμικός.
791 1552 935 1606 Pollu'x
966 1569 1003 1616 7,
1028 1569 1095 1609 30.
1126 1565 1315 1618 διαξῆναι
1344 1567 1552 1618 Aristoph.
1574 1566 1668 1619 Lys.
1690 1566 1787 1607 578.

959 1689 1045 1732 246

418 1743 699 1796 ναστοκόπος

328 1842 470 1880 Pollux
493 1842 530 1890 6,
555 1842 607 1880 75
628 1836 708 1879 άπὸ
740 1838 785 1879 δὲ
815 1850 974 1880 ναστων
1002 1837 1024 1880 ὁ
1057 1837 1306 1894 ναστοφάγος
1335 1839 1404 1881 καὶ
1433 1839 1475 1881 τὸ
1505 1844 1787 1894 ναστοφαγεῖν,
1811 1883 1815 1887 ,

144 1943 150 1949 ‚
212 1898 279 1938 καὶ
315 1895 336 1937 ὁ
381 1893 628 1945 ναστοκόπος
679 1911 786 1949 παρα
834 1894 1022 1938 Πλάτωνι
1067 1913 1119 1954 τῳ
1165 1903 1338 1954 κωμικῷ.
1416 1901 1586 1940 fortasse
1640 1899 1788 1940 rectius

213 1951 539 2003 ναστοπόπος.

963 2044 1045 2088 247

420 2101 748 2157 παιδοφιλῆσαι

329 2183 504 2224 Πλάτων
533 2183 693 2237 εἴρηκεν
722 2180 743 2224 ὁ
773 2182 958 2236 κωμικός.
1020 2185 1163 2225 Pollux
1195 2187 1234 2235 3,
1267 2186 1334 2225 70.

959 2307 1044 2350 248

418 2363 616 2420 ποδάρια

327 2444 348 2487 ὁ
379 2445 551 2499 κωμικὸς
582 2443 756 2486 Πλάτων
787 2446 935 2500 εἴρηκε.
995 2445 1064 2487 καὶ
1093 2446 1235 2488 ποδεῖα
1265 2445 1311 2487 δὲ
1342 2446 1432 2496 τοὺς
1462 2446 1552 2501 περὶ
1581 2451 1664 2496 τοῖς
1693 2447 1788 2489 ποσὶ

215 2504 355 2553 πίλους
386 2503 564 2558 Κριτίας.
595 2505 739 2545 Pollux
770 2506 808 2554 2,
843 2507 935 2544 196.

958 2626 1044 2670 249

418 2683 650 2739 ποδοκάκη

327 2762 348 2804 ὁ
380 2763 424 2805 ἐν
461 2771 514 2804 τῶ
553 2760 654 2820 ξύλῳ
692 2764 860 2818 δεσμός,
901 2763 945 2806 ἒν
980 2781 1011 2822 ῳ
1049 2765 1091 2804 οἱ
1123 2771 1341 2819 κακοῦργοι
1378 2763 1658 2819 δεσμεύονται,
1697 2763 1786 2808 οἷον

212 2821 483 2874 ποδοκατοχή.
535 2838 580 2862 τα
621 2823 689 2862 δια
726 2828 807 2862 τῶν
845 2823 984 2863 ποδῶν
1020 2821 1221 2873 εἰλήματα.
1282 2821 1465 2866 Πλάτων.
1525 2825 1699 2876 Hesych
1730 2826 1781 2866 cf.

213 2881 445 2931 Harpocrat.
478 2882 571 2930 154,
605 2882 671 2923 20.
703 2882 874 2921 Bekker.
903 2881 1054 2921 Anecd.
1086 2881 1180 2930 292,
1214 2882 1281 2920 21.
