1872 3224
192 187 276 230 334
822 177 1122 213 ETn0A1A02

193 293 416 342 Arginusas
449 289 563 339 (Xen.
597 286 703 325 Hell.
739 287 775 331 1,
809 285 847 332 5,
872 282 959 335 16),
990 282 1133 322 deinde
1165 275 1430 332 ὁΦρεᾶρριος
1460 280 1529 330 qui
1551 279 1772 332 Mytilenae
1835 311 1837 313 .

193 352 373 388 mortuus
404 349 464 385 est
494 343 608 397 (Lys.
642 346 715 391 21,
749 340 793 395 8)
837 343 878 380 et
906 336 927 379 ὁ
957 335 1038 379 ἀπὸ
1068 344 1138 391 τῆς
1169 335 1362 390 τραπέζης
1396 334 1552 391 [Isocr.]
1595 338 1670 389 17,
1701 338 1772 378 48.
1833 338 1840 364 Τ

193 421 285 446 nam
318 406 590 455 Syracusanus
621 401 785 451 quidem
816 399 882 438 vel
912 397 1096 438 Gelensis
1128 392 1363 448 ὀψοφάγος,
1403 408 1523 446 quem
1553 395 1635 434 iam
1664 407 1771 436 oom-

194 464 390 502 memorat
418 459 636 510 Dionysius
669 457 842 497 comicus
876 455 933 507 (2,
968 453 1053 508 24),
1085 454 1151 494 hic
1182 453 1402 505 significari
1430 465 1513 492 non
1544 454 1693 504 potest.

942 579 1024 622 277

467 659 625 711 λοιπὸς
654 658 742 716 γὰρ
774 658 947 709 οὐδείς·
978 656 1005 715 ἡ
1036 656 1257 714 τροφαλὶς
1289 655 1462 712 ἐκεινηὶ

468 730 543 787 ἐφ’
575 730 702 786 ὕδωρ
733 729 902 785 βαδίζει
933 734 1096 783 σκῖρον
1125 724 1423 783 ἠμφιεσμένη.

310 817 441 857 Schol.
480 815 686 865 Aristoph.
726 813 848 863 Vesp.
882 813 964 851 925
1008 813 1148 862 σκῖρον
1191 807 1234 848 τὸ
1274 807 1460 861 ρυπώδες
1498 805 1542 847 τὸ
1579 803 1647 848 ἐπὶ
1692 811 1777 848 τῶν

194 879 346 926 τυρῶν,
387 869 442 920 ὡς
482 870 663 918 Εὔπολις
703 872 853 924 Χρυσῷ
899 866 1004 922 γένει
1042 870 1123 908 κτλ.
1185 867 1354 906 Photius
1394 864 1604 918 τροφαλίς·
1641 861 1773 917 τυρός.

196 930 322 977 οὕτως
344 929 539 977 Εὔπολις,
572 929 747 980 Etymol.
770 941 824 966 m.
851 929 945 976 718,
968 927 994 965 4
1027 925 1163 976 σκίρον
1271 921 1451 970 Εὔπολις
1482 920 1547 963 ἐπὶ
1567 927 1639 962 τοῦ
1659 919 1702 967 ἐν
1723 922 1777 978 τῷ

195 993 301 1044 τυρῷ
330 986 475 1040 ῥύπου.
526 984 551 1038 ἡ
583 1000 641 1036 τρ.
664 983 817 1034 ἕκεινηί
836 981 1028 1036 Meinek.]
1063 998 1120 1035 τρ.
1154 980 1301 1033 ἐκείνη.
1340 984 1481 1033 σκῖρον
1501 979 1557 1034 V]
1590 978 1771 1034 σκίρρον.

195 1046 429 1086 Dindorfius
461 1046 509 1083 ad
541 1040 672 1090 οὐδείς
703 1043 897 1093 supplens
929 1040 1069 1089 τυρός,
1102 1037 1209 1091 πλὴν
1241 1053 1297 1091 τρ.
1331 1035 1493 1090 ἐκεινηὶ.
1525 1038 1772 1079 Fritzsohius

197 1105 243 1152 Q.
274 1105 400 1143 Arist.
434 1103 514 1141 146
546 1102 639 1140 adn.
673 1098 808 1147 λοιπὸς
838 1094 912 1151 γάρ
943 1095 1099 1148 οὐδείς,
1131 1095 1342 1149 τροφαλίς,
1375 1094 1472 1145 ἕζευ
1506 1088 1556 1147 νὴ
1589 1095 1670 1134 Δία
1690 1096 1773 1135 κτλ.

195 1174 295 1212 quae
333 1173 572 1211 quamquam
604 1159 723 1209 Vesp.
765 1158 915 1207 838sq.
953 1156 1161 1196 inlustrari
1200 1155 1299 1193 dicit
1336 1154 1478 1205 quovis
1517 1153 1678 1194 oraculo
1709 1152 1778 1193 ob·

195 1219 372 1259 scuriora
410 1220 515 1257 sunt.
567 1228 703 1256 caseus
740 1228 879 1255 recens
918 1214 1005 1264 ipse
1036 1213 1085 1252 ad
1123 1226 1267 1263 aquam
1297 1214 1343 1251 ut
1372 1211 1558 1251 abluatur
1588 1210 1775 1251 secedere

196 1276 355 1315 dicitur.

943 1360 1028 1402 278

473 1439 622 1486 ἔπειθ’
656 1439 679 1483 ὁ
712 1438 906 1496 κουρεὺς
936 1438 1015 1489 τὰς
1045 1439 1316 1494 μαχαιρίδας
1346 1435 1504 1493 λαβών

472 1508 561 1554 ὑπὸ
593 1513 669 1566 τῆς
698 1507 876 1565 ὑπήνης
907 1514 1151 1563 κατακερεῖ
1175 1505 1260 1563 τὴν
1291 1506 1529 1562 εἰσφοράν.

311 1596 456 1635 Pollux
479 1596 546 1644 10,
573 1595 654 1633 140
674 1585 720 1631 τά
747 1589 792 1631 δὲ
822 1589 995 1644 κουρέως
1027 1589 1150 1642 σκεύη
1181 1587 1330 1643 κτένες,
1361 1588 1545 1641 κουρίδες
1565 1585 1772 1642 μάχαιραι,

198 1651 448 1705 μαχαιρίδες·
483 1682 492 1691 .
517 1682 523 1688 .
548 1683 557 1692 .
590 1648 634 1689 ἐν
655 1647 699 1689 δὲ
721 1650 872 1704 Χρυσῷ
902 1646 1011 1700 γε’νει
1041 1641 1290 1695 Εὐπόλιδος·
1322 1643 1459 1686 ἔπειθ’
1493 1648 1573 1686 κτλ.
1605 1645 1776 1687 Photius

171 1721 173 1723 ·
198 1708 448 1762 μαχαιρίδες·
481 1708 527 1747 αἱ
551 1705 738 1759 κουρικαὶ
767 1702 970 1758 μάχαιραι.
1003 1703 1130 1753 οὕτως
1162 1702 1356 1752 Εὔπολις.
1390 1705 1482 1744 ‘hoc
1511 1704 1639 1744 dicere
1668 1703 1778 1745 vide-

199 1770 288 1807 tur:
321 1769 454 1807 virum
485 1766 656 1813 civilem,
687 1765 756 1816 qui
786 1765 1005 1804 tonsoriam
1037 1766 1164 1803 artem
1198 1762 1428 1810 factitabat,
1469 1761 1652 1812 publicos
1683 1761 1777 1802 civi-

202 1826 297 1864 tatis
327 1825 483 1864 reditus
514 1824 786 1872 detonsurum,
818 1823 844 1860 i.
867 1835 900 1860 e.
933 1822 976 1860 in
996 1833 1088 1860 suos
1110 1833 1206 1861 usus
1228 1832 1536 1869 eonversurum3
1568 1821 1777 1859 tonsorem

202 1883 300 1922 dicit
330 1882 499 1922 fortasse
539 1881 780 1931 Dionysium
821 1877 993 1931 (Cratin.
1028 1876 1162 1929 208)'.
1212 1877 1385 1916 Meinek.
1425 1875 1616 1916 Cleonem
1655 1875 1780 1927 signi·

156 1935 158 1937 ¹
200 1940 310 1979 ficari
341 1940 459 1989 putat
489 1938 703 1977 Muellerus
736 1935 1042 1987 Strubingensis
1077 1936 1179 1975 165:
1221 1937 1263 1974 at
1292 1934 1363 1973 ubi
1394 1933 1519 1974 Cleon
1549 1935 1702 1973 tonsor*
1721 1932 1778 1972 di-

201 1999 326 2045 catur,
360 2008 599 2046 quamquam
630 1995 671 2033 id
700 1995 741 2033 in
773 1994 989 2044 Equitibus
1012 1993 1094 2033 908
1125 1993 1213 2032 fieri
1233 1992 1450 2031 Muellerus
1471 1990 1668 2036 adfirmat,
1702 2002 1776 2042 ego

201 2054 361 2104 quidem
393 2053 538 2101 nescio,
579 2065 708 2102 neque
744 2052 801 2090 ita
844 2051 921 2090 dici
960 2051 1140 2101 potuisse
1170 2045 1427 2089 manifestum
1460 2050 1534 2088 est.
1586 2045 1661 2099 τὴν
1690 2045 1772 2087 εἰσ-

203 2109 336 2162 φοράν
366 2110 490 2150 infert
518 2105 615 2160 παρ’
649 2103 860 2148 ὑπόνοιαν.

946 2218 1031 2262 279

477 2299 582 2357 ὁρῶ.
642 2303 693 2342 Β.
725 2301 820 2342 θεώ
850 2301 940 2341 νῦν
969 2297 1106 2354 τήνδε
1137 2298 1507 2352 Μαριανδυνίαν.

319 2385 546 2435 Stephanus
577 2383 672 2435 Byz.
696 2381 1010 2434 Μαριανδυνία·
1043 2379 1164 2433 χώρα.
1197 2378 1379 2428 Εὔπολις
1399 2381 1551 2435 Χρυσῷ
1571 2375 1677 2432 γένει
1695 2380 1778 2418 κτλ.
1830 2364 1836 2371 ’

156 2478 161 2485 ,
207 2442 420 2481 Herodian.
452 2442 472 2480 I
505 2443 599 2490 297,
632 2442 687 2480 20
716 2441 857 2480 Lentz.
891 2440 935 2478 Β.
967 2438 1053 2478 θεῶ
1076 2461 1127 2467 -
1150 2436 1271 2490 τήνδε
1303 2437 1548 2478 Fritzschius
1580 2436 1628 2484 Q.
1652 2436 1777 2476 Arist.

208 2500 288 2594 ltlhss
320 2496 428 2552 adn.]
461 2495 546 2537 θέω
567 2521 622 2527 -
644 2495 728 2549 τὴν.
759 2497 967 2548 Aristoph.
998 2497 1074 2548 Eq.
1101 2496 1324 2536 163-175
1355 2496 1461 2535 idem
1493 2494 1633 2534 attulit
1650 2493 1778 2532 Fritz-

205 2569 245 2595 sc
275 2569 349 2595 lus.
1835 2560 1838 2564 '

953 2642 1038 2685 280

479 2717 649 2766 &anate
681 2725 933 2767 Σικελιῶτα
964 2719 1312 2777 Πελοποννήσιε

324 2805 455 2845 Schol.
487 2807 688 2857 Aristoph.
720 2807 882 2847 Thesm.
916 2807 995 2845 162
1024 2801 1208 2843 Ἀλκαίου
1239 2808 1312 2842 τοῦ
1341 2800 1591 2856 κιθαρῳδοῦ,
1628 2793 1680 2840 οὗ
1709 2798 1778 2840 καὶ

209 2860 386 2909 Εὔπολις
403 2860 461 2923 ’ἐν
489 2864 638 2918 Χρυσῷ
667 2861 771 2916 γένει
798 2860 991 2915 μέμνηται
1019 2863 1101 2901 κτλ..
1150 2863 1340 2902 Alcaeum
1368 2860 1632 2901 citharoedum
1661 2858 1780 2909 dicit,
1859 2913 1864 2918 ⁵
