<?xml version="1.0" encoding="UTF-8"?>
<!DOCTYPE html PUBLIC "-//W3C//DTD XHTML 1.0 Transitional//EN"
    "http://www.w3.org/TR/xhtml1/DTD/xhtml1-transitional.dtd">
<html xmlns="http://www.w3.org/1999/xhtml" xml:lang="en" lang="en">
 <head>
  <title>
</title>
<meta http-equiv="Content-Type" content="text/html;charset=utf-8" />
  <meta name='ocr-system' content='tesseract 3.04.00' />
  <meta name='ocr-capabilities' content='ocr_page ocr_carea ocr_par ocr_line ocrx_word'/>
</head>
<body>
  <div class='ocr_page' id='page_1' title='image "./comicorumatticor01kockuoft_0153.png"; bbox 0 0 1872 3224; ppageno 0'>
   <div class='ocr_carea' id='block_1_1' title="bbox 630 234 1688 278">
    <p class='ocr_par' dir='ltr' id='par_1_1' title="bbox 630 234 1688 278">
     <span class='ocr_line' id='line_1_1' title="bbox 630 234 1688 278; baseline 0.009 -10"><span class='ocrx_word' id='word_1_1' title='bbox 630 234 840 269; x_wconf 72' lang='grc' dir='ltr'><strong>ΑΔΗΑΩΝ</strong></span> <span class='ocrx_word' id='word_1_2' title='bbox 881 234 1149 269; x_wconf 75' lang='grc' dir='ltr'><strong>ΔΡΑΜΑἹῺΝ</strong></span> <span class='ocrx_word' id='word_1_3' title='bbox 1608 235 1688 278; x_wconf 85' lang='grc'><strong><em>123</em></strong></span> 
     </span>
    </p>
   </div>
   <div class='ocr_carea' id='block_1_2' title="bbox 0 0 147 968">
    <p class='ocr_par' dir='ltr' id='par_1_2' title="bbox 0 0 147 968">
     <span class='ocr_line' id='line_1_2' title="bbox 0 0 147 968; baseline 0 0"><span class='ocrx_word' id='word_1_4' title='bbox 0 0 147 968; x_wconf 95' lang='lat' dir='ltr'><strong><em>    </em></strong></span> 
     </span>
    </p>
   </div>
   <div class='ocr_carea' id='block_1_3' title="bbox 37 335 1690 452">
    <p class='ocr_par' dir='ltr' id='par_1_3' title="bbox 37 335 1690 452">
     <span class='ocr_line' id='line_1_3' title="bbox 42 335 1690 396; baseline 0.001 -18"><span class='ocrx_word' id='word_1_5' title='bbox 42 335 46 384; x_wconf 64' lang='lat' dir='ltr'>J</span> <span class='ocrx_word' id='word_1_6' title='bbox 94 338 163 382; x_wconf 83' lang='grc' dir='ltr'><strong><em>τοῦ</em></strong></span> <span class='ocrx_word' id='word_1_7' title='bbox 201 335 502 392; x_wconf 78' lang='grc' dir='ltr'><strong><em>οἶγκυλόχειλος,</em></strong></span> <span class='ocrx_word' id='word_1_8' title='bbox 542 336 570 392; x_wconf 80' lang='grc' dir='ltr'><em>ἢ</em></span> <span class='ocrx_word' id='word_1_9' title='bbox 607 336 662 386; x_wconf 82' lang='grc' dir='ltr'><strong><em>ὥς</em></strong></span> <span class='ocrx_word' id='word_1_10' title='bbox 709 335 751 379; x_wconf 86' lang='grc' dir='ltr'><strong><em>τὸ</em></strong></span> <span class='ocrx_word' id='word_1_11' title='bbox 797 338 1014 380; x_wconf 81' lang='grc' dir='ltr'><strong><em>δωδεκέται</em></strong></span> <span class='ocrx_word' id='word_1_12' title='bbox 1057 338 1165 394; x_wconf 77' lang='grc' dir='ltr'><strong><em>παρὰ</em></strong></span> <span class='ocrx_word' id='word_1_13' title='bbox 1213 339 1413 396; x_wconf 79' lang='grc' dir='ltr'><strong><em>Κρατίνῳ.</em></strong></span> <span class='ocrx_word' id='word_1_14' title='bbox 1475 338 1690 381; x_wconf 82' lang='grc' dir='ltr'><strong><em>δωδεκὲται</em></strong></span> 
     </span>
     <span class='ocr_line' id='line_1_4' title="bbox 37 397 1687 452; baseline 0.001 -14"><span class='ocrx_word' id='word_1_15' title='bbox 37 436 41 437; x_wconf 31' lang='grc'><strong><em>.</em></strong></span> <span class='ocrx_word' id='word_1_16' title='bbox 93 397 266 438; x_wconf 84' lang='lat' dir='ltr'><strong>Meinek.</strong></span> <span class='ocrx_word' id='word_1_17' title='bbox 289 397 436 449; x_wconf 83' lang='lat' dir='ltr'>Bergk.</span> <span class='ocrx_word' id='word_1_18' title='bbox 458 398 505 439; x_wconf 80' lang='lat' dir='ltr'><strong><em>R.</em></strong></span> <span class='ocrx_word' id='word_1_19' title='bbox 529 411 562 438; x_wconf 86' lang='grc' dir='ltr'><strong><em>ο.</em></strong></span> <span class='ocrx_word' id='word_1_20' title='bbox 587 399 675 437; x_wconf 72' lang='lat' dir='ltr'><strong><em>Att</em></strong></span> <span class='ocrx_word' id='word_1_21' title='bbox 696 400 791 438; x_wconf 81' lang='lat'>257.</span> <span class='ocrx_word' id='word_1_22' title='bbox 811 400 912 439; x_wconf 88' lang='lat' dir='ltr'><strong>Lob.</strong></span> <span class='ocrx_word' id='word_1_23' title='bbox 934 399 1110 450; x_wconf 84' lang='lat' dir='ltr'>Paralip.</span> <span class='ocrx_word' id='word_1_24' title='bbox 1131 397 1229 452; x_wconf 81' lang='lat'>244]</span> <span class='ocrx_word' id='word_1_25' title='bbox 1249 397 1469 439; x_wconf 81' lang='grc' dir='ltr'><strong><em>ὁεδόκεται.</em></strong></span> <span class='ocrx_word' id='word_1_26' title='bbox 1492 400 1541 441; x_wconf 79' lang='lat' dir='ltr'><strong><em>ef.</em></strong></span> <span class='ocrx_word' id='word_1_27' title='bbox 1558 398 1687 439; x_wconf 85' lang='lat' dir='ltr'><strong>Cram.</strong></span> 
     </span>
    </p>
   </div>
   <div class='ocr_carea' id='block_1_4' title="bbox 35 454 1690 567">
    <p class='ocr_par' dir='ltr' id='par_1_4' title="bbox 35 454 1690 567">
     <span class='ocr_line' id='line_1_5' title="bbox 35 454 1690 510; baseline -0.001 -13"><span class='ocrx_word' id='word_1_28' title='bbox 35 506 38 507; x_wconf 19' lang='lat'><em>⁷</em></span> <span class='ocrx_word' id='word_1_29' title='bbox 85 455 244 498; x_wconf 78' lang='lat' dir='ltr'><strong>Anecd.</strong></span> <span class='ocrx_word' id='word_1_30' title='bbox 267 454 342 496; x_wconf 82' lang='lat' dir='ltr'><strong><em>Ox.</em></strong></span> <span class='ocrx_word' id='word_1_31' title='bbox 363 455 426 495; x_wconf 92' lang='lat' dir='ltr'><strong><em>III</em></strong></span> <span class='ocrx_word' id='word_1_32' title='bbox 449 456 546 506; x_wconf 82' lang='lat'>245,</span> <span class='ocrx_word' id='word_1_33' title='bbox 572 457 638 497; x_wconf 89' lang='lat'><strong><em>15.</em></strong></span> <span class='ocrx_word' id='word_1_34' title='bbox 661 456 760 507; x_wconf 88' lang='lat' dir='ltr'><strong>quid</strong></span> <span class='ocrx_word' id='word_1_35' title='bbox 781 457 834 496; x_wconf 76' lang='lat' dir='ltr'><strong><em>sit</em></strong></span> <span class='ocrx_word' id='word_1_36' title='bbox 854 454 1124 510; x_wconf 82' lang='grc' dir='ltr'><strong><em>δωδεκέτει(ς)</em></strong></span> <span class='ocrx_word' id='word_1_37' title='bbox 1147 458 1248 507; x_wconf 80' lang='lat' dir='ltr'><em>scio3</em></span> <span class='ocrx_word' id='word_1_38' title='bbox 1279 457 1376 508; x_wconf 86' lang='lat' dir='ltr'>quid</span> <span class='ocrx_word' id='word_1_39' title='bbox 1398 458 1453 497; x_wconf 76' lang='lat' dir='ltr'><strong><em>sit</em></strong></span> <span class='ocrx_word' id='word_1_40' title='bbox 1474 454 1690 497; x_wconf 83' lang='grc' dir='ltr'><strong><em>δωδεκέται</em></strong></span> 
     </span>
     <span class='ocr_line' id='line_1_6' title="bbox 91 487 1493 567; baseline 0 -12"><span class='ocrx_word' id='word_1_41' title='bbox 91 513 239 556; x_wconf 77' lang='lat' dir='ltr'>nesci0.</span> <span class='ocrx_word' id='word_1_42' title='bbox 269 525 366 555; x_wconf 82' lang='lat' dir='ltr'><strong><em>nam</em></strong></span> <span class='ocrx_word' id='word_1_43' title='bbox 397 514 580 567; x_wconf 85' lang='lat' dir='ltr'>exemplo</span> <span class='ocrx_word' id='word_1_44' title='bbox 613 514 664 553; x_wconf 85' lang='lat' dir='ltr'><strong><em>ab</em></strong></span> <span class='ocrx_word' id='word_1_45' title='bbox 694 509 978 566; x_wconf 77' lang='grc' dir='ltr'><em>ἀγκυλοχεῖλαι</em></span> <span class='ocrx_word' id='word_1_46' title='bbox 1009 516 1140 567; x_wconf 74' lang='lat' dir='ltr'>petito</span> <span class='ocrx_word' id='word_1_47' title='bbox 1170 487 1275 555; x_wconf 89' lang='lat' dir='ltr'>nihil</span> <span class='ocrx_word' id='word_1_48' title='bbox 1306 515 1493 555; x_wconf 75' lang='lat' dir='ltr'><strong>efficitur.</strong></span> 
     </span>
    </p>
   </div>
   <div class='ocr_carea' id='block_1_5' title="bbox 213 603 938 968">
    <p class='ocr_par' dir='ltr' id='par_1_5' title="bbox 852 603 938 647">
     <span class='ocr_line' id='line_1_7' title="bbox 852 603 938 647; baseline 0.023 -2"><span class='ocrx_word' id='word_1_49' title='bbox 852 603 938 647; x_wconf 82' lang='lat'><strong><em>407</em></strong></span> 
     </span>
    </p>

    <p class='ocr_par' dir='ltr' id='par_1_6' title="bbox 213 642 934 902">
     <span class='ocr_line' id='line_1_8' title="bbox 302 642 582 717; baseline 0 -13"><span class='ocrx_word' id='word_1_50' title='bbox 302 642 582 717; x_wconf 77' lang='grc' dir='ltr'><strong><em>ἕθέλεχθρον</em></strong></span> 
     </span>
     <span class='ocr_line' id='line_1_9' title="bbox 213 742 913 799; baseline 0 -13"><span class='ocrx_word' id='word_1_51' title='bbox 213 746 414 799; x_wconf 84' lang='grc' dir='ltr'><strong><em>Κρατῖνος</em></strong></span> <span class='ocrx_word' id='word_1_52' title='bbox 443 742 560 799; x_wconf 78' lang='grc' dir='ltr'><strong><em>λέγει.</em></strong></span> <span class='ocrx_word' id='word_1_53' title='bbox 592 746 738 787; x_wconf 85' lang='lat' dir='ltr'>Pollux</span> <span class='ocrx_word' id='word_1_54' title='bbox 771 747 811 795; x_wconf 89' lang='lat'><strong><em>3,</em></strong></span> <span class='ocrx_word' id='word_1_55' title='bbox 844 746 913 786; x_wconf 84' lang='lat'><strong><em>64.</em></strong></span> 
     </span>
     <span class='ocr_line' id='line_1_10' title="bbox 849 859 934 902; baseline 0 0"><span class='ocrx_word' id='word_1_56' title='bbox 849 859 934 902; x_wconf 85' lang='lat'><strong><em>408</em></strong></span> 
     </span>
    </p>

    <p class='ocr_par' dir='ltr' id='par_1_7' title="bbox 305 916 550 968">
     <span class='ocr_line' id='line_1_11' title="bbox 305 916 550 968; baseline -0.004 -8"><span class='ocrx_word' id='word_1_57' title='bbox 305 916 550 968; x_wconf 80' lang='grc' dir='ltr'><strong><em>ἑλλοπίδας</em></strong></span> 
     </span>
    </p>
   </div>
   <div class='ocr_carea' id='block_1_6' title="bbox 212 994 1689 1071">
    <p class='ocr_par' dir='ltr' id='par_1_8' title="bbox 212 994 1689 1071">
     <span class='ocr_line' id='line_1_12' title="bbox 212 994 1689 1071; baseline 0.001 -32"><span class='ocrx_word' id='word_1_58' title='bbox 212 997 238 1053; x_wconf 82' lang='grc' dir='ltr'><em>ἡ</em></span> <span class='ocrx_word' id='word_1_59' title='bbox 284 998 387 1050; x_wconf 83' lang='grc' dir='ltr'><strong><em>λέξις</em></strong></span> <span class='ocrx_word' id='word_1_60' title='bbox 436 998 544 1054; x_wconf 79' lang='grc' dir='ltr'><strong><em>παρὰ</em></strong></span> <span class='ocrx_word' id='word_1_61' title='bbox 589 999 789 1071; x_wconf 82' lang='grc' dir='ltr'><strong><em>Κρατίνῳ.</em></strong></span> <span class='ocrx_word' id='word_1_62' title='bbox 840 998 980 1067; x_wconf 81' lang='grc' dir='ltr'><strong><em>γέγονε</em></strong></span> <span class='ocrx_word' id='word_1_63' title='bbox 1027 997 1071 1039; x_wconf 83' lang='grc' dir='ltr'><strong><em>δὲ</em></strong></span> <span class='ocrx_word' id='word_1_64' title='bbox 1117 994 1226 1071; x_wconf 78' lang='grc' dir='ltr'><strong><em>παρὰ</em></strong></span> <span class='ocrx_word' id='word_1_65' title='bbox 1270 998 1363 1048; x_wconf 80' lang='grc' dir='ltr'><strong><em>τοὺς</em></strong></span> <span class='ocrx_word' id='word_1_66' title='bbox 1412 999 1571 1050; x_wconf 79' lang='grc' dir='ltr'><strong><em>ἕλλούς,</em></strong></span> <span class='ocrx_word' id='word_1_67' title='bbox 1618 999 1689 1040; x_wconf 83' lang='grc' dir='ltr'><strong><em>καὶ</em></strong></span> 
     </span>
    </p>
   </div>
   <div class='ocr_carea' id='block_1_7' title="bbox 0 1052 1685 1113">
    <p class='ocr_par' dir='ltr' id='par_1_9' title="bbox 0 1052 1685 1113">
     <span class='ocr_line' id='line_1_13' title="bbox 0 1052 1685 1113; baseline -0.001 -14"><span class='ocrx_word' id='word_1_68' title='bbox 0 1059 27 1108; x_wconf 61' lang='lat' dir='ltr'><strong><em>J</em></strong></span> <span class='ocrx_word' id='word_1_69' title='bbox 99 1056 204 1113; x_wconf 77' lang='grc' dir='ltr'><strong><em>λέγει</em></strong></span> <span class='ocrx_word' id='word_1_70' title='bbox 232 1058 379 1107; x_wconf 79' lang='grc' dir='ltr'><strong><em>κοινῶς</em></strong></span> <span class='ocrx_word' id='word_1_71' title='bbox 417 1056 511 1107; x_wconf 79' lang='grc' dir='ltr'><strong><em>τούς</em></strong></span> <span class='ocrx_word' id='word_1_72' title='bbox 550 1056 721 1111; x_wconf 81' lang='grc' dir='ltr'><strong><em>νεβροὺς</em></strong></span> <span class='ocrx_word' id='word_1_73' title='bbox 758 1057 826 1098; x_wconf 84' lang='grc' dir='ltr'><strong><em>καὶ</em></strong></span> <span class='ocrx_word' id='word_1_74' title='bbox 862 1052 955 1106; x_wconf 81' lang='grc' dir='ltr'><strong><em>τοὺς</em></strong></span> <span class='ocrx_word' id='word_1_75' title='bbox 996 1056 1223 1111; x_wconf 81' lang='grc' dir='ltr'><strong><em>στρουθοὺς</em></strong></span> <span class='ocrx_word' id='word_1_76' title='bbox 1253 1055 1282 1110; x_wconf 81' lang='grc' dir='ltr'><em>ἢ</em></span> <span class='ocrx_word' id='word_1_77' title='bbox 1313 1056 1498 1106; x_wconf 85' lang='grc' dir='ltr'><strong><em>νεοττοὺς</em></strong></span> <span class='ocrx_word' id='word_1_78' title='bbox 1539 1056 1685 1109; x_wconf 81' lang='grc' dir='ltr'><strong><em>ὄφεως.</em></strong></span> 
     </span>
    </p>
   </div>
   <div class='ocr_carea' id='block_1_8' title="bbox 96 1114 1692 1343">
    <p class='ocr_par' dir='ltr' id='par_1_10' title="bbox 96 1114 1692 1343">
     <span class='ocr_line' id='line_1_14' title="bbox 97 1114 1690 1169; baseline -0.001 -11"><span class='ocrx_word' id='word_1_79' title='bbox 97 1118 273 1169; x_wconf 81' lang='lat' dir='ltr'><strong>Hesych.</strong></span> <span class='ocrx_word' id='word_1_80' title='bbox 306 1114 521 1164; x_wconf 84' lang='grc' dir='ltr'><strong><em>ἐλλόποδας</em></strong></span> <span class='ocrx_word' id='word_1_81' title='bbox 552 1130 600 1157; x_wconf 84' lang='lat' dir='ltr'><strong><em>ex</em></strong></span> <span class='ocrx_word' id='word_1_82' title='bbox 631 1117 766 1169; x_wconf 80' lang='lat' dir='ltr'><strong>Etym.</strong></span> <span class='ocrx_word' id='word_1_83' title='bbox 798 1132 851 1159; x_wconf 90' lang='lat' dir='ltr'><strong><em>m.</em></strong></span> <span class='ocrx_word' id='word_1_84' title='bbox 883 1119 980 1167; x_wconf 88' lang='lat'>331,</span> <span class='ocrx_word' id='word_1_85' title='bbox 1015 1118 1068 1157; x_wconf 90' lang='lat'><strong><em>53</em></strong></span> <span class='ocrx_word' id='word_1_86' title='bbox 1099 1117 1233 1157; x_wconf 76' lang='lat' dir='ltr'>Lucas</span> <span class='ocrx_word' id='word_1_87' title='bbox 1262 1129 1399 1168; x_wconf 85' lang='lat' dir='ltr'><strong>progr.</strong></span> <span class='ocrx_word' id='word_1_88' title='bbox 1423 1117 1553 1157; x_wconf 88' lang='lat' dir='ltr'><strong>Bonn.</strong></span> <span class='ocrx_word' id='word_1_89' title='bbox 1580 1118 1690 1157; x_wconf 86' lang='lat'>1833</span> 
     </span>
     <span class='ocr_line' id='line_1_15' title="bbox 96 1148 1692 1227; baseline -0.001 -12"><span class='ocrx_word' id='word_1_90' title='bbox 96 1190 137 1227; x_wconf 90' lang='lat' dir='ltr'><strong><em>p.</em></strong></span> <span class='ocrx_word' id='word_1_91' title='bbox 169 1177 207 1223; x_wconf 88' lang='grc'><strong><em>6,</em></strong></span> <span class='ocrx_word' id='word_1_92' title='bbox 241 1188 360 1227; x_wconf 84' lang='lat' dir='ltr'><strong>quam</strong></span> <span class='ocrx_word' id='word_1_93' title='bbox 394 1188 532 1216; x_wconf 79' lang='lat' dir='ltr'>vocem</span> <span class='ocrx_word' id='word_1_94' title='bbox 561 1175 763 1227; x_wconf 85' lang='lat' dir='ltr'>Bergkius</span> <span class='ocrx_word' id='word_1_95' title='bbox 794 1175 844 1214; x_wconf 89' lang='lat' dir='ltr'><strong><em>R.</em></strong></span> <span class='ocrx_word' id='word_1_96' title='bbox 877 1189 909 1215; x_wconf 89' lang='lat' dir='ltr'><strong><em>c.</em></strong></span> <span class='ocrx_word' id='word_1_97' title='bbox 943 1148 1030 1215; x_wconf 76' lang='lat' dir='ltr'><strong>A&#39;tt.</strong></span> <span class='ocrx_word' id='word_1_98' title='bbox 1065 1176 1146 1214; x_wconf 84' lang='lat'><strong><em>257</em></strong></span> <span class='ocrx_word' id='word_1_99' title='bbox 1178 1175 1467 1225; x_wconf 74' lang='lat' dir='ltr'>interpretatur</span> <span class='ocrx_word' id='word_1_100' title='bbox 1509 1175 1593 1224; x_wconf 74' lang='lat' dir='ltr'><strong><em>qui</em></strong></span> <span class='ocrx_word' id='word_1_101' title='bbox 1622 1176 1692 1214; x_wconf 79' lang='lat' dir='ltr'><strong><em>ha-</em></strong></span> 
     </span>
     <span class='ocr_line' id='line_1_16' title="bbox 100 1232 1689 1284; baseline -0.001 -11"><span class='ocrx_word' id='word_1_102' title='bbox 100 1234 190 1274; x_wconf 68' lang='lat' dir='ltr'><strong><em>be‘nt</em></strong></span> <span class='ocrx_word' id='word_1_103' title='bbox 219 1245 420 1274; x_wconf 76' lang='lat' dir='ltr'><strong><em>cervorum</em></strong></span> <span class='ocrx_word' id='word_1_104' title='bbox 443 1234 581 1283; x_wconf 75' lang='lat' dir='ltr'>pedes,</span> <span class='ocrx_word' id='word_1_105' title='bbox 614 1245 745 1273; x_wconf 80' lang='lat' dir='ltr'><em>cervos</em></span> <span class='ocrx_word' id='word_1_106' title='bbox 779 1235 969 1274; x_wconf 78' lang='lat' dir='ltr'><strong><em>celeritate</em></strong></span> <span class='ocrx_word' id='word_1_107' title='bbox 1007 1234 1300 1283; x_wconf 73' lang='lat' dir='ltr'><strong><em>aequiparam’,</em></strong></span> <span class='ocrx_word' id='word_1_108' title='bbox 1332 1232 1523 1284; x_wconf 83' lang='lat' dir='ltr'><strong><em>Hesychii</em></strong></span> <span class='ocrx_word' id='word_1_109' title='bbox 1554 1234 1689 1272; x_wconf 77' lang='lat' dir='ltr'><strong>autem</strong></span> 
     </span>
     <span class='ocr_line' id='line_1_17' title="bbox 97 1288 1688 1343; baseline -0.001 -13"><span class='ocrx_word' id='word_1_110' title='bbox 97 1291 276 1343; x_wconf 80' lang='lat' dir='ltr'>glossam</span> <span class='ocrx_word' id='word_1_111' title='bbox 307 1291 358 1331; x_wconf 83' lang='lat' dir='ltr'><strong><em>ab</em></strong></span> <span class='ocrx_word' id='word_1_112' title='bbox 389 1288 517 1341; x_wconf 84' lang='grc' dir='ltr'><strong><em>ἔλλοψ</em></strong></span> <span class='ocrx_word' id='word_1_113' title='bbox 546 1291 806 1342; x_wconf 78' lang='lat' dir='ltr'>repetendam</span> <span class='ocrx_word' id='word_1_114' title='bbox 838 1293 879 1331; x_wconf 76' lang='lat' dir='ltr'><strong><em>et</em></strong></span> <span class='ocrx_word' id='word_1_115' title='bbox 900 1292 1112 1341; x_wconf 72' lang='lat' dir='ltr'><strong><em>pisciculos</em></strong></span> <span class='ocrx_word' id='word_1_116' title='bbox 1141 1291 1207 1331; x_wconf 88' lang='lat' dir='ltr'><strong><em>vel</em></strong></span> <span class='ocrx_word' id='word_1_117' title='bbox 1237 1303 1387 1340; x_wconf 73' lang='lat' dir='ltr'><em>parvos</em></span> <span class='ocrx_word' id='word_1_118' title='bbox 1415 1294 1611 1340; x_wconf 73' lang='lat' dir='ltr'><em>serpentes</em></span> <span class='ocrx_word' id='word_1_119' title='bbox 1641 1303 1688 1329; x_wconf 83' lang='lat' dir='ltr'><strong><em>ea</em></strong></span> 
     </span>
    </p>
   </div>
   <div class='ocr_carea' id='block_1_9' title="bbox 97 1345 1687 1459">
    <p class='ocr_par' dir='ltr' id='par_1_11' title="bbox 97 1345 1687 1459">
     <span class='ocr_line' id='line_1_18' title="bbox 97 1345 1687 1400; baseline -0.001 -12"><span class='ocrx_word' id='word_1_120' title='bbox 97 1349 313 1400; x_wconf 77' lang='lat' dir='ltr'>significari</span> <span class='ocrx_word' id='word_1_121' title='bbox 342 1351 490 1399; x_wconf 77' lang='lat' dir='ltr'>censet,</span> <span class='ocrx_word' id='word_1_122' title='bbox 521 1349 576 1388; x_wconf 84' lang='lat' dir='ltr'><strong><em>M.</em></strong></span> <span class='ocrx_word' id='word_1_123' title='bbox 607 1348 856 1389; x_wconf 79' lang='lat' dir='ltr'><strong>Schmidtius</strong></span> <span class='ocrx_word' id='word_1_124' title='bbox 887 1348 1062 1400; x_wconf 78' lang='lat' dir='ltr'><strong>denique</strong></span> <span class='ocrx_word' id='word_1_125' title='bbox 1093 1348 1350 1389; x_wconf 84' lang='lat' dir='ltr'>scribendum</span> <span class='ocrx_word' id='word_1_126' title='bbox 1381 1349 1500 1399; x_wconf 74' lang='lat' dir='ltr'><strong>putat</strong></span> <span class='ocrx_word' id='word_1_127' title='bbox 1531 1345 1687 1386; x_wconf 87' lang='grc' dir='ltr'><strong><em>ε’λλοπι-</em></strong></span> 
     </span>
     <span class='ocr_line' id='line_1_19' title="bbox 99 1403 587 1459; baseline 0.006 -14"><span class='ocrx_word' id='word_1_128' title='bbox 99 1403 194 1455; x_wconf 79' lang='grc' dir='ltr'><strong><em>δέοις</em></strong></span> <span class='ocrx_word' id='word_1_129' title='bbox 226 1405 293 1459; x_wconf 80' lang='lat' dir='ltr'><strong><em>(ab</em></strong></span> <span class='ocrx_word' id='word_1_130' title='bbox 323 1403 587 1459; x_wconf 78' lang='grc' dir='ltr'><strong><em>ἕλλοπιδεύς).</em></strong></span> 
     </span>
    </p>
   </div>
   <div class='ocr_carea' id='block_1_10' title="bbox 308 1507 1011 1615">
    <p class='ocr_par' dir='ltr' id='par_1_12' title="bbox 308 1507 1011 1615">
     <span class='ocr_line' id='line_1_20' title="bbox 854 1507 1011 1551; baseline -0.025 -1"><span class='ocrx_word' id='word_1_131' title='bbox 854 1507 940 1551; x_wconf 88' lang='grc'><strong><em>409</em></strong></span> <span class='ocrx_word' id='word_1_132' title='bbox 1008 1544 1011 1546; x_wconf 74' lang='grc'><strong>,</strong></span> 
     </span>
     <span class='ocr_line' id='line_1_21' title="bbox 308 1564 560 1615; baseline -0.004 -6"><span class='ocrx_word' id='word_1_133' title='bbox 308 1564 560 1615; x_wconf 83' lang='grc' dir='ltr'><strong><em>ἑναύεσθαι</em></strong></span> 
     </span>
    </p>
   </div>
   <div class='ocr_carea' id='block_1_11' title="bbox 103 1646 1692 1806">
    <p class='ocr_par' dir='ltr' id='par_1_13' title="bbox 103 1646 1692 1806">
     <span class='ocr_line' id='line_1_22' title="bbox 218 1646 1692 1702; baseline -0.003 -13"><span class='ocrx_word' id='word_1_134' title='bbox 218 1650 390 1689; x_wconf 82' lang='lat' dir='ltr'><strong>Bekker.</strong></span> <span class='ocrx_word' id='word_1_135' title='bbox 422 1650 576 1690; x_wconf 81' lang='lat' dir='ltr'><strong>Anecd.</strong></span> <span class='ocrx_word' id='word_1_136' title='bbox 607 1652 672 1700; x_wconf 92' lang='lat'>13,</span> <span class='ocrx_word' id='word_1_137' title='bbox 706 1651 762 1689; x_wconf 82' lang='lat'><strong><em>20</em></strong></span> <span class='ocrx_word' id='word_1_138' title='bbox 792 1648 971 1690; x_wconf 80' lang='grc' dir='ltr'><strong><em>αὔεσθαι</em></strong></span> <span class='ocrx_word' id='word_1_139' title='bbox 1001 1654 1084 1702; x_wconf 81' lang='grc' dir='ltr'><strong><em>πῦρ</em></strong></span> <span class='ocrx_word' id='word_1_140' title='bbox 1115 1647 1183 1688; x_wconf 82' lang='grc' dir='ltr'><strong><em>καὶ</em></strong></span> <span class='ocrx_word' id='word_1_141' title='bbox 1221 1646 1445 1688; x_wconf 82' lang='grc' dir='ltr'><strong><em>ἕναύεσθαι</em></strong></span> <span class='ocrx_word' id='word_1_142' title='bbox 1478 1651 1519 1688; x_wconf 84' lang='grc'><strong><em>.“.</em></strong></span> <span class='ocrx_word' id='word_1_143' title='bbox 1543 1678 1552 1687; x_wconf 95' lang='grc'><strong><em>.</em></strong></span> <span class='ocrx_word' id='word_1_144' title='bbox 1585 1649 1692 1698; x_wconf 89' lang='grc' dir='ltr'><strong><em>Κρα-</em></strong></span> 
     </span>
     <span class='ocr_line' id='line_1_23' title="bbox 103 1705 480 1756; baseline 0 -9"><span class='ocrx_word' id='word_1_145' title='bbox 103 1710 213 1756; x_wconf 85' lang='grc' dir='ltr'><strong><em>τῖνος</em></strong></span> <span class='ocrx_word' id='word_1_146' title='bbox 244 1705 480 1747; x_wconf 81' lang='grc' dir='ltr'><strong><em>ἐναύεσθαι.</em></strong></span> 
     </span>
     <span class='ocr_line' id='line_1_24' title="bbox 857 1763 944 1806; baseline 0 -1"><span class='ocrx_word' id='word_1_147' title='bbox 857 1763 944 1806; x_wconf 88' lang='grc'><strong><em>410</em></strong></span> 
     </span>
    </p>
   </div>
   <div class='ocr_carea' id='block_1_12' title="bbox 312 1819 595 1877">
    <p class='ocr_par' dir='ltr' id='par_1_14' title="bbox 312 1819 595 1877">
     <span class='ocr_line' id='line_1_25' title="bbox 312 1819 595 1877; baseline 0.004 -14"><span class='ocrx_word' id='word_1_148' title='bbox 312 1819 595 1877; x_wconf 79' lang='grc' dir='ltr'><strong><em>ἐπιλησμονή</em></strong></span> 
     </span>
    </p>
   </div>
   <div class='ocr_carea' id='block_1_13' title="bbox 101 1897 1692 2244">
    <p class='ocr_par' dir='ltr' id='par_1_15' title="bbox 101 1897 1692 2244">
     <span class='ocr_line' id='line_1_26' title="bbox 217 1897 1692 1956; baseline -0.003 -12"><span class='ocrx_word' id='word_1_149' title='bbox 217 1905 849 1956; x_wconf 75' lang='lat' dir='ltr'><strong>Sch01.Aristoph.Nub.79o</strong></span> <span class='ocrx_word' id='word_1_150' title='bbox 869 1901 1026 1952; x_wconf 75' lang='grc' dir='ltr'><strong><em>’Ἄλεξις</em></strong></span> <span class='ocrx_word' id='word_1_151' title='bbox 1056 1902 1101 1942; x_wconf 82' lang='grc' dir='ltr'><strong><em>δὲ</em></strong></span> <span class='ocrx_word' id='word_1_152' title='bbox 1122 1897 1316 1954; x_wconf 79' lang='grc' dir='ltr'><strong><em>ἐπιλήσμη</em></strong></span> <span class='ocrx_word' id='word_1_153' title='bbox 1347 1900 1461 1953; x_wconf 86' lang='grc' dir='ltr'><strong><em>φησί.</em></strong></span> <span class='ocrx_word' id='word_1_154' title='bbox 1493 1903 1692 1953; x_wconf 86' lang='grc' dir='ltr'><strong><em>Κρατῖνος</em></strong></span> 
     </span>
     <span class='ocr_line' id='line_1_27' title="bbox 101 1957 1692 2014; baseline -0.003 -14"><span class='ocrx_word' id='word_1_155' title='bbox 101 1958 146 2000; x_wconf 82' lang='grc' dir='ltr'><strong><em>δὲ</em></strong></span> <span class='ocrx_word' id='word_1_156' title='bbox 177 1959 438 2014; x_wconf 78' lang='grc' dir='ltr'><strong><em>ἕπιλησμονή.</em></strong></span> <span class='ocrx_word' id='word_1_157' title='bbox 471 1964 528 2002; x_wconf 83' lang='lat' dir='ltr'><strong><em>Sic</em></strong></span> <span class='ocrx_word' id='word_1_158' title='bbox 558 1963 756 2002; x_wconf 85' lang='lat' dir='ltr'><strong><em>Abresch.</em></strong></span> <span class='ocrx_word' id='word_1_159' title='bbox 789 1963 881 2002; x_wconf 76' lang='lat' dir='ltr'><strong>Act.</strong></span> <span class='ocrx_word' id='word_1_160' title='bbox 914 1962 1084 2000; x_wconf 78' lang='lat' dir='ltr'><strong>Traiect.</strong></span> <span class='ocrx_word' id='word_1_161' title='bbox 1117 1962 1136 2000; x_wconf 95' lang='lat' dir='ltr'>I</span> <span class='ocrx_word' id='word_1_162' title='bbox 1168 1962 1266 2011; x_wconf 82' lang='lat'>229,</span> <span class='ocrx_word' id='word_1_163' title='bbox 1299 1957 1534 2011; x_wconf 78' lang='grc' dir='ltr'><strong><em>ε’πιλήσμονι</em></strong></span> <span class='ocrx_word' id='word_1_164' title='bbox 1563 1959 1692 1998; x_wconf 82' lang='lat' dir='ltr'>RAld.</span> 
     </span>
     <span class='ocr_line' id='line_1_28' title="bbox 102 2015 1691 2083; baseline -0.003 -25"><span class='ocrx_word' id='word_1_165' title='bbox 102 2016 402 2071; x_wconf 83' lang='grc' dir='ltr'><strong><em>ἒπιλησμοσύνη</em></strong></span> <span class='ocrx_word' id='word_1_166' title='bbox 435 2020 545 2060; x_wconf 83' lang='lat' dir='ltr'>Suid.</span> <span class='ocrx_word' id='word_1_167' title='bbox 579 2016 904 2071; x_wconf 79' lang='grc' dir='ltr'><strong><em>ἐπιλησμότατον.</em></strong></span> <span class='ocrx_word' id='word_1_168' title='bbox 936 2019 1170 2058; x_wconf 82' lang='lat' dir='ltr'>Dindorfius</span> <span class='ocrx_word' id='word_1_169' title='bbox 1202 2015 1471 2069; x_wconf 76' lang='grc' dir='ltr'><strong><em>ἐπιλησμόνη,</em></strong></span> <span class='ocrx_word' id='word_1_170' title='bbox 1504 2018 1638 2083; x_wconf 43' lang='lat' dir='ltr'><strong><em>u}</em></strong></span> <span class='ocrx_word' id='word_1_171' title='bbox 1596 2015 1691 2054; x_wconf 85' lang='grc' dir='ltr'><strong><em>δυσ-</em></strong></span> 
     </span>
     <span class='ocr_line' id='line_1_29' title="bbox 103 2071 1692 2145; baseline -0.003 -29"><span class='ocrx_word' id='word_1_172' title='bbox 103 2075 236 2129; x_wconf 85' lang='grc' dir='ltr'><strong><em>φρόνη</em></strong></span> <span class='ocrx_word' id='word_1_173' title='bbox 267 2079 308 2116; x_wconf 76' lang='lat' dir='ltr'><strong><em>et</em></strong></span> <span class='ocrx_word' id='word_1_174' title='bbox 338 2073 552 2145; x_wconf 50' lang='grc' dir='ltr'><strong><em>εὐφρόνηζ</em></strong></span> <span class='ocrx_word' id='word_1_175' title='bbox 589 2081 631 2118; x_wconf 74' lang='lat' dir='ltr'><strong><em>at</em></strong></span> <span class='ocrx_word' id='word_1_176' title='bbox 660 2077 880 2117; x_wconf 83' lang='lat' dir='ltr'>Herodian.</span> <span class='ocrx_word' id='word_1_177' title='bbox 913 2076 932 2115; x_wconf 95' lang='lat' dir='ltr'>I</span> <span class='ocrx_word' id='word_1_178' title='bbox 963 2077 1061 2125; x_wconf 89' lang='lat'>335,</span> <span class='ocrx_word' id='word_1_179' title='bbox 1094 2078 1117 2115; x_wconf 86' lang='lat'>7</span> <span class='ocrx_word' id='word_1_180' title='bbox 1150 2076 1276 2115; x_wconf 73' lang='lat' dir='ltr'><strong>Lentz</strong></span> <span class='ocrx_word' id='word_1_181' title='bbox 1307 2071 1478 2128; x_wconf 82' lang='grc' dir='ltr'><strong><em>περόνη,</em></strong></span> <span class='ocrx_word' id='word_1_182' title='bbox 1511 2071 1692 2126; x_wconf 82' lang='grc' dir='ltr'><strong><em>ευφρόνη</em></strong></span> 
     </span>
     <span class='ocr_line' id='line_1_30' title="bbox 103 2129 1690 2187; baseline -0.003 -13"><span class='ocrx_word' id='word_1_183' title='bbox 103 2131 172 2174; x_wconf 77' lang='grc' dir='ltr'><strong><em>καὶ</em></strong></span> <span class='ocrx_word' id='word_1_184' title='bbox 202 2129 412 2187; x_wconf 69' lang='grc' dir='ltr'><strong><em>Εὗφρόνη</em></strong></span> <span class='ocrx_word' id='word_1_185' title='bbox 464 2130 702 2183; x_wconf 81' lang='grc' dir='ltr'><strong><em>ὀξύνεται</em></strong></span> <span class='ocrx_word' id='word_1_186' title='bbox 731 2131 776 2173; x_wconf 83' lang='grc' dir='ltr'><strong><em>δὲ</em></strong></span> <span class='ocrx_word' id='word_1_187' title='bbox 806 2130 956 2186; x_wconf 73' lang='grc' dir='ltr'><strong><em>ἡδονή,</em></strong></span> <span class='ocrx_word' id='word_1_188' title='bbox 987 2136 1060 2184; x_wconf 81' lang='grc' dir='ltr'><strong><em>φλε</em></strong></span> <span class='ocrx_word' id='word_1_189' title='bbox 1063 2131 1213 2186; x_wconf 80' lang='grc' dir='ltr'><strong><em>γμονή,</em></strong></span> <span class='ocrx_word' id='word_1_190' title='bbox 1248 2131 1498 2184; x_wconf 82' lang='grc' dir='ltr'><strong><em>πλησμονή.</em></strong></span> <span class='ocrx_word' id='word_1_191' title='bbox 1557 2145 1690 2184; x_wconf 85' lang='grc' dir='ltr'><strong><em>.-χαρ</em></strong></span> 
     </span>
     <span class='ocr_line' id='line_1_31' title="bbox 102 2187 941 2244; baseline -0.001 -13"><span class='ocrx_word' id='word_1_192' title='bbox 102 2190 222 2244; x_wconf 86' lang='grc' dir='ltr'><strong><em>μονή.</em></strong></span> <span class='ocrx_word' id='word_1_193' title='bbox 254 2205 299 2231; x_wconf 86' lang='lat' dir='ltr'><strong><em>ac</em></strong></span> <span class='ocrx_word' id='word_1_194' title='bbox 329 2193 386 2232; x_wconf 79' lang='lat' dir='ltr'><strong><em>sic</em></strong></span> <span class='ocrx_word' id='word_1_195' title='bbox 416 2193 503 2233; x_wconf 87' lang='lat' dir='ltr'><strong><em>sine</em></strong></span> <span class='ocrx_word' id='word_1_196' title='bbox 534 2193 656 2233; x_wconf 88' lang='lat' dir='ltr'>dubio</span> <span class='ocrx_word' id='word_1_197' title='bbox 688 2187 941 2244; x_wconf 84' lang='grc' dir='ltr'><strong><em>ἐπιλησμονή.</em></strong></span> 
     </span>
    </p>
   </div>
   <div class='ocr_carea' id='block_1_14' title="bbox 313 2304 934 2417">
    <p class='ocr_par' dir='ltr' id='par_1_16' title="bbox 313 2304 934 2417">
     <span class='ocr_line' id='line_1_32' title="bbox 854 2304 934 2346; baseline 0 0"><span class='ocrx_word' id='word_1_198' title='bbox 854 2304 934 2346; x_wconf 89' lang='lat'><strong><em>411</em></strong></span> 
     </span>
     <span class='ocr_line' id='line_1_33' title="bbox 313 2361 549 2417; baseline 0.004 -13"><span class='ocrx_word' id='word_1_199' title='bbox 313 2361 549 2417; x_wconf 76' lang='grc' dir='ltr'><strong><em>ἐρρῶσθαι</em></strong></span> 
     </span>
    </p>
   </div>
   <div class='ocr_carea' id='block_1_15' title="bbox 102 2439 1694 2616">
    <p class='ocr_par' dir='ltr' id='par_1_17' title="bbox 102 2439 1694 2614">
     <span class='ocr_line' id='line_1_34' title="bbox 219 2439 1692 2510; baseline -0.005 -24"><span class='ocrx_word' id='word_1_200' title='bbox 219 2447 389 2486; x_wconf 84' lang='lat' dir='ltr'><strong>Bekker.</strong></span> <span class='ocrx_word' id='word_1_201' title='bbox 421 2446 573 2488; x_wconf 80' lang='lat' dir='ltr'><strong>Anecd.</strong></span> <span class='ocrx_word' id='word_1_202' title='bbox 607 2447 647 2495; x_wconf 80' lang='lat'>8,</span> <span class='ocrx_word' id='word_1_203' title='bbox 678 2448 703 2486; x_wconf 90' lang='lat'>3</span> <span class='ocrx_word' id='word_1_204' title='bbox 735 2445 776 2484; x_wconf 83' lang='grc' dir='ltr'><strong><em>οἱ</em></strong></span> <span class='ocrx_word' id='word_1_205' title='bbox 801 2443 936 2496; x_wconf 86' lang='grc' dir='ltr'><strong><em>μέντοι</em></strong></span> <span class='ocrx_word' id='word_1_206' title='bbox 962 2441 1135 2484; x_wconf 86' lang='grc' dir='ltr'><strong><em>Ἀττικοὶ</em></strong></span> <span class='ocrx_word' id='word_1_207' title='bbox 1166 2442 1240 2496; x_wconf 82' lang='grc' dir='ltr'><strong><em>τὴν</em></strong></span> <span class='ocrx_word' id='word_1_208' title='bbox 1269 2440 1497 2510; x_wconf 74' lang='grc' dir='ltr'><strong><em>ἀρρωστίαν</em></strong></span> <span class='ocrx_word' id='word_1_209' title='bbox 1527 2439 1592 2480; x_wconf 80' lang='grc' dir='ltr'><strong><em>ἐπὶ</em></strong></span> <span class='ocrx_word' id='word_1_210' title='bbox 1623 2441 1692 2480; x_wconf 85' lang='grc' dir='ltr'><strong><em>τοῦ</em></strong></span> 
     </span>
     <span class='ocr_line' id='line_1_35' title="bbox 102 2496 1694 2572; baseline -0.003 -30"><span class='ocrx_word' id='word_1_211' title='bbox 102 2501 157 2556; x_wconf 84' lang='grc' dir='ltr'><strong><em>μὴ</em></strong></span> <span class='ocrx_word' id='word_1_212' title='bbox 188 2505 497 2555; x_wconf 85' lang='grc' dir='ltr'><strong><em>προθυμεῖσθαι</em></strong></span> <span class='ocrx_word' id='word_1_213' title='bbox 524 2501 626 2556; x_wconf 77' lang='grc' dir='ltr'><strong><em>μηδὲ</em></strong></span> <span class='ocrx_word' id='word_1_214' title='bbox 656 2499 787 2555; x_wconf 85' lang='grc' dir='ltr'><strong><em>ὀρμαν</em></strong></span> <span class='ocrx_word' id='word_1_215' title='bbox 822 2502 969 2554; x_wconf 78' lang='grc' dir='ltr'><strong><em>πρᾶξαι</em></strong></span> <span class='ocrx_word' id='word_1_216' title='bbox 1005 2499 1183 2541; x_wconf 76' lang='grc' dir='ltr'><strong><em>τιθέασι·</em></strong></span> <span class='ocrx_word' id='word_1_217' title='bbox 1223 2499 1265 2540; x_wconf 87' lang='grc' dir='ltr'><strong><em>τὸ</em></strong></span> <span class='ocrx_word' id='word_1_218' title='bbox 1282 2499 1377 2572; x_wconf 75' lang='grc' dir='ltr'><strong><em>γὰρ</em></strong></span> <span class='ocrx_word' id='word_1_219' title='bbox 1414 2496 1694 2550; x_wconf 77' lang='grc' dir='ltr'><strong><em>ἀντικείμενον</em></strong></span> 
     </span>
     <span class='ocr_line' id='line_1_36' title="bbox 105 2553 1693 2616; baseline -0.004 -16"><span class='ocrx_word' id='word_1_220' title='bbox 105 2561 153 2616; x_wconf 80' lang='grc' dir='ltr'><strong><em>τῇ</em></strong></span> <span class='ocrx_word' id='word_1_221' title='bbox 187 2559 353 2616; x_wconf 82' lang='grc' dir='ltr'><strong><em>τοιαύτῃ</em></strong></span> <span class='ocrx_word' id='word_1_222' title='bbox 388 2557 588 2615; x_wconf 71' lang='grc' dir='ltr'><strong><em>ἀρρωστία</em></strong></span> <span class='ocrx_word' id='word_1_223' title='bbox 619 2562 814 2614; x_wconf 84' lang='grc' dir='ltr'><strong><em>Κρατῖνος</em></strong></span> <span class='ocrx_word' id='word_1_224' title='bbox 850 2556 962 2600; x_wconf 84' lang='grc' dir='ltr'><strong><em>εἶπεν</em></strong></span> <span class='ocrx_word' id='word_1_225' title='bbox 993 2557 1219 2613; x_wconf 75' lang='grc' dir='ltr'><strong><em>ἐρρωσθαι,</em></strong></span> <span class='ocrx_word' id='word_1_226' title='bbox 1257 2553 1345 2597; x_wconf 82' lang='grc' dir='ltr'><strong><em>οἷον</em></strong></span> <span class='ocrx_word' id='word_1_227' title='bbox 1373 2559 1693 2610; x_wconf 81' lang='grc' dir='ltr'><strong><em>προθυμεῖσθαι.</em></strong></span> 
     </span>
    </p>
   </div>
   <div class='ocr_carea' id='block_1_16' title="bbox 315 2672 943 2798">
    <p class='ocr_par' dir='ltr' id='par_1_18' title="bbox 315 2672 943 2798">
     <span class='ocr_line' id='line_1_37' title="bbox 315 2672 943 2798; baseline 0 -14"><span class='ocrx_word' id='word_1_228' title='bbox 315 2739 621 2798; x_wconf 83' lang='grc' dir='ltr'><strong><em>εὐζωρότερον</em></strong></span> <span class='ocrx_word' id='word_1_229' title='bbox 655 2672 943 2798; x_wconf 47' lang='grc' dir='ltr'><strong><em>(εὔζωροίέ2</em></strong></span> 
     </span>
    </p>
   </div>
   <div class='ocr_carea' id='block_1_17' title="bbox 107 2819 1695 2993">
    <p class='ocr_par' dir='ltr' id='par_1_19' title="bbox 107 2819 1695 2993">
     <span class='ocr_line' id='line_1_38' title="bbox 221 2819 1695 2878; baseline -0.003 -14"><span class='ocrx_word' id='word_1_230' title='bbox 221 2825 437 2876; x_wconf 84' lang='lat' dir='ltr'><strong>Phrynich.</strong></span> <span class='ocrx_word' id='word_1_231' title='bbox 469 2825 552 2866; x_wconf 83' lang='lat' dir='ltr'>Ecl.</span> <span class='ocrx_word' id='word_1_232' title='bbox 587 2826 668 2865; x_wconf 87' lang='lat'><strong><em>145</em></strong></span> <span class='ocrx_word' id='word_1_233' title='bbox 700 2820 914 2878; x_wconf 83' lang='grc' dir='ltr'><strong><em>ζωρότερον</em></strong></span> <span class='ocrx_word' id='word_1_234' title='bbox 944 2820 965 2864; x_wconf 84' lang='grc' dir='ltr'>ὃ</span> <span class='ocrx_word' id='word_1_235' title='bbox 995 2821 1185 2875; x_wconf 83' lang='grc' dir='ltr'><strong><em>ποιητής·</em></strong></span> <span class='ocrx_word' id='word_1_236' title='bbox 1227 2820 1278 2862; x_wconf 85' lang='grc' dir='ltr'><strong><em>σὺ</em></strong></span> <span class='ocrx_word' id='word_1_237' title='bbox 1311 2819 1354 2862; x_wconf 81' lang='grc' dir='ltr'><strong><em>δὲ</em></strong></span> <span class='ocrx_word' id='word_1_238' title='bbox 1392 2819 1478 2874; x_wconf 80' lang='grc' dir='ltr'><strong><em>λέγε</em></strong></span> <span class='ocrx_word' id='word_1_239' title='bbox 1520 2819 1695 2873; x_wconf 72' lang='grc' dir='ltr'><strong><em>εὔζωρον</em></strong></span> 
     </span>
     <span class='ocr_line' id='line_1_39' title="bbox 107 2877 1689 2935; baseline -0.003 -15"><span class='ocrx_word' id='word_1_240' title='bbox 107 2879 290 2934; x_wconf 78' lang='grc' dir='ltr'><strong><em>κέρασον,</em></strong></span> <span class='ocrx_word' id='word_1_241' title='bbox 320 2880 389 2921; x_wconf 82' lang='grc' dir='ltr'><strong><em>καὶ</em></strong></span> <span class='ocrx_word' id='word_1_242' title='bbox 418 2878 694 2935; x_wconf 76' lang='grc' dir='ltr'><strong><em>εὐζωρότερον,</em></strong></span> <span class='ocrx_word' id='word_1_243' title='bbox 717 2879 772 2930; x_wconf 83' lang='grc' dir='ltr'><strong><em>ὡς</em></strong></span> <span class='ocrx_word' id='word_1_244' title='bbox 790 2879 1081 2935; x_wconf 81' lang='grc' dir='ltr'><strong><em>Ἀριστοφάνης</em></strong></span> <span class='ocrx_word' id='word_1_245' title='bbox 1101 2878 1169 2920; x_wconf 83' lang='grc' dir='ltr'><strong><em>καὶ</em></strong></span> <span class='ocrx_word' id='word_1_246' title='bbox 1190 2881 1388 2934; x_wconf 81' lang='grc' dir='ltr'><strong><em>Κρατῖνος</em></strong></span> <span class='ocrx_word' id='word_1_247' title='bbox 1411 2877 1479 2919; x_wconf 82' lang='grc' dir='ltr'><strong><em>καὶ</em></strong></span> <span class='ocrx_word' id='word_1_248' title='bbox 1498 2877 1689 2926; x_wconf 77' lang='grc' dir='ltr'><strong><em>Εὔπολις.</em></strong></span> 
     </span>
     <span class='ocr_line' id='line_1_40' title="bbox 107 2940 811 2993; baseline 0.003 -14"><span class='ocrx_word' id='word_1_249' title='bbox 107 2940 234 2980; x_wconf 81' lang='lat' dir='ltr'><strong>Arist.</strong></span> <span class='ocrx_word' id='word_1_250' title='bbox 266 2940 376 2982; x_wconf 84' lang='lat' dir='ltr'>Ecel.</span> <span class='ocrx_word' id='word_1_251' title='bbox 410 2941 502 2980; x_wconf 80' lang='lat'>137.</span> <span class='ocrx_word' id='word_1_252' title='bbox 537 2940 680 2993; x_wconf 78' lang='lat' dir='ltr'>Eupol.</span> <span class='ocrx_word' id='word_1_253' title='bbox 713 2941 811 2981; x_wconf 88' lang='grc'><strong><em>382.</em></strong></span> 
     </span>
    </p>
   </div>
  </div>
 </body>
</html>
