1872 3224
176 187 260 230 418
780 182 1175 218 ΑΡΙΣΤΟΦΑΝΟΤΣ

179 290 423 344 ὀπτωμενος·
456 290 608 344 γίνεται
645 287 690 328 δὲ
719 303 959 341 παραμηκης
989 286 1056 327 καὶ
1085 286 1336 340 γαστρώὸης.
1368 290 1496 329 recte:
1529 302 1642 331 nam
1654 305 1759 344 quae

178 352 299 391 obolo
330 352 507 391 veneunt
537 349 726 388 dicuntur
756 343 953 398 ὀβολιαῐα.
985 347 1034 387 cf.
1066 346 1244 386 Lobeck.
1275 347 1427 398 Phryn.
1459 347 1614 400 550sq.

929 458 1011 501 104

360 540 532 595 ὥσπερ
564 540 799 583 κυλικείου
830 538 1080 582 τούθόνιον
1110 539 1437 595 προπέπταται.

292 626 523 665 Athenaeus
557 627 622 674 11,
654 624 775 665 460d
804 625 1008 663 κυλικεῖον
1037 622 1192 676 εἴρηται
1221 619 1247 675 ἡ
1277 628 1361 662 τῶν
1389 623 1592 678 ποτηρίων
1621 634 1758 667 σκευο-

176 680 287 734 θήκη
331 680 440 735 παρὰ
476 679 755 734 Ἀριστοφάνει
794 679 839 720 ἐν
878 682 1076 748 Γεωργοῖς
1113 683 1195 721 κτλ.
1241 681 1412 722 fortasse
1449 682 1571 724 facies
1600 683 1758 736 puellae

174 741 447 792 significatur,
487 741 612 780 linteo
644 740 804 780 obtecta
842 741 890 779 ut
920 740 1136 779 armarium
1167 752 1390 790 cauponae,
1431 740 1474 780 in
1502 753 1583 792 quo
1613 741 1759 827 pocula

174 799 504 838 adservabantur.
1849 774 1872 839 ξ’

927 887 1010 930 105

382 971 427 1011 εἴ
452 965 495 1023 γ’
532 966 869 1023 ἐγκιλικίσαιμ’,
901 965 1163 1023 ἐξολοίμην,
1197 967 1317 1022 φαθὶ
1348 967 1509 1024 λέγων.

289 1052 518 1092 Priscianus
543 1054 615 1101 18,
639 1053 721 1092 303
744 1049 854 1101 φαθὶ
873 1048 1012 1103 λέγων.
1045 1045 1339 1103 Ἀριστοφάνης
1362 1051 1559 1106 Γεωργοῖς
1578 1052 1661 1093 κτλ.
1691 1054 1755 1095 ὑι-

173 1111 388 1149 veniuntur
408 1114 442 1149 et
464 1111 588 1149 nostri
608 1111 860 1150 abundantia
879 1112 1042 1154 utentes,
1064 1115 1109 1148 ut
1128 1109 1281 1158 loquere
1300 1111 1446 1161 dicens,
1476 1114 1511 1151 et
1529 1111 1642 1152 stude
1653 1123 1755 1162 pro-

166 1180 330 1217 perans,
351 1171 385 1206 et
404 1169 564 1207 similia.
597 1165 639 1206 εἴ
653 1163 692 1219 γ’
717 1162 1153 1220 ἐγκιλικίσαιμ’Β8ι·31ι.
1157 1163 1173 1220 ]
1191 1167 1484 1207 circkiaMAM.
1507 1172 1623 1207 ΕΙΓΕ
1647 1171 1756 1206 ΚῙΜ-

173 1228 416 1263 ΚΙΑΣΑΙΜΑ
447 1225 501 1273 L,
540 1223 711 1271 κιλικίας
749 1224 846 1275 διμα
878 1224 922 1264 O
972 1224 1130 1275 reliqua
1159 1224 1254 1264 vide
1283 1225 1327 1264 in
1365 1225 1458 1269 adn.
1489 1225 1658 1267 Hertzii.
1709 1239 1758 1266 ex

173 1283 215 1321 M
245 1283 297 1322 H.
329 1282 464 1321 Iacobi
495 1279 551 1336 (V
573 1295 614 1332 p.
637 1282 802 1322 CXXIX
832 1285 874 1322 et
901 1283 969 1331 60,
1000 1282 1063 1321 cd.
1093 1282 1189 1321 min.
1208 1282 1335 1333 praef.
1357 1282 1433 1335 XI)
1462 1277 1756 1336 Ἀριστοφάνης

174 1341 372 1393 Γεωργοῖς
403 1338 565 1391 εἴρηκεν
595 1335 699 1378 εἀλλ’
723 1336 940 1391 ἐξολοίμην,
964 1335 1073 1405 φαθὶ
1093 1335 1248 1391 λέγων’.
1280 1342 1324 1379 at
1344 1340 1476 1381 dicere
1496 1340 1756 1393 ‘dispeream’

172 1411 253 1437 non
294 1397 411 1437 facile
452 1398 666 1448 quisquam
707 1398 872 1436 iubetur
908 1397 988 1437 nisi
1018 1397 1156 1436 addita
1185 1397 1438 1447 condicione,
1476 1411 1556 1450 qua
1583 1400 1758 1440 mortem

173 1455 282 1494 obire
312 1456 477 1506 paratus
509 1455 575 1497 sit.
607 1455 654 1494 de
685 1455 810 1495 verbo
841 1452 1092 1507 ἕγκιλικίζειν
1121 1455 1173 1495 cf.
1205 1454 1388 1495 Pherecr.
1423 1457 1518 1496 166.
1564 1456 1631 1497 hio
1659 1454 1758 1508 quid

173 1512 397 1564 significare
429 1513 559 1563 possit
587 1513 743 1564 neseio,
784 1526 913 1563 neque
942 1512 1110 1564 Bergkii
1141 1512 1382 1562 coniectura,
1423 1526 1664 1565 quamquam
1693 1514 1756 1554 in-

171 1571 492 1621 geniosissimam
523 1570 622 1609 dicit
650 1570 853 1623 Hertzius,
883 1582 1047 1610 versum
1078 1571 1263 1609 sanatum
1293 1583 1380 1610 esse
1410 1570 1544 1611 credo.

929 1682 1009 1725 106

379 1762 567 1817 καχέτας
596 1762 672 1804 καὶ
701 1762 972 1818 Μεγακλέας
1002 1761 1078 1805 καὶ
1106 1760 1341 1818 μαλακούς

288 1845 434 1886 Suidas
461 1842 599 1896 Ἀτρέα
630 1842 698 1884 καὶ
729 1843 911 1884 καθόλου
941 1842 1010 1894 τὰς
1031 1841 1111 1884 ἀπὸ
1132 1844 1212 1885 τῶν
1231 1845 1288 1893 εἰς
1310 1847 1379 1892 ενς
1401 1845 1608 1902 συμφωνφ
1627 1861 1755 1901 παρα-

172 1900 403 1955 ληγομένων
418 1900 638 1950 αἰτιατικὰς
654 1901 904 1954 μηκύνουσι,
936 1901 1006 1951 τὰς
1028 1899 1073 1942 δὲ
1099 1900 1287 1956 καθαρὰς
1316 1908 1386 1943 τοῦ
1414 1906 1485 1950 εἷς
1515 1910 1755 1959 συναιροῦσι

171 1965 246 2011 χοα
274 1958 342 1999 καὶ
359 1961 505 2011 Μηλιᾶ
522 1959 589 2000 καὶ
609 1962 798 2004 Σουνιά,
855 1958 930 2000 .τὸ
944 1959 1020 2014 γὰρ
1041 1958 1269 2000 συστέλλειν
1287 1957 1443 2000 Ἰακόν·
1462 1956 1754 2015 Ἀριστοφάνης

172 2018 370 2069 Γεωργοῖς
400 2020 482 2058 κτλ.
514 2019 769 2059 Hermannus
800 2017 1033 2070 κατεύχεται
1061 2016 1130 2058 καὶ
1150 2015 1391 2071 Μεγακλέας
1411 2017 1480 2058 καὶ
1501 2017 1753 2071 μαλθακούς,

171 2075 374 2114 hominem
404 2076 680 2116 rusticationis
701 2077 928 2116 studiosum
959 2077 1039 2117 dici
1059 2076 1306 2126 existimans,
1336 2076 1624 2130 Bernhardyus
1642 2074 1754 2117 κατέ-

170 2141 265 2183 χεσα
286 2130 354 2171 καὶ
375 2130 597 2201 Μεγακλέα
618 2129 956 2185 κᾶλκμαιωνίδας,
987 2136 1028 2174 et
1052 2147 1171 2175 versu
1192 2134 1339 2174 vitioso
1360 2136 1403 2174 οι
1423 2135 1595 2186 syntaxi,
1627 2134 1753 2188 Berg-

170 2190 262 2229 kius
292 2213 317 2231 υ
339 2226 364 2231 -
393 2188 600 2241 Λάχητας,
633 2188 874 2243 Μεγακλέας
903 2189 971 2230 καὶ
1000 2189 1237 2243 Λαμάχους.
1285 2193 1328 2231 ιιι
1360 2191 1504 2232 Suidas
1536 2193 1756 2233 accusativi

174 2247 392 2298 singularis
426 2248 597 2287 formam
632 2248 843 2298 inlustrat,
881 2261 965 2288 non
994 2249 1175 2300 pluralis.
1206 2271 1233 2290 υ
1256 2285 1279 2290 ..
1311 2247 1497 2301 Λάχητα,
1537 2245 1755 2315 Μεγακλέα

170 2302 342 2351 κάλλους
371 2327 397 2344 υ
421 2305 698 2345 Dindorfius
727 2306 840 2345 Poet.
875 2319 980 2346 scen.
1001 2320 1041 2357 p.
1066 2308 1157 2346 197
1197 2306 1368 2346 fortasse
1395 2303 1538 2361 (μισῶ)
1569 2302 1751 2358 Λάχητα,

172 2359 391 2414 Μεγακλέα
421 2360 488 2400 καὶ
524 2360 736 2414 Λάμαχον.
788 2366 830 2402 ει
858 2364 1012 2404 Laches
1048 2363 1209 2414 quidem
1244 2365 1364 2404 notus
1395 2364 1460 2403 vel
1489 2377 1538 2404 ex
1567 2364 1752 2405 Platonis

171 2419 345 2470 dialogo,
375 2420 604 2460 Lamachus
633 2433 681 2460 cx
702 2421 1040 2469 Acharnensibus‚
1071 2421 1278 2471 magadas,
1318 2434 1409 2482 cum
1429 2421 1630 2462 Lamacho
1660 2434 1752 2462 con-

169 2477 330 2516 iunctus
362 2477 483 2516 etiam
514 2478 613 2518 Ach.
644 2479 740 2527 614,
770 2491 820 2518 ex
848 2478 1028 2518 Nubium
1056 2477 1240 2529 prologo.

922 2591 1001 2633 107

344 2668 389 2719 ἐξ
421 2667 580 2719 ἄστεος
610 2672 701 2711 νῦν
730 2670 795 2720 εἰς
825 2667 970 2726 άγρὸν
1000 2671 1238 2725 χωρῶμεν·
1272 2665 1505 2725 ὦςπάλαι
1535 2669 1610 2712 δεῖ

341 2733 458 2791 ἡμᾶς
489 2738 586 2779 ἐκεῖ
609 2735 651 2779 ’ν
687 2741 749 2795 τῷ
780 2739 952 2795 χαλκίῳ
981 2738 1288 2793 λελουμένους
1317 2736 1566 2794 σχολάζειν.

285 2819 430 2858 Pollux
469 2822 515 2868 9,
555 2822 608 2859 69
655 2820 819 2871 χαλκίον
855 2851 866 2862 .
900 2851 909 2860 .
945 2851 955 2860 .
993 2817 1039 2860 ἐν
1081 2823 1164 2868 τοῖς
1197 2817 1512 2874 Ἀριστοφάνους
1551 2821 1750 2874 Γεωργοῖς

171 2875 310 2926 σαφῶς
351 2874 415 2914 ἐπὶ
450 2878 620 2929 λουτροῦ
656 2876 866 2930 εἰρημένον
902 2880 984 2918 κτλ.
1033 2875 1173 2925 ἄστεος
1195 2900 1248 2907 -
1269 2878 1338 2918 δεῖ
1349 2901 1408 2908 -—
1433 2877 1580 2932 χαλκίῳ
1616 2880 1750 2918 λελου-
