1872 3224
517 186 746 222 APAMATA
771 190 806 224 H
830 192 1016 230 ΝῙοΒοΣ
1063 198 1292 234 APAMATA
1603 208 1687 251 465

60 284 232 326 &buius
263 287 375 326 exitu
404 289 566 329 videtur
605 293 795 334 excidisse
832 294 1005 340 πάντα.
1044 315 1118 352 pro
1147 302 1357 356 γενόμενος
1387 308 1554 350 fortasse
1584 314 1684 352 scri-

60 341 296 414 gyhmdum
333 343 620 411 φερύμενος.
660 351 708 390 de
738 351 951 417 ‘Cycloboro
989 358 1038 397 of.
1068 359 1142 412 Eq.
1183 363 1263 401 137
1294 366 1333 403 et
1362 365 1412 404 fr.
1446 368 1540 416 636,
1580 370 1683 419 quod

116 411 167 441 ex
195 397 329 442 Nmbo
358 405 536 453 petitum
566 419 654 446 esse
684 412 871 459 opinatur
900 412 1142 457 Dindorfius.

869 545 955 589 284

48 655 61 685 2
157 673 168 690 ⁷
235 619 370 661 Schol.
402 622 544 691 Eurisp.
576 623 727 665 Phoen.
754 628 833 666 159
865 627 953 680 περὶ
982 627 1026 669 δὲ
1056 637 1126 671 τοῦ
1154 631 1335 686 πλήθους
1366 644 1446 679 τῶν
1475 642 1682 693 Νιοβιδῶν

114 675 241 747 αυτός
287 689 419 744 φησιη
445 680 674 734 Ευριπίδης
712 681 757 722 ἐν
791 683 1047 742 Κρεσφόντῃ·
1087 689 1153 730 καὶ
1189 691 1250 740 δὶς
1289 691 1373 733 ἕπτ’
1414 694 1536 750 αὐτῆς
1567 698 1681 739 τέκνα

2 741 6 744 ’
38 745 43 766 5
86 734 277 806 [Nfflff'ss'
307 738 492 776 θανοντα
519 738 675 788 Λοξίου
705 740 953 794 τοξεύμασιν.
985 742 1127 796 ὁμοίως
1157 747 1224 788 καὶ
1254 748 1450 803 Αἰσχύλος
1481 753 1524 794 ἐν
1545 756 1681 813 Νιόβῃ

72 808 90 854 1³
113 790 183 832 καὶ
214 793 503 847 Αριστοφάνης
520 793 578 861 ἱδὲ
610 795 653 837 ἐν
686 797 897 851 Δράμασιν
925 798 954 853 ἢ
985 799 1123 858 Νιόβῳ
1154 802 1295 857 ὁμοίως
1326 806 1364 857 ζ’
1393 808 1517 860 αὐτὰς
1547 813 1679 866 λέγου-

112 859 193 903 ow„
221 845 327 891 εἶναι
357 850 405 894 δὲ
436 851 535 893 ἑπτα
564 854 631 895 καὶ
659 855 753 904 ’τοὺς
783 853 966 911 ἄρρενας.
999 858 1044 900 ἒν
1065 861 1276 914 Δράμασιν
1304 862 1332 917 ἢ
1352 867 1492 920 Νιόβω
1523 870 1676 925 Dindf.]

114 905 160 948 ἒν
189 907 363 962 δράματι
394 909 568 964 Νιόβης.
1467 910 1476 923 ’

868 1006 951 1049 285

293 1102 307 1112 ,
319 1058 486 1109 καττύς

227 1138 441 1193 δερμάτιον
479 1139 738 1195 ἐντιθέμενον
775 1150 823 1200 τῇ
862 1146 1029 1201 σμινύη,
1071 1145 1171 1188 ὅταν
1206 1146 1228 1189 ὅ
1263 1149 1437 1204 στέλεχος
1473 1150 1609 1206 ἀραιὸς
1639 1150 1677 1210 ᾗ.

110 1194 182 1236 καὶ
211 1195 294 1237 ἔστι
324 1197 504 1251 τοῦνομα
535 1198 581 1240 ἐν
610 1204 692 1249 τοῖς
720 1198 1033 1254 Ἀριστοφάνους
1067 1202 1276 1258 Δράμασιν
1304 1206 1333 1260 ἢ
1353 1206 1506 1265 Νιόβῳ.
1537 1212 1678 1252 Pollux

115 1256 182 1305 10,
215 1257 312 1297 166.
344 1262 393 1312 τῇ
423 1255 592 1313 σμινύη]
634 1256 859 1312 εσμινύηςῗ
899 1275 949 1301 an
980 1260 1024 1301 ἐν
1053 1263 1253 1319 σμινύῃῬ’
1304 1267 1469 1307 Bekker.
1506 1269 1676 1320 Hesych.

6 1361 22 1370 ω
110 1308 282 1352 καττύν·
312 1310 541 1368 άπότριμμα
573 1315 796 1370 δερματίου.
829 1319 997 1359 Photius
1027 1334 1174 1360 καττυν
1201 1321 1312 1378 (810)·
1343 1320 1564 1376 ἆπότριμμα
1593 1325 1676 1379 δερ·

0 1382 25 1412 ³1-
107 1369 252 1439 ματιόυ
282 1370 532 1424 βαλλόμενον
562 1374 618 1422 εἰς
651 1373 723 1426 τὴν
746 1375 967 1427 ι-στειλειάν,
993 1373 1099 1418 ὅταν
1126 1377 1179 1430 μὴ
1211 1380 1370 1434 σφίγγῃ.
1402 1382 1451 1422 ef.
1482 1381 1676 1433 καττύειν,

107 1442 301 1480 καττυμα.

227 1498 290 1538 Of.
323 1502 537 1550 praeterea
566 1501 616 1541 fr.
650 1503 745 1542 939.

790 1628 1020 1662 APAMATA

858 1718 942 1761 286

310 1791 412 1838 ἀλλ’
447 1794 637 1852 εὔχομαι
664 1794 789 1852 ’γωγ’
822 1797 1008 1841 ἑλκύσαι
1038 1810 1089 1841 σε
1118 1798 1198 1841 τὸν
1228 1799 1383 1854 ζυγόν,

311 1864 389 1907 ἵνα
418 1866 481 1922 μή
510 1880 566 1921 με
595 1866 942 1922 προσπράττωσι
970 1871 1119 1922 γραῦν
1149 1867 1196 1909 οἱ
1221 1867 1448 1924 φράτερες.

221 1959 355 2000 Schol.
397 1960 498 2000 Ran.
541 1962 621 2001 798
660 1963 773 2012 μεῖον
808 1959 962 2014 λέγουσι
1003 1959 1094 2008 τοὺς
1138 1957 1240 2014 ὑπὲρ
1276 1961 1356 2001 τῶν
1391 1961 1495 2002 υἱῶν
1529 1962 1584 2010 εἰς
1624 1957 1671 2002 τά

115 2015 358 2070 Απατούρια
394 2015 458 2065 ὄις
488 2013 569 2057 ὑπὸ
609 2022 690 2057 τῶν
717 2016 898 2070 πατέρων
925 2015 1247 2070 εἰσφερομένους.
1286 2016 1353 2058 διὰ
1384 2017 1427 2059 τὸ
1457 2017 1673 2070 ἐπιφωνεῖν

105 2071 202 2136 Ξοὺς
241 2073 446 2128 φράτορας
485 2072 548 2114 ἐπὶ
584 2080 657 2115 τοῦ
687 2078 872 2125 σταθμοῦ
908 2080 979 2115 τοῦ
1015 2074 1175 2128 ἱερείου,
1213 2078 1325 2126 μεῖον
1362 2079 1486 2127 μεῖον.
1538 2074 1597 2115 ὅτι
1626 2074 1670 2116 δὲ

105 2140 261 2184 ιστατο,
288 2129 579 2186 Ἀριστοφάνης
610 2131 654 2172 ἐν
688 2131 874 2184 Δράμασι
902 2128 1112 2184 δεδήλωκε.
1153 2137 1268 2172 τοῦτο
1297 2130 1342 2172 δὲ
1361 2131 1541 2185 κέκληται
1571 2147 1668 2173 κου-

103 2192 217 2238 ρεῖον
244 2185 326 2230 άπὸ
356 2195 438 2230 τῶν
466 2186 625 2241 κούρων
653 2186 753 2239 ὑπὲρ
784 2184 843 2230 οἷν
874 2188 1027 2243 ἐθύετο,
1064 2193 1177 2242 μεῖον
1213 2186 1258 2229 δὲ
1286 2187 1353 2229 διὰ
1382 2188 1455 2242 τὴν
1484 2204 1667 2243 πορειρη-

101 2243 230 2299 μένην
259 2247 406 2288 αἰτίαν.
439 2247 506 2288 καὶ
537 2243 742 2298 ἐπιζήμιόν
772 2262 808 2286 τι
838 2251 922 2295 τοῖς
951 2242 1071 2300 ἧττον
1100 2245 1328 2299 εἰσάγουσιν
1346 2244 1559 2286 άπεδέδοτο
1611 2250 1666 2288 sic

104 2304 190 2345 cod.
221 2303 268 2343 Θ.
301 2307 425 2345 ceteri
456 2302 732 2355 άπεδέδοκτο),
763 2300 949 2358 καθάπερ
979 2300 1100 2352 αὐτός
1122 2315 1247 2356 φησιν
1271 2300 1560 2355 Ἀριστοφάνης
1581 2301 1666 2343 αλλ’

102 2358 272 2414 εὔχομαι
300 2365 381 2402 κτλ.
404 2358 522 2415 ”γωγ’
554 2359 763 2416 Dindorf]
794 2360 923 2415 ἔγωγε.
962 2360 1143 2414 ἑλκύσαι]
1166 2358 1335 2413 ἆγκύσαι
1356 2360 1406 2401 Θ.
1443 2360 1503 2412 σε]
1535 2370 1608 2399 σου
1619 2361 1666 2399 V.

103 2417 226 2472 ζυγόν
261 2420 432 2471 Raspius
469 2421 614 2470 Eupol.
659 2415 761 2471 Δήμ.
802 2421 866 2459 75.
917 2420 966 2461 cf.
997 2420 1096 2459 Rau.
1140 2419 1260 2458 1365.
1301 2416 1428 2470 1381]
1467 2413 1665 2483 σφυγμόν.

101 2475 287 2528 σταθμόν
314 2477 554 2518 Brunckius.
654 2478 693 2519 2.
724 2475 1044 2529 προσπράττωσι]
1082 2473 1348 2528 προστάττωσι
1376 2474 1425 2512 V.
1476 2487 1664 2526 φρατερες

96 2531 312 2587 ¹Dindorfl]
345 2533 552 2587 φράτορες.
600 2535 649 2574 cf.
682 2534 759 2584 Eq.
793 2535 888 2575 255.
934 2535 1009 2573 Av.
1044 2534 1164 2572 1669.
1208 2532 1306 2570 Ran.
1345 2532 1442 2570 418.
1486 2531 1664 2570 Philemo

105 2592 187 2630 112
218 2591 344 2631 Burn.
376 2592 543 2632 Bekker.
574 2592 725 2631 Anecd.
759 2592 852 2630 992.
892 2590 1105 2630 Herodian.
1136 2589 1156 2627 I
1186 2590 1253 2637 47,
1284 2588 1351 2626 24.
1390 2588 1458 2636 49,
1488 2590 1525 2626 6.
1567 2589 1661 2635 410,

104 2649 172 2688 29.
202 2648 244 2687 Π
276 2650 371 2699 747,
395 2651 432 2689 9.
465 2650 514 2689 de
545 2662 655 2688 sacro
685 2648 791 2699 quod
820 2650 934 2699 μεῖον
963 2647 1167 2686 dicebatur
1197 2645 1246 2684 cf.
1277 2646 1431 2695 praeter
1461 2644 1559 2683 Ran.
1582 2645 1662 2683 798

103 2704 369 2748 Schoemann.
399 2706 539 2757 Antiq.
571 2703 653 2757 gr.²
682 2705 723 2744 II
754 2706 849 2744 522.
891 2704 986 2755 quid
1017 2704 1070 2743 sit
1097 2706 1227 2754 γραῦν
1255 2702 1399 2741 nescio.
1439 2701 1517 2740 nisi
1541 2700 1582 2740 id
1612 2713 1658 2739 ex

103 2762 160 2802 eis
192 2760 295 2814 qnae
335 2764 570 2803 exciderunt
598 2762 926 2814 intellegebatur,
960 2760 1207 2800 scribendum
1238 2759 1414 2798 arbitror
1442 2755 1663 2809 προσπράτ·

102 2816 217 2858 τωσ’
249 2816 641 2874 ἕτερον’(ίερεΐον).
675 2821 725 2860 ad
744 2819 919 2859 Niobum
940 2819 1034 2857 haec
1054 2818 1094 2856 et
1113 2816 1227 2855 litem
1244 2815 1453 2866 Sophoclis
1474 2828 1562 2854 cum
1583 2814 1665 2853 filio

103 2877 211 2927 apud
240 2878 450 2928 phrateres
481 2879 670 2918 videntur
698 2877 911 2928 pertinere.

170 2947 285 2975 Comici
307 2949 423 2983 graeei,
443 2949 490 2977 ed.
509 2949 570 2976 Th.
588 2948 704 2975 Kook.
729 2948 753 2974 1.
1351 2940 1395 2971 30
