1872 3224
698 182 913 220 ΓΕῼΡΓΟΙ
941 188 1104 223 ΓΗΡΑΣ
1601 197 1683 242 423

95 280 193 316 ‘mm
217 281 246 323 d
263 276 493 336 -ἆρχηγέτης
515 285 814 330 Aexonensium
842 293 938 344 pagi
967 295 1007 334 et
1029 295 1151 346 Soph.
1175 296 1255 338 OC.
1279 301 1333 340 60
1362 296 1530 353 ἀρχηγὸς
1552 304 1680 343 Κολω-

72 341 571 442 ζὲἐῐξρῗηῑηθωοτὸὴητ.
610 350 823 388 narramur
852 363 951 401 quae
981 365 1084 393 unus
1114 367 1161 394 ex
1190 357 1351 398 senibus
1383 359 1681 402 lascivientibus

22 465 33 517 ².
802 474 891 519 127.
925 475 1003 518 128

869 560 1094 612 πτωχικοῦ
1123 559 1381 615 βακτηρίου.

320 617 547 674 βακτηρία
579 620 629 663 δὲ
659 621 828 676 Περσὶς
858 621 957 667 ἀντὶ
988 626 1234 684 καμπύλης.

28 718 89 753 ²5³
225 697 371 740 Pollux
403 703 470 752 10,
505 705 585 743 173
617 702 662 744 ἐν
693 706 731 743 Γ
727 701 826 761 ήρα·
857 721 922 748 πτ.
954 709 995 761 β,
1027 708 1094 749 καὶ
1121 711 1314 764 βακτηρία
1342 712 1387 751 δὲ
1415 717 1494 754 κτλ.
1533 729 1675 768 πτωχι-

26 753 90 810 ξ’,
106 760 188 796 ποῦ’
215 755 438 812 βακτηρίου
468 761 570 801 Ach.
603 763 708 813 448,
757 765 826 804 sed
857 766 1046 807 facillime
1081 768 1227 808 eisdem
1265 771 1427 811 vocibus
1456 772 1498 812 in
1527 773 1677 815 duabus

36 816 330 871 Ι,’.ᾒ’-ἀωιι(>θᾶὶίε,
368 819 428 858 uti
469 822 643 870 poterat.
703 835 778 872 pro
817 823 983 865 incurvo
1020 826 1258 866 rusticorum
1299 829 1508 868 hominum.
1538 831 1676 871 baculo

108 884 225 914 senes
253 873 336 914 iam
365 875 594 931 Persicum,
625 880 732 930 quod
761 883 848 920 erat
888 882 1199 934 elegantiorum,
1237 885 1449 926 adscivisse
1479 888 1674 928 dicuntur.

25 929 47 960 -²
107 929 248 983 Etym.
278 945 334 971 m.
371 935 465 984 185,
499 936 553 975 56
582 935 800 989 βακτηρία,
830 935 884 990 ἣν
914 936 1083 979 ἐκάλουν
1112 936 1263 993 ὀρθήν.
1302 940 1472 995 ἐχρῶντο
1502 941 1546 983 δὲ
1574 941 1676 1000 αὐτῇ

22 1023 36 1046 3
108 987 153 1028 οἱ
172 983 222 1028 ’ἐν
249 990 461 1047 περιουσίᾳ
494 1023 505 1033 .
539 1022 549 1033 .
584 1024 593 1033 .
626 999 676 1050 τῇ
717 993 762 1034 δὲ
800 992 987 1052 καμπύλη
1022 998 1063 1037 οἱ
1095 995 1271 1051 ἄγροικοι
1303 997 1502 1052 (Bergk).
1552 1015 1677 1053 neque

27 1066 50 1089 r
68 1072 71 1073 ν
107 1045 216 1090 enim
236 1060 328 1088 eum
349 1049 655 1092 Wachsmuthio
676 1053 780 1093 Mus.
797 1055 1076 1095 Rh.XXXIIII
1093 1058 1174 1096 614
1194 1057 1377 1097 baculum
1400 1058 1575 1098 iudicum
1600 1060 1676 1099 dici

25 1093 32 1139 s
108 1104 300 1147 arbitror.

26 1175 30 1182 “
861 1166 943 1209 129

314 1240 636 1301 ὀφθαλμιάσας
665 1246 859 1303 πέρυσιν
891 1244 971 1290 εἶτ’
1004 1249 1139 1304 ἔσχον
1168 1251 1337 1302 κακῶς,

312 1311 468 1357 ἔπειθ’
500 1311 866 1376 ὑπαλειφόμενος
895 1315 1005 1373 παρ’
1037 1318 1174 1374 ἰατρῷ
1208 1343 1257 1349 —

218 1395 365 1436 Pollux
395 1397 435 1447 4,
470 1399 553 1438 180
580 1394 866 1451 Ἀριστοφάνης
898 1398 942 1440 ἕν
971 1405 1023 1456 τῷ
1054 1401 1093 1437 Γ
1089 1399 1166 1455 η’ρςι
1196 1400 1321 1452 φησίν
1349 1403 1429 1441 κτλ.
1479 1403 1579 1442 nihil
1607 1403 1671 1442 hio

102 1451 274 1505 figurate
295 1455 572 1506 accipiendum
593 1457 763 1508 videtur,
786 1459 893 1508 quod
914 1471 1054 1498 moneo
1074 1461 1241 1510 propter
1262 1459 1523 1499 Suevernium
1544 1474 1581 1510 p.
1601 1461 1666 1499 78.

858 1570 939 1613 130

311 1645 480 1703 ὄξωτά,
513 1648 760 1706 σιλφιωτά,
790 1650 980 1706 βολβός,
1011 1650 1239 1705 τεύτλιον,

308 1719 590 1775 περίκομμα,
620 1723 783 1776 θρῖον,
817 1720 1085 1775 ἐγκέφαλος,
1117 1717 1348 1775 ὀρίγανον,

308 1787 664 1844 καταπυγοσύνη
694 1786 823 1831 ταῦτ’
858 1786 952 1831 ἐστὶ
982 1786 1094 1843 πρὸς
1123 1788 1256 1844 κρέας
1283 1789 1407 1844 μέγα.

214 1885 253 1910 v.
279 1872 318 1910 1.
342 1872 366 1909 2
397 1871 541 1911 Pollux
563 1874 601 1921 6,
626 1873 680 1911 69
711 1868 732 1910 ὃ
754 1867 795 1910 δ’
815 1867 1103 1924 Ἀριστοφάνης
1125 1868 1169 1910 ἕν
1189 1875 1242 1925 τῷ
1263 1868 1372 1929 Γήρᾳ
1392 1864 1667 1940 λέγει’,ὀξωτά

97 1949 153 1955 ——
184 1923 387 1981 ὀρίγανον.
439 1942 478 1969 v.
510 1931 535 1968 3
574 1929 732 1968 addidit
767 1930 964 1980 Diogenes
993 1928 1125 1968 Laert.
1157 1929 1195 1978 4,
1231 1929 1281 1968 18
1310 1930 1475 1997 ‘rjv‚ovv
1510 1931 1665 1976 αστεῖος

97 1999 158 2033 τις
197 1982 432 2040 (Πολέμων)
471 1984 539 2025 καὶ
576 1989 785 2038 γενναῖος,
831 1982 1105 2040 παρῃτημένος
1148 1982 1176 2023 ἅ
1212 1996 1338 2050 φησιν
1383 1984 1664 2038 Αριστοφάνης

44 2037 46 2041 ’
96 2040 212 2093 περὶ
254 2039 560 2095 Εὐριπίδου,
606 2040 732 2092 ὀξωτὰ
772 2041 840 2082 καὶ
876 2037 1091 2093 σιλφιωτά,
1128 2039 1250 2095 ἅπερ,
1293 2058 1346 2090 ως
1383 2039 1504 2110 αὐτός
1542 2054 1661 2094 φησι·

43 2137 45 2139 .
96 2097 410 2153 καταπυγοσύνη
440 2103 523 2140 κτλ.
573 2101 715 2141 Suidas
746 2096 883 2149 ὀζωτά.
921 2095 1209 2163 Ἀριστοφάνης
1238 2098 1350 2153 περὶ
1381 2099 1664 2167 ΕυριπίδΙου

96 2157 241 2210 φησίν·
283 2153 406 2206 ὀζωτά
436 2156 505 2197 καὶ
534 2154 754 2211 στιλφωτά,
791 2154 895 2211 ἅπερ
925 2153 980 2204 ὥς
1010 2153 1130 2205 αὐτος
1169 2166 1315 2210 φησιν,
1352 2167 1662 2210 καταπυγοσυνη

94 2219 178 2255 κτλ.
208 2229 291 2256 non
321 2216 421 2255 bene
450 2216 546 2256 haec
566 2217 690 2256 latine
719 2216 943 2256 redduntur
963 2228 1092 2266 neque
1122 2215 1228 2266 apud
1246 2215 1504 2255 Huebnerum
1532 2228 1662 2266 neque

94 2266 201 2325 apud
241 2272 458 2313 Cobetum‡
478 2272 538 2324 (in
577 2274 637 2312 ed.
676 2271 832 2325 Diog.).
891 2273 966 2312 hoc
1004 2273 1122 2312 dicit:
1165 2273 1404 2312 locutionem
1444 2272 1660 2322 Euripidis,

94 2334 302 2383 tamquam
322 2343 460 2371 cenam
481 2333 592 2371 aceto
614 2333 655 2371 et
674 2331 880 2382 laserpitio
902 2330 1112 2370 artificiose
1133 2330 1335 2370 conditam
1356 2325 1424 2382 (cf.
1447 2329 1523 2379 Eq.
1547 2328 1660 2380 372),

18 2397 19 2401 ’
95 2394 143 2428 ut
170 2389 387 2429 nefandam
418 2402 462 2428 ac
492 2387 750 2429 libidinosam
779 2401 942 2440 prorsus
973 2387 1300 2427 contemnendam
1330 2399 1415 2426 esse
1445 2399 1539 2436 prae
1571 2385 1659 2425 cibo

95 2447 270 2497 simplici
301 2459 347 2486 ae
376 2447 523 2486 valido.
554 2446 652 2486 haee
682 2447 790 2485 enim
821 2448 882 2485 est
911 2445 1146 2495 significatio
1176 2444 1387 2484 verborum
1416 2440 1532 2507 κρέας
1560 2439 1658 2507 μέγα

65 2497 68 2499 ’
96 2500 180 2557 (em
209 2505 394 2555 tuchtiyes
423 2505 542 2544 Stuck
571 2505 740 2543 Fleisch.
772 2502 919 2542 Eubul.
952 2503 990 2550 7,
1022 2502 1060 2540 8.
1099 2501 1310 2540 Philetaer.
1345 2497 1406 2553 9),
1445 2513 1486 2538 m
1515 2500 1659 2549 qmbus

93 2561 229 2601 nescio
260 2563 358 2612 quid
389 2562 573 2602 obscaeni
603 2562 755 2601 frustra
792 2559 946 2600 odorati
977 2560 1071 2598 sunt
1101 2559 1240 2596 harum
1278 2570 1410 2596 rerum
1448 2559 1656 2596 amatores.

95 2618 275 2658 dubitari
306 2619 372 2658 vix
401 2621 538 2671 potest
566 2620 664 2670 quin
693 2619 827 2669 ipsum
857 2616 1099 2667 Aeschylum
1130 2615 1185 2654 eis
1215 2615 1348 2655 verbis
1378 2613 1586 2665 significet.

844 2728 922 2771 131

307 2815 364 2854 A.
396 2813 463 2863 τίς
492 2809 550 2854 ἄν
581 2809 771 2867 φράσειε
800 2811 890 2851 ποῦ
914 2805 1000 2850 ’στι
1029 2803 1079 2849 τὸ
1108 2802 1380 2855 Διονύσιον;

300 2883 338 2924 Β
381 2878 499 2924 ὅπου
529 2876 583 2923 τοὶ
612 2880 919 2936 μορμολυκεῖα
949 2868 1385 2932 προσκρεμάννυται.
