1872 3224
491 194 779 230 ΦΙΛΩΝΙΔΟΤ
803 197 984 232 ΑΠΗΝΗ
1010 197 1267 235 ΚοΘοΡΝοΙ
1595 202 1679 244 255

89 346 107 358 2
157 298 412 346 {nmimbus
449 299 709 341 Theramenis
763 303 964 343 similibus
1010 304 1151 344 chorus
1197 305 1442 353 compositus
1480 306 1572 346 fuit.
1628 308 1678 347 ef.

167 377 219 393 ..ιτ
251 356 504 409 .Α1·181;οΡΙ1.
536 358 636 397 Rau.
670 359 768 400 540.
800 360 947 412 Bergk.
977 361 1028 401 R.
1057 374 1091 401 e.
1121 362 1209 404 Att.
1244 363 1338 402 132
1376 363 1485 403 inter
1515 362 1578 404 01.
1611 366 1681 414 92,

27 463 31 467 ,
151 417 195 457 et
222 414 347 466 94,1
382 417 515 455 aetam
546 428 633 456 esse
665 417 888 457 arbitratur
918 419 1122 459 Hanovius
1152 433 1190 470 p.
1222 421 1260 459 9.

879 532 899 572 1

315 606 594 624 22222

8 727 9 730 ,
210 692 444 734 Athenaeus
477 695 514 741 6,
548 693 663 733 2479
694 693 923 746 Φιλωνίδης
955 692 999 734 ἐν
1029 693 1271 748 Κοθόρνοις
1306 698 1342 746 2,
1367 698 1420 737 47
1437 711 1458 737 e
1487 694 1681 738 ἀπόσιτον

36 784 39 788 .
76 747 136 793 ἲ8
167 749 303 805 εἴρηκε
333 749 574 803 Φιλωνίδης.
593 751 781 828 eBekker.
813 752 967 792 Aneed.
999 753 1068 805 83,
1103 755 1153 792 17
1185 749 1395 802 ἀπόσιτος·
1428 752 1576 803 ἄσιτος.
1607 757 1678 794 Φι-

61 843 68 847 ,
84 807 270 862 “λωνίδης
305 806 545 878 Κοθόρνοις.
593 808 865 860 ‘quamquam
894 812 1054 850 ieiunus
1082 824 1183 859 sum,
1215 813 1312 851 talia
1342 825 1425 852 non
1453 813 1575 861 fero'.
1629 827 1681 853 an

61 860 181 919 ἔτη
212 889 268 896 -
299 871 481 906 τοσαῦτ
487 862 530 906 ⁹?
559 868 784 918 parasitum
814 869 910 908 haee
939 869 1052 919 loqui
1083 870 1272 920 opinatur
1301 869 1509 910 Hanovius
1539 884 1580 922 p.
1616 873 1680 911 10.

94 934 179 966 non
209 927 379 965 constat.

305 1059 617 1116 ὑποδέχεσθαι
647 1059 724 1103 καὶ
753 1061 908 1116 βατίσι
939 1061 1014 1103 καὶ
1045 1060 1273 1117 τηγάνοις.

304 1126 599 1186 ὀσφρομένην
629 1131 721 1173 τῶν
751 1128 976 1186 τηγάνων.
1000 1159 1003 1161 -

212 1213 448 1254 Athenaeus
478 1216 520 1263 6,
552 1213 666 1253 2281·
691 1211 867 1266 τήγανον
903 1211 1065 1267 εἴρηκεν
1099 1245 1107 1253 .
1142 1243 1151 1252 .
1185 1243 1193 1252 .
1225 1213 1451 1266 Φιλωνίδης
1473 1211 1512 1253 δ’
1537 1212 1582 1254 ἐν
1602 1216 1682 1254 Κο-

31 1322 33 1324 q
97 1269 288 1324 θόρνοις·
317 1267 591 1324 ὑποδέχεσθαι
621 1273 703 1310 κτλ.
734 1269 803 1311 καὶ
830 1269 973 1310 ποῖλινῖ
1007 1267 1263 1325 ὀσφρομένην
1291 1274 1372 1312 κτλ.
1413 1268 1564 1326 βατίσι]
1606 1271 1682 1325 βᾶ-

97 1339 175 1369 τισι
205 1329 250 1369 Β.
296 1327 432 1381 βατίσι
467 1327 537 1369 καὶ
566 1328 754 1382 τηγάνοις
785 1328 1044 1370 casaubonus
1076 1330 1370 1381 iuterpretatur
1398 1329 1531 1381 βατίσι
1564 1343 1683 1383 τηγα-

27 1388 29 1391 ’
98 1389 268 1439 aaronis,
298 1387 525 1428 Meinekius
555 1386 693 1438 βατίσι
719 1384 787 1426 καὶ
806 1384 940 1434 ἄλλοις
969 1385 1168 1440 τηγάνοις.
1200 1390 1389 1427 neutrum
1420 1389 1579 1427 admitti
1608 1401 1683 1438 po-

24 1447 27 1450 ’
98 1447 182 1486 test
209 1450 378 1496 propter
405 1446 519 1497 prius
558 1444 640 1485 καί.
700 1445 874 1485 fortasse
912 1446 1074 1496 scripsit
1108 1443 1176 1503 καὶ
1211 1444 1405 1497 μαγίσι,
1444 1446 1471 1484 1.
1503 1459 1537 1485 e.
1577 1447 1686 1485 omni

0 1504 18 1564 ξ
98 1504 227 1544 modo.
266 1503 412 1543 Pollux
449 1505 493 1553 6,
536 1505 590 1544 64
630 1518 655 1554 η
695 1499 740 1541 δὲ
768 1500 922 1554 μάκτρα
960 1501 1028 1542 καὶ
1066 1500 1217 1568 μιαγὶς
1255 1499 1440 1542 ἐκαλεῖτο.
1481 1504 1525 1552 7,
1559 1503 1611 1541 22
1643 1500 1686 1541 τὸ

0 1564 15 1598 ²ss
99 1555 262 1614 ἀγγεῖον
298 1558 416 1625 μαγὶς
461 1558 530 1600 καὶ
572 1557 741 1613 μάκτρα.
779 1556 1054 1613 ὀσφρομένην,
1093 1561 1118 1599 i.
1157 1574 1191 1600 e.
1233 1558 1338 1612 ρίνα.
1378 1561 1586 1600 Hanovius
1619 1562 1684 1600 10.

879 1684 909 1726 4

309 1759 465 1821 ὥσπερ
497 1763 546 1808 οἶ
571 1755 751 1821 δίμυξοι
781 1765 874 1807 τῶν
904 1765 1089 1819 λύχνων

218 1849 365 1890 Pollux
400 1852 466 1901 10,
502 1851 582 1888 115
614 1846 754 1900 λύχνοι
784 1845 828 1887 δὲ
859 1845 924 1887 ἐπὶ
953 1846 1106 1894 τούτοις
1137 1845 1204 1887 καὶ
1233 1845 1373 1899 λύχνοι
1403 1846 1574 1899 δίμυξοι,
1610 1846 1685 1884 Φι-

102 1906 276 1947 λωνίδου
307 1904 353 1946 δὲ
385 1905 430 1946 ἐν
459 1909 540 1953 τοῖς
570 1905 799 1959 Κοθόρνοις
831 1903 1026 1952 εἰπόντος.
1076 1905 1308 1945 Athenaeus
1343 1906 1407 1954 15,
1444 1905 1555 1945 700f
1578 1918 1681 1955 μνη-

101 1964 263 2016 μονεύει
293 1969 382 2004 τοῦ
412 1961 629 2014 διμύξου
662 1994 671 2003 .
705 1994 713 2003 .
747 1993 756 2004 .
788 1961 1016 2014 Φιλωνίδης
1048 1959 1092 2002 ἕν
1121 1960 1364 2014 Κοθόρνοις.

880 2075 909 2118 5

105 2163 324 2212 παναγεῖς
352 2156 533 2212 γενεάν,
567 2156 924 2211 πορνοτελωναι,
956 2157 1188 2211 Μεγαρεις
1211 2155 1370 2210 δεινοί,
1402 2155 1685 2210 πατραλοῖαι.

220 2241 365 2280 Pollux
397 2242 436 2290 9,
461 2241 513 2280 29
547 2236 592 2278 ἐν
620 2237 850 2278 Φιλωνίδου
880 2235 1109 2292 Κοθόρνοις
1141 2236 1246 2277 ἐστὶν
1276 2234 1499 2290 εἰρημένον.
1533 2239 1570 2288 7,
1603 2236 1686 2277 202

105 2296 333 2349 Φιλωνίδης
365 2295 410 2337 ἐν
431 2300 511 2344 τοῖς
531 2294 760 2350 Κοθόρνοις
781 2294 1064 2348 πορνοτελώ
1078 2310 1175 2343 νας.
1208 2291 1351 2348 δεινοὶ]
1384 2293 1505 2334 δειλοὶ
1535 2294 1685 2345 Bergk.

106 2370 158 2396 an
196 2355 405 2396 δοῦλοιῗ
445 2357 639 2407 παναγεῖς
678 2354 975 2394 ‘exsecrabiles'
1020 2355 1189 2393 Meinek.
1233 2354 1437 2405 Μεγαρεῖς
1475 2351 1539 2390 hic
1578 2351 1687 2389 idem
1763 2373 1774 2384 ·

107 2414 216 2465 quod
246 2418 467 2466 πανοῦργοι
499 2412 726 2466 (Hanovius
760 2409 847 2466 11).
880 2411 1055 2451 Cobetus
1086 2411 1195 2450 N.1.
1231 2411 1310 2449 152
1342 2406 1525 2460 παναγὴς
1556 2421 1689 2459 γενεα,

94 2475 228 2511 reete.
260 2472 309 2511 ad
340 2471 554 2522 parabasin
583 2483 744 2510 versum
774 2469 899 2508 refert
929 2469 1149 2509 Hanovius.

888 2581 915 2623 6

319 2637 586 2697 Θηραμένης

227 2721 299 2776 τὴν
339 2721 546 2775 κλητικήν.
613 2720 841 2772 Φιλωνίδης
886 2719 1126 2774 Κοθόρνοις.
1194 2719 1692 2760 Bekker.Aneed.100

111 2782 201 2822 init.
239 2779 468 2831 Φιλωνίδης
506 2775 697 2849 Meinek.]
736 2777 996 2829 Φιλιππίδης.
1036 2778 1242 2818 Hanovius
1283 2778 1334 2817 13
1373 2776 1584 2816 formulam
1621 2790 1688 2816 ve-

111 2839 188 2878 luti
228 2839 270 2879 111
306 2839 410 2879 Plat.
441 2839 580 2890 Symp.
620 2833 641 2875 ὁ
669 2834 878 2890 Φαληρεὺς
909 2830 1024 2883 ουτος
1055 2831 1352 2881 Ἀπολλόδωρος
1378 2847 1401 2873 a
1426 2834 1691 2885 grammatico

112 2909 323 2948 perperam
351 2897 598 2936 intellectam
629 2896 865 2946 suspicatur.
918 2895 966 2934 de
997 2906 1042 2933 ea
1069 2892 1363 2932 nominativum
1402 2904 1475 2942 pro
1506 2891 1690 2931 vocativo
