1872 3224
213 236 293 279 134
850 224 1112 261 ΚΡΑΤΗΤΟΣ

213 340 446 380 ἐκτίθενται.
493 337 688 388 Κρατῖνος
718 330 792 383 μὲν
823 361 831 370 .
866 360 876 370 .
908 362 916 369 .
954 326 1117 381 Κροῖτης
1151 321 1188 365 δ’
1229 324 1273 366 ἐν
1304 324 1488 378 Θηρίοις·
1527 322 1662 364 ἔπειτα
1690 325 1773 391 ,κτλ
1828 336 1830 338 ’

212 401 250 438 3.
283 394 563 445 ὁδοιποροῦντα
595 387 780 442 casaub]
813 383 1022 438 ὁδοιπόρου
1053 384 1113 426 τὰ.
1154 383 1199 424 τὰ
1239 380 1361 423 πάντ’
1401 383 1582 423 Elmslei.
1623 381 1774 424 Edmb.

210 456 305 495 Rev.
345 453 436 491 XIX
466 448 534 502 88]
576 447 711 487 ταῦτα.
730 444 876 486 πάντα.
963 445 1002 483 5.
1042 441 1273 495 παρατίθου
1303 438 1504 493 Elmslei.]
1545 440 1774 492 παρατιθῶ,
1830 478 1839 491 Α,

211 511 372 550 Casaub.
404 505 631 559 παρατίθου
660 498 704 544 ὦ.
785 505 823 542 7.
847 498 995 549 διάνιζ’
1030 501 1143 541 ἰοῦσα
1175 496 1331 549 σαυτήν
1359 495 1613 551 Dindorfius]
1645 496 1775 538 λιανί·

210 569 326 615 ζουσα
370 559 541 615 σεαυτήν
584 563 632 603 Α.
671 562 885 600 Piersonus
930 559 1055 599 Moer.
1094 559 1176 597 423
1222 553 1374 603 διάνιζε
1411 550 1462 594 σύ
1497 568 1542 608 γε
1585 551 1774 607 σεαυτήν.
1803 587 1806 589 -
1835 583 1837 586 <

209 624 420 663 Elmsleius
441 621 556 661 ἰοῦσα
576 618 657 665 νίζε
688 614 852 668 σαυτήν.
942 617 981 656 8.
1013 614 1114 667 χρῆν
1143 614 1295 656 Iacobs.
1328 613 1468 653 Addit.
1500 612 1648 653 Athen.
1673 612 1779 711 159³

210 679 295 733 χρὴ.
344 677 480 731 ἐξερᾶν
516 675 562 716 τὰ
603 672 1016 726 Schweighaeuserus]
1067 669 1279 725 ἐξαιράντα
1311 671 1360 710 A.
1439 671 1477 710 9.
1516 664 1678 708 οὐδέπω
1717 665 1788 710 ’π-

212 737 425 777 Erfurdtus
457 734 623 775 Observ.
655 728 756 785 4611
802 727 958 770 οὐδέπω
988 727 1086 770 τάπί
1119 731 1166 770 L.
1199 724 1347 768 οὐδέπο
1385 723 1483 767 τάπί
1508 725 1595 766 PV.
1645 727 1779 770 Elma-

209 795 309 834 leius
339 789 435 832 οὐδὲ
465 789 570 830 τάπί.
633 791 697 831 10.
730 783 882 828 οὔκουν
909 804 988 839 ——3
1021 785 1161 840 Dind.]
1195 781 1358 828 οὐκοῦν.
1397 781 1463 824 om
1499 781 1643 833 πάσεις
1671 777 1778 826 ἀλεί-

211 865 302 901 φων
337 847 523 901 Erfurdt]
562 845 733 894 ἀλειπας
778 845 1016 896 εἰσαλειφων
1054 841 1158 898 (sine
1197 838 1370 898 aeeent.)
1411 843 1460 882 A.
1510 837 1601 881 ἁλσὶ
1637 836 1777 892 πάσεις

215 903 391 957 ἀλείφων
419 906 633 946 Elmsleius
661 906 832 943 metrum
869 903 1039 953 pessime
1076 913 1357 952 corrumpens,
1397 913 1516 951 quem
1553 900 1692 941 tamen
1721 913 1780 942 se·

212 967 324 1004 cutus
342 966 402 1003 est
417 963 650 1002 Meinekius.
670 983 712 989 —
736 961 780 1000 in
794 973 1054 1011 personarum
1070 959 1276 999 notatione
1293 959 1452 998 secutus
1469 971 1558 998 sum
1579 956 1780 999 Oobetum

210 1022 261 1060 N.
291 1021 320 1060 1.
350 1023 414 1060 18.
446 1033 489 1059 ae
519 1020 574 1059 sie
603 1019 774 1058 Meinek.
806 1018 848 1056 in
877 1018 1025 1057 Athen.
1131 1018 1168 1056 5.
1200 1017 1302 1070 καλῇ
1332 1015 1400 1055 ille
1431 1015 1518 1066 ipse
1540 1015 1778 1069 intellegen-

212 1079 285 1118 dus
317 1080 397 1126 est,
428 1078 496 1128 qui
526 1077 574 1116 ab
605 1077 729 1115 altero
760 1070 882 1122 αὐτὸς
914 1073 1022 1129 αὐτῷ
1052 1071 1312 1125 διακονήσειν
1342 1072 1564 1114 dicebatur.
1608 1086 1646 1112 τι
1682 1073 1711 1113 i.
1742 1085 1777 1114 e.

211 1140 293 1174 τῶν
328 1133 561 1186 σκευαρίων.
670 1135 706 1172 6.
741 1127 888 1170 σαυτόν
924 1133 974 1171 Α.
1029 1129 1132 1183 αὕτη
1168 1130 1383 1171 manifesto
1422 1132 1659 1182 corruptum
1693 1132 1776 1172 est:

211 1206 347 1231 verum
385 1204 465 1230 non
504 1190 804 1238 emendandum,
837 1191 883 1228 ut
923 1202 1134 1240 perperam
1174 1201 1460 1240 proposueram
1504 1188 1608 1229 Mus.
1648 1187 1780 1241 Rhen.

212 1249 319 1287 XXX
350 1249 430 1288 406
461 1246 570 1298 κοίτη
595 1269 643 1275 -—
667 1244 821 1297 σαυτήν
841 1246 914 1298 (sie
935 1242 1190 1299 apographa),
1223 1245 1292 1285 sed
1311 1243 1342 1283 ἀ’
1349 1260 1410 1297 μη
1424 1260 1463 1294 ς,
1502 1241 1778 1297 παρασκεύαζε

213 1303 373 1344 σαυτόν.
403 1302 548 1356 ἄμητες
579 1304 684 1343 enim
714 1306 755 1343 et
783 1300 991 1355 ἀμητίσκοι
1020 1303 1333 1343 Atheniensibus
1371 1303 1414 1342 in
1452 1303 1607 1344 deliciis
1644 1305 1771 1343 erant.

214 1364 278 1402 10.
308 1362 404 1412 quid
440 1363 493 1401 sit
526 1357 701 1410 ἀλείφων
738 1361 951 1401 discretum
993 1374 1017 1400 a
1052 1356 1192 1408 πάσεις
1221 1373 1303 1400 non
1334 1360 1540 1412 intellego.
1600 1361 1771 1403 fortasse

211 1419 459 1460 scribendum
489 1421 550 1458 est
578 1415 747 1459 σεαυτὸν
777 1415 1050 1466 διαπάσεις
1081 1414 1324 1470 ἀλεύροις.

977 1529 1029 1573 15

443 1607 540 1652 ἀλλ’
574 1606 757 1660 ἀντίθες
786 1620 874 1652 τοι·
907 1607 995 1665 ἐγώ
1025 1609 1112 1666 γὰρ
1145 1607 1260 1654 αὐτὰ
1290 1609 1528 1666 πάμπαλιν

443 1676 498 1720 τοὶ
527 1678 674 1735 θερμοὶ
705 1676 875 1735 λουτρὰ
905 1677 1085 1734 πρῶτον
1116 1675 1206 1730 ἄξω
1237 1675 1331 1730 τὀϊς
1362 1677 1486 1734 ἐμοῖς
1590 1676 1593 1677 ’

447 1745 521 1788 ἐπὶ
551 1746 719 1789 κιόνων
750 1744 901 1803 ὥσπερ
933 1744 1007 1789 διὰ
1036 1746 1118 1790 τοῦ
1147 1748 1374 1791 παιωνίου

446 1814 519 1857 ἐπὶ
548 1817 626 1871 τῆς
654 1814 900 1871 θαλάττης,
931 1813 1047 1858 (ὅσθ’
1080 1814 1252 1874 ἑκάστῳ
1283 1816 1494 1872 ῥεύσεται

400 1891 421 1922 5
453 1883 515 1933 εἰς
543 1881 625 1938 τὴν
654 1882 838 1927 πύελον.
902 1883 1000 1940 ἐρεῖ
1025 1883 1075 1927 δὲ
1105 1882 1266 1940 θῦδωρ
1299 1882 1525 1942 ’ἀνέχετε’.

443 1950 583 1994 ἔπειτ’
616 1949 868 2006 ἀλάβαστος
901 1949 1073 2003 εὐθέως
1101 1951 1196 2009 ἥξει
1225 1954 1378 2009 μύρου

445 2017 714 2075 αὐτόματος,
747 2018 770 2062 ὁ
800 2020 996 2076 σπόγγος
1026 2037 1074 2065 τε
1105 2022 1180 2065 καὶ
1209 2020 1264 2066 τὰ
1295 2022 1515 2067 σάνδαλα.

328 2101 554 2142 Athenaeus
586 2105 623 2152 6,
657 2106 769 2145 2682.
799 2102 887 2156 ἑξῆς
919 2102 963 2144 δὲ
992 2102 1088 2156 μετὰ
1120 2110 1246 2145 ταῦτα
1283 2101 1305 2145 ὁ
1338 2099 1406 2146 τὸν
1436 2104 1622 2147 ἐναντίον
1652 2101 1778 2163 τούτῳ

216 2156 538 2209 παραλαμβάνων
557 2157 673 2211 λόγον
692 2161 834 2213 φησίν·
858 2159 943 2201 ἀλλ’
966 2158 1131 2211 ἀντίθες
1153 2176 1211 2202 τοι
1233 2165 1313 2203 κτλ.
1338 2187 1392 2193 —-
1414 2165 1472 2205 sie
1493 2165 1548 2214 A,
1570 2164 1650 2206 nisi
1669 2165 1779 2216 quod

215 2228 253 2253 v.
276 2215 301 2252 4
332 2211 486 2266 ρεύσετ’
519 2218 557 2255 et
586 2231 624 2256 v.
648 2219 672 2257 5
703 2215 875 2269 ἀνεχετει
906 2217 1011 2272 (sine
1041 2220 1246 2273 accentu),
1279 2235 1352 2273 pro
1382 2235 1461 2273 quo
1491 2217 1650 2274 ἀνέχετε
1679 2222 1779 2263 Din-

217 2271 374 2311 dorfius.
422 2285 514 2311 nam
544 2270 588 2311 δέ
617 2267 660 2312 θ’
695 2273 807 2328 ὕδωρ
842 2277 944 2316 nihil
982 2277 1090 2316 aliud
1121 2272 1182 2318 e'st
1217 2291 1339 2330 quam
1369 2277 1414 2318 δὲ
1450 2277 1610 2332 θῦδωρ.
1641 2301 1698 2311 --
1739 2280 1779 2319 1.

217 2323 438 2380 πάμπαλιν]
467 2327 663 2379 τᾶμπαλιν
693 2331 860 2390 Cesaub.
946 2335 985 2374 4.
1018 2331 1103 2387 ἐπὶ]
1134 2328 1214 2374 ἀπὸ
1242 2336 1389 2388 Bergk.
1423 2337 1472 2376 R.
1505 2350 1541 2376 c.
1563 2337 1650 2376 Att.
1683 2337 1780 2377 282.

220 2385 256 2422 6.
287 2381 406 2422 ἔπειτ’
429 2381 669 2441 ἁλάβαστος]
702 2386 786 2439 εἶθ’
810 2387 1035 2443 ἁλάβαστος
1059 2392 1207 2444 Bergk.
1239 2415 1291 2421 -
1314 2395 1401 2434 sine
1421 2394 1660 2435 necessitate
1680 2394 1780 2435 Her-

218 2441 422 2481 werdenus
453 2442 547 2483 Obs.
580 2446 666 2485 crit.
701 2448 749 2485 14
795 2461 833 2487 v.
864 2449 890 2487 4
920 2446 1020 2487 ὥστε
1050 2447 1118 2488 καὶ
1148 2447 1351 2502 ῥυήσεται.
1396 2451 1446 2491 ef.
1477 2450 1660 2492 Phereer.
1687 2452 1781 2504 130,

219 2497 258 2535 5.
289 2497 425 2566 Eurip3
457 2500 505 2539 fr.
538 2502 618 2541 388
650 2503 701 2542 N.
733 2506 775 2543 et
805 2518 905 2555 quae
938 2506 1216 2547 adnotavimus
1247 2507 1297 2560 ed
1327 2507 1535 2559 Aristoph.
1574 2509 1650 2560 Eq.
1683 2509 1781 2549 526.

148 2610 154 2613 ι
218 2566 290 2603 pro
326 2568 426 2593 αυτα
454 2554 654 2605 τόίμπαλιν
684 2560 852 2601 fortasse
883 2563 1135 2602 scribendum
1170 2557 1292 2603 αὐτὸ
1321 2562 1614 2617 τοῦμπαλιν.
1651 2566 1779 2606 Bekk.

219 2610 434 2679 Aneed34,
454 2615 517 2680 '16
556 2611 653 2654 αὐτὸ
691 2613 913 2668 τοῦμπαλιν
948 2617 1085 2672 λέγεις.
1124 2615 1211 2660 οἷον
1247 2617 1347 2661 αὐτὸ
1387 2618 1623 2662 τούναντίον
1653 2619 1696 2662 λέ
1721 2636 1779 2671 εις

264 2697 285 2729 ,ψ
306 2695 315 2705 .
345 2681 389 2705 το
417 2682 547 2718 μεντοι
576 2668 673 2711 αὐτό
702 2670 929 2726 πρόσκειται
960 2681 1037 2715 νῦν
1067 2681 1262 2729 σημαῖνον
1299 2671 1343 2718 τὸ
1380 2676 1557 2733 ἀκριβῶς
1587 2677 1655 2719 καὶ
1682 2681 1779 2731 αλη-

219 2724 319 2787 ἶθως.
351 2746 413 2790 -.
432 2728 687 2769 manifestum
717 2734 779 2771 est
809 2733 914 2772 vitae
936 2734 1125 2774 delicatae
1147 2736 1396 2776 defensorem
1416 2737 1540 2788 loqui.
1569 2739 1652 2785 τοῖς
1673 2733 1781 2789 ἐμοῖς

219 2793 245 2818 1.
277 2792 309 2821 e.
348 2794 414 2829 qm
442 2795 467 2821 a
495 2796 554 2823 me
581 2789 698 2827 stant.
749 2788 891 2829 balnea
920 2790 1048 2829 calida
1077 2791 1258 2832 defendit
1286 2795 1332 2833 ut
1366 2791 1481 2846 λόγος
1518 2791 1660 2841 ἄδικος
1690 2794 1779 2834 Ari-

220 2836 349 2886 stoph.
380 2838 485 2878 Nub.
512 2843 795 2886 ,1044——1051
830 2843 967 2899 (991).
999 2848 1047 2887 ef.
1070 2848 1279 2901 Hermipp.
1304 2852 1371 2890 76.
1402 2851 1617 2901 pollicetur
1647 2853 1781 2891 autem

221 2905 261 2933 se
291 2894 372 2934 suis
401 2895 554 2936 lavacra
584 2901 708 2940 calida
738 2915 760 2940 a
780 2904 880 2942 mari
901 2904 989 2955 ipso
1010 2900 1107 2958 (ἀπὸ
1128 2903 1295 2962 Bergk.)
1325 2907 1369 2947 in
1387 2908 1531 2949 balnea
1551 2907 1778 2959 ducturum,
