1872 3224
247 194 325 236 188
845 181 1214 219 ΦΕΡΕΚΡΑΤΟΤΣ

243 295 487 350 Φερεκράτης
526 292 632 333 ἐστὶν
670 291 746 332 εἴτε
785 286 1013 341 Νικόμαχος
1045 284 1065 326 ὁ
1098 284 1319 338 ῥυθμικός,
1351 281 1380 337 ἢ
1409 282 1519 332 ὅστις
1557 282 1721 342 δήποτε.
1756 323 1761 328 .
1819 287 1821 291 ’

194 347 198 352 ’
246 356 472 404 Μεταλλῆς.
531 353 581 390 ad
612 351 706 390 artis
728 349 900 388 musicae
922 346 1247 397 depravationem
1270 355 1458 395 magnam
1479 342 1642 383 fabulae
1660 342 1822 395 pat-tem¹

245 414 442 463 pertinere
472 409 728 448 manifestum
760 408 833 445 est.
894 417 1040 443 nomen
1071 403 1225 452 accepit
1255 415 1278 440 a
1309 400 1495 449 Chirone,
1528 400 1597 451 qui
1617 394 1830 440 Achillmr

246 484 290 508 ea
318 470 399 508 arte
435 466 622 507 instituit.
681 464 872 503 Musioam
903 462 1032 511 ipsam
1063 459 1251 498 muliebri
1289 458 1430 497 habitu
1468 457 1575 508 apud
1614 456 1820 498 Iustitiam

247 527 293 566 de
322 525 475 565 iniuriis
506 523 588 563 suis
618 523 850 573 querentem
882 520 924 558 in
955 531 1140 558 scaenam
1171 517 1377 556 inductam
1400 527 1485 555 esse
1506 514 1624 555 docet
1641 514 1693 554 fr.
1716 513 1814 556 14⁵3

992 675 1072 718 145

445 790 598 824 ΜΟΤΣ.
636 782 745 833 λέξω
775 780 859 835 μὲν
889 776 973 822 οὐκ
1003 776 1196 832 ἄκουσα,
1230 778 1308 820 σοι’
1333 790 1382 819 τε
1411 773 1500 832 γὰρ
1531 773 1691 819 κλύειν

450 850 552 906 ἐμοί
577 866 623 893 τε
654 848 774 901 λέξαι
803 851 958 904 μῦθον
987 844 1164 903 ἡδονὴν
1195 846 1299 902 ἔχει.

450 918 546 975 ἐμοὶ
577 917 662 973 γὰρ
691 910 797 973 ἦρξε
827 920 919 960 τῶν
949 917 1104 959 κακῶν
1135 913 1502 970 Μελανιππίδης,
1683 942 1685 944 -
1862 920 1872 981 '5

451 988 501 1031 ἐν
532 994 647 1030 τοῖσι
676 989 852 1042 πρῶτος
882 982 931 1036 ὃς
961 982 1115 1040 λαβών
1145 978 1289 1040 ἀνῆκέ
1315 998 1370 1038 με

403 1066 424 1097 5
454 1056 770 1111 χαλαρωτέραν
799 1053 840 1096 τ’
874 1054 1057 1109 ἐποίησε
1087 1052 1273 1109 χορδαῖς
1303 1050 1496 1095 δώδεκα.

450 1119 550 1167 ἀλλ’
583 1118 669 1167 οὗν
699 1122 818 1179 ὅμως
848 1115 979 1172 οὗτος
1008 1121 1092 1177 μὲν
1123 1116 1182 1177 ἦν
1213 1119 1430 1178 ἀποχρῶν
1460 1118 1580 1178 ἀνὴρ

454 1194 602 1248 ἔμοιγε
634 1226 643 1236 .
669 1226 678 1235 .
705 1225 713 1234 .
747 1191 859 1247 πρὸς
889 1188 943 1234 τὰ
973 1189 1062 1234 νῦν
1093 1190 1225 1234 κακά.

450 1263 667 1316 Κινησίας
697 1261 749 1304 δέ
775 1258 819 1315 μ’
855 1257 878 1303 ὁ
908 1258 1154 1315 κατάρατος
1178 1257 1390 1313 Ἀττικός,

454 1329 749 1384 ἐξαρμονίους
779 1326 957 1384 καμπὰς
987 1330 1132 1371 ποιῶν
1164 1327 1216 1371 ἐν
1246 1335 1344 1379 ταῖς
1374 1333 1610 1384 στροφαῖς,
1647 1343 1649 1345 ·

384 1408 425 1439 10
456 1396 705 1453 ἀπολώλεχ’
739 1396 898 1452 οὕτως,
930 1395 1044 1440 ὥστε
1074 1397 1152 1452 τῆς
1181 1394 1405 1452 ποιήσεως

452 1469 543 1509 τῶν
574 1465 887 1522 διθυράμβων,
919 1464 1128 1522 καθάπερ
1161 1465 1213 1509 ἐν
1243 1471 1340 1516 ταῖς
1369 1462 1574 1520 ἀσπίσιν,
1596 1462 1605 1468 ’

454 1532 651 1590 ἀριστέρ’
685 1533 825 1577 αὐτοῦ
855 1536 1064 1590 φαίνεται
1094 1532 1149 1577 τά
1183 1531 1319 1585 δεξιά.

455 1601 554 1646 ἀλλ’
586 1596 671 1646 οὖν
702 1601 886 1654 ἀνεκτὸς
916 1596 1049 1653 οὗτος
1078 1595 1136 1659 ἦν
1166 1600 1287 1658 ὅμως
1319 1601 1432 1658 ἐμοί.

458 1673 629 1727 Φρῦνις
659 1670 703 1713 δ’
735 1672 853 1714 ἴδιον
884 1670 1127 1726 στρόβιλον
1159 1670 1520 1727 έμβαλῶντινα,

392 1749 430 1780 15
462 1739 677 1795 κάμπτων
706 1755 760 1795 με
790 1739 865 1783 καὶ
896 1740 1107 1796 στρέφων
1137 1737 1251 1795 ὅλην
1281 1740 1549 1796 διέφθορεν,

458 1807 508 1850 ἐν
538 1807 647 1852 ἑπτὰ
676 1809 859 1864 χορδαῖς
888 1807 1050 1864 δώδεχ’
1083 1806 1304 1864 ἁρμονίας
1333 1810 1464 1865 ἔχων.

457 1874 556 1918 ἀλλ’
590 1869 674 1919 οὗν
704 1879 853 1933 ἔμοιγε
883 1872 1044 1933 χοῦτος
1071 1869 1130 1932 ἦν
1160 1875 1372 1934 ἀποχρῶν
1402 1874 1548 1933 ἀνήρ·

463 1945 503 1987 ει’
529 1946 615 2000 γάρ
646 1962 688 1988 τι
719 1944 1014 2002 κάξήμαρτεν,
1046 1940 1184 1997 αὖθις
1214 1944 1450 2002 ἀνέλαβεν.
1518 1974 1521 1978 -

459 2012 482 2055 ὁ
513 2013 562 2055 δὲ
599 2014 812 2068 Τιμόθεός
841 2013 906 2070 μ’,
939 2008 976 2058 ai
1006 2014 1214 2070 φιλτάτη,
1247 2014 1567 2071 κατορῶρυχεν

384 2090 427 2121 20
457 2081 530 2123 καὶ
562 2081 835 2126 διακέκναικ’
866 2087 1084 2138 αἴσχιστα.
1117 2091 1335 2125 ΔΙΚΑΙΟΣ.
1367 2090 1497 2135 ποῖος
1527 2081 1686 2128 οὑτοσὶ

461 2146 483 2191 ὁ
520 2150 759 2204 Τιμόθεος;
790 2160 839 2196 Μ.
872 2152 1098 2208 Μιλήσιός
1127 2168 1194 2202 τις
1224 2153 1452 2208 Πυρρίας.

461 2218 575 2260 κακά
603 2234 678 2272 μοι
707 2222 914 2276 παρέχων
944 2219 1144 2272 ἅπαντας
1173 2213 1308 2271 οὗτος
1336 2216 1418 2271 οὓς
1447 2220 1563 2275 λέγω

460 2286 742 2342 παρελήλυθ’
775 2287 962 2343 ἀγαπῶν
993 2289 1298 2345 ἐκτραπέλους
1326 2289 1599 2346 μυρμηκιάς.

461 2351 549 2415 κάν
580 2353 742 2412 ἐντύχῃ
775 2357 863 2399 πού
893 2373 969 2412 μοι
998 2355 1245 2414 βαδιζούσῃ
1275 2358 1410 2415 μόνῃ,

391 2431 433 2461 25
464 2420 660 2466 ἀπέδυσε
689 2422 910 2468 κάνέλυσε
940 2428 1122 2482 χορδαῖς
1152 2426 1343 2470 δώδεκα.

1750 1443 1769 1462 ,
1793 1441 1804 1448 .

357 2527 607 2589 xPlutarchus
624 2530 724 2569 Mor.
745 2532 866 2571 1141.
889 2533 912 2570 2
943 2530 985 2571 τὸ
1006 2530 1178 2571 παλαιὸν
1200 2563 1208 2571 .
1221 2563 1229 2572 .
1242 2563 1251 2572 .
1269 2530 1511 2584 συμβεβήκει
1540 2529 1632 2580 τοὺς
1652 2524 1827 2584 αὐλητὰς

264 2595 370 2649 παρα
395 2589 473 2622 τῶν
492 2590 667 2636 ποιητῶν
695 2588 914 2640 λαμβάνειν
944 2587 1035 2636 τοὺς
1062 2588 1252 2641 μισθούς,
1282 2587 1664 2642 πρωταγωνιζούσης
1684 2588 1828 2656 δηλον-

264 2652 323 2676 οτι
352 2644 420 2690 τῆς
449 2640 654 2694 ποιήσεως,
685 2649 765 2683 τῶν
794 2645 818 2683 δ
825 2642 834 2657 ’
868 2642 1052 2697 αὐλητῶν
1082 2642 1392 2699 ὑπηρετούντων
1431 2649 1513 2694 τοῖς
1552 2645 1824 2694 διδασκαλοις.

262 2692 427 2748 ὕστερον
455 2694 499 2735 δὲ
529 2698 592 2761 καὶ
631 2705 745 2740 τοῦτο
784 2702 1007 2756 διεφθάρη,
1046 2700 1100 2751 ὥς
1137 2702 1205 2743 καὶ
1243 2701 1499 2757 Φερεκράτην
1534 2701 1607 2742 τὸν
1645 2700 1826 2755 κωμικὸν

263 2751 483 2817 εἰσαγαγεῖν
502 2768 573 2804 την
600 2758 863 2810 Μουσικὴν
893 2758 938 2799 ἐν
965 2760 1179 2815 γυναικείῳ
1201 2759 1383 2812 σχήματι,
1405 2758 1504 2812 ὅλην
1523 2757 1820 2814 κατῃκισμένην

265 2822 306 2846 το
337 2809 460 2877 σῶμα.
499 2815 604 2851 ποιεῖ
631 2811 674 2852 δὲ
703 2808 776 2866 τὴν
798 2817 1144 2869 Δικαιοσύνην
1173 2815 1565 2869 διαπυνθανομένην
1592 2814 1673 2868 τήν
1690 2815 1828 2856 αἰτίαν

262 2868 331 2916 τῆς
361 2866 490 2918 λωβης
521 2867 587 2908 καὶ
616 2868 688 2922 τὴν
719 2872 891 2924 Ποίησιν
929 2871 1154 2927 (corrigunt
1196 2872 1433 2928 Μουσικὴν)
1463 2872 1676 2928 λέγουσαν·
1729 2870 1847 2923 λέξον
