1872 3224
227 193 314 236 284
858 184 1159 220 ΕΤΠΟΛΙΔΟΣ

228 297 355 336 eidem
398 296 548 334 fuerint
599 291 818 338 εἷλίποδες’
880 289 1074 329 Fritzsch.
1120 289 1219 328 Ran.
1266 302 1304 339 p.
1364 288 1469 327 212:
1506 287 1637 327 veluti
1678 286 1802 328 Lm

227 354 365 405 podias
406 356 446 391 et
485 351 689 390 Damasias
719 345 856 402 (102).
891 347 1181 386 Valckenarius
1211 346 1367 385 confert
1398 343 1644 397 [Demosth]
1676 346 1730 394 7,
1743 344 1801 386 '46

228 409 338 460 εἴπερ
367 406 480 460 ὑμεῖς
511 405 579 446 τὸν
610 403 831 458 ἐγκέφαλον
862 402 905 443 ἕν
942 407 1024 451 τοῖς
1054 402 1271 455 κροτάφοις
1301 399 1369 441 καὶ
1399 399 1454 453 μὴ
1485 399 1531 441 ἐν
1559 404 1679 450 ταῖς

229 481 316 514 ναις
363 461 743 514 καταπεπατημένον
788 464 961 511 φορεῖτε
1019 461 1123 501 addo
1164 461 1308 512 fragm.
1350 461 1485 511 adesp.
1524 459 1666 501 comici
1690 459 1803 534 'aluid

232 525 393 564 Suidam
426 521 470 562 ε’ν
500 524 627 561 τοῖσιν
656 518 823 567 αἰδοίοις
855 517 925 558 τὸν
956 516 1177 571 ἐγκέφαλον
1207 516 1320 569 ἔχων.

978 676 1056 719 101

433 768 548 826 ἀνὴρ
579 770 765 825 πολίτης
795 766 1064 818 πουλύπους
1095 766 1142 818 ἐς
1170 764 1277 818 τούς
1305 763 1517 823 τρόπους.
1729 782 1738 810 ,’
1756 762 1794 834 ,μή
1857 766 1872 849 ’ξ

342 878 571 917 Athenaeus
604 878 641 926 7,
675 877 787 915 3160
817 872 996 921 Εὔπολις
1022 871 1197 937 Δημοις.
1231 874 1364 913 nescio
1386 886 1457 913 cur
1476 871 1639 924 πολίτης
1659 886 1684 912 a
1702 872 1800 914 Mei·
1868 918 1872 919 ⁷

229 936 346 975 nekio
378 935 420 973 in
450 934 716 984 suspicionem
746 936 924 973 vocetur.
954 924 1059 983 ἀνὴρ
1089 929 1251 982 πολίτης
1283 931 1432 971 dicitur
1468 933 1517 970 ut
1544 925 1650 983 ἀνὴρ
1680 939 1800 983 στρα-
1870 971 1872 973 ,

230 990 346 1044 τηγός
376 992 440 1031 vel
471 989 725 1043 στρατιώτης.
756 988 1080 1041 πουλύπους,
1110 989 1135 1028 i.
1167 1002 1200 1028 e.
1231 988 1357 1037 vafer,
1387 991 1557 1029 astutus.
1588 987 1738 1028 Athen.
1760 988 1800 1038 ⁷,

231 1050 343 1089 316f
369 1044 410 1101 (ὅ
442 1046 692 1099 πουλύπους)
725 1044 919 1100 φεύγων.
978 1041 1240 1099 μεταβάλλει
1270 1060 1339 1093 τας
1370 1043 1490 1098 χρόας
1511 1042 1580 1085 καὶ
1600 1042 1830 1112 ἕξομοιοῦ·

229 1120 293 1145 ται
323 1108 403 1152 τοῖς
434 1104 569 1153 τόποις
601 1119 645 1144 εν
674 1099 734 1153 οἷς
764 1103 990 1170 κρύπτεται.
1040 1106 1162 1154 poeta
1199 1117 1261 1154 ap.
1301 1103 1473 1144 eundem
1505 1102 1623 1143 317⁸
1649 1096 1803 1143 πουλύ-

229 1161 353 1210 ποδός
391 1176 479 1214 μοι,
511 1160 664 1215 τέκνον,
696 1160 796 1214 ε’χων
826 1160 945 1213 νόον,
977 1155 1182 1213 Ἀμφίλοχ’
1223 1175 1352 1212 ηρως,
1391 1162 1521 1200 τοῖσιν
1549 1155 1803 1212 ἐφαρμόζειν,

231 1235 313 1260 των
342 1234 413 1259 κεν
442 1218 541 1259 κατὰ
579 1219 709 1272 δῆμον
745 1218 869 1271 ἵκηαι.
930 1219 1067 1260 Aleae.
1099 1231 1200 1260 com.
1234 1220 1271 1258 1.
1313 1215 1379 1267 ἐς,
1421 1218 1472 1258 cf.
1511 1217 1612 1259 Lob.
1650 1216 1803 1269 Phryn.

235 1279 330 1318 365.
364 1280 402 1318 6.
435 1277 652 1328 Antiphan.
691 1279 784 1328 167,
817 1279 854 1316 5.
886 1277 1028 1317 Aesch.
1062 1276 1172 1318 Pers.
1206 1277 1287 1316 326
1318 1274 1475 1328 πρῶτος
1513 1274 1570 1323 εἰς
1600 1268 1806 1327 ευψυχίφν

233 1332 371 1388 (Rasp.
379 1332 409 1386 ).
442 1348 523 1375 non
543 1338 650 1375 recte
671 1335 842 1376 Meierus
865 1335 1154 1374 Theramenem
1175 1333 1393 1385 significari
1420 1333 1590 1384 putabat
1611 1330 1804 1386 (Ephous.

227 1392 289 1431 lit.
320 1392 410 1431 Hal.
446 1393 553 1431 1827
584 1406 623 1443 p.
659 1390 772 1446 142).

980 1514 1061 1556 102

437 1605 538 1648 ταδὶ
569 1605 618 1648 δὲ
648 1603 702 1648 τὰ
733 1605 901 1660 δένδρα
934 1604 1216 1656 Λαισποδίας
1245 1603 1321 1648 καὶ
1351 1605 1590 1660 Δαμασίας

439 1672 620 1717 αὐταῖσι
650 1681 746 1725 ταῖς
776 1673 1021 1730 κνήμαισιν
1051 1672 1366 1718 ἀκολουθοῦσι
1396 1688 1486 1728 μοι.

346 1780 476 1819 Schol.
507 1780 714 1831 Aristoph.
745 1781 822 1820 Av.
865 1781 972 1820 1569
1015 1778 1270 1849 Λαισποδίας
1315 1776 1360 1819 δὲ
1399 1776 1467 1819 καὶ
1509 1767 1723 1835 Δαμασίας
1747 1768 1804 1829 ὥς

232 1831 475 1888 κακόκνημοι
505 1835 797 1889 διαβάλλονται.
840 1836 1081 1889 μνημονεύει
1110 1834 1155 1876 δὲ
1184 1833 1321 1876 αὐτῶν
1349 1834 1418 1876 καὶ
1448 1834 1628 1885 Εὔπολις
1658 1831 1703 1876 ἕν
1720 1824 1804 1905 Avi:
1834 1866 1840 1868 -

232 1907 319 1945 μοις
349 1896 429 1933 κτλ.
460 1894 698 1934 Plutarchus
729 1896 830 1934 Mor.
863 1895 977 1934 712a
1008 1893 1240 1947 ἐξηγεῖσθαι
1269 1893 1328 1942 τίς
1361 1890 1382 1934 ὃ
1412 1891 1665 1942 Λαισποδίας
1701 1888 1800 1961 παρ’

235 1946 447 1989 Εὐπόλιδι.
477 1952 681 2002 Eunapius
712 1952 852 1991 Liban.
886 1966 925 2018 p.
958 1954 1011 1992 99
1043 1950 1227 2000 παιδείας
1258 1944 1487 2004 ὑπερβολὴν
1522 1949 1590 1991 καί
1618 1943 1800 2003 α’ναγνοό-

235 2017 333 2054 σεως
364 2006 470 2046 εστιν
506 2005 639 2061 εὑρεῖν
676 2005 719 2046 ἐν
750 2012 831 2056 τοῖς
861 2004 992 2060 λόγοις
1026 2007 1149 2057 λέξεσι
1187 2006 1585 2062 κατεγλωττισμέναις
1616 2005 1804 2077 ἐντυγχά-

237 2078 367 2104 νοντα.
400 2063 445 2103 τὰ
475 2070 575 2116 γοῦν
605 2062 833 2113 Εὐπόλιδος
864 2064 1011 2118 δένδρα
1042 2064 1303 2106 Λαισποδίαν
1331 2064 1400 2106 καὶ
1421 2065 1636 2117 Δαμασίαν
1656 2061 1732 2105 οὐκ
1750 2079 1806 2104 αν

235 2126 425 2191 παρῆκεν,
462 2122 498 2161 εἰ
527 2120 572 2161 τὰ
603 2118 779 2174 ὀνόματα
810 2121 914 2175 ἔγνω
941 2128 1023 2163 τῶν
1051 2121 1247 2176 δένδρων,
1278 2117 1340 2171 οἷς
1368 2128 1448 2164 νῦν
1477 2119 1585 2163 αὐτὰ
1610 2125 1806 2162 καλοῦσιν

235 2178 276 2216 οἷ
289 2176 512 2230 α’νθρωποι.
576 2182 612 2219 1.
635 2177 679 2218 δὲ
700 2181 807 2220 delet
827 2181 968 2223 Elmsl.
991 2182 1130 2232 Eurip.
1152 2181 1257 2221 Med.
1277 2194 1317 2232 p.
1337 2183 1431 2222 109.
1449 2176 1521 2232 ἡδὶ
1537 2177 1584 2220 δέ
1599 2180 1804 2231 Aristoph.

237 2236 357 2286 Vesp.
389 2237 470 2276 858
504 2235 661 2287 (Rasp.)
700 2233 764 2276 ὁδὶ
799 2235 844 2276 δέ
882 2238 982 2277 Ran.
1015 2239 1116 2279 308.
1213 2239 1252 2278 2.
1282 2234 1459 2291 αὐταῖσι]
1491 2235 1634 2277 αὔαισι
1664 2237 1803 2276 Herm.

238 2292 382 2343 Opusc.
414 2292 452 2330 V
483 2294 588 2338 291,
635 2295 813 2333 λεπταῖσι
857 2295 1055 2346 Bergkius
1094 2295 1141 2335 R.
1179 2308 1212 2335 c.
1249 2295 1337 2334 Att.
1371 2296 1468 2336 347.
1518 2295 1587 2335 sed
1617 2294 1804 2344 inprimis

237 2349 402 2389 offendit
431 2351 637 2390 articulus.
668 2355 910 2402 quapropter
940 2353 1092 2393 conicio
1123 2352 1378 2392 scribendum
1399 2364 1486 2392 esse
1505 2347 1804 2398 αὖτοξύλοις

238 2418 489 2456 κνημαισι.
520 2411 627 2447 recte
657 2409 848 2449 articulus
877 2409 1038 2449 additur
1067 2410 1274 2460 Aristoph.
1311 2409 1388 2460 Eq.
1421 2409 1518 2449 205.
1550 2409 1657 2460 Lys.
1681 2409 1804 2456 1116,

237 2466 343 2502 recte
374 2465 493 2503 etiam
522 2460 663 2503 αὐτοῖν
693 2468 777 2504 τοῖν
805 2465 950 2505 ποδοῖν
980 2468 1056 2506 Av.
1091 2467 1200 2506 1146
1235 2466 1365 2517 (nulla
1394 2467 1478 2507 alia
1513 2478 1556 2506 re
1584 2465 1665 2506 nisi
1693 2466 1805 2515 pedi·

240 2518 342 2570 bus).
374 2521 442 2570 qui
472 2522 651 2571 loquitur
679 2525 901 2563 monstrare
921 2523 1082 2563 videtur
1100 2523 1366 2574 Laespodiam
1385 2526 1428 2564 et
1446 2520 1679 2564 Damasiam
1699 2522 1806 2562 inter

240 2578 479 2626 spectatores
511 2579 707 2618 sedentes.
739 2580 787 2619 de
814 2581 1040 2629 Lae-§podia
1069 2580 1118 2620 ef.
1151 2580 1358 2631 Aristoph.
1389 2580 1467 2620 Av.
1501 2581 1626 2620 1569.
1654 2578 1804 2630 Bergk.

241 2633 320 2671 347
331 2646 389 2683 sq.
412 2634 507 2672 415.
539 2636 587 2674 de
606 2637 802 2676 Damasia
821 2637 923 2676 nihil
943 2637 1103 2676 aliunde
1132 2640 1284 2678 notum.
1323 2638 1534 2687 utriusque
1553 2648 1644 2676 cum
1662 2635 1804 2676 arbore

240 2691 574 2739 comparationem
605 2693 654 2731 ad
679 2706 887 2743 proceram
912 2694 1248 2744 macilentamque
1279 2695 1456 2745 corporis
1482 2695 1680 2734 staturam
1699 2694 1805 2732 recte

238 2746 360 2784 refert
388 2746 557 2797 Raspius
588 2750 689 2789 conl.
722 2751 796 2790 Av.
831 2751 940 2789 1475
971 2753 1012 2788 et
1042 2751 1269 2790 Archiloch
1304 2752 1361 2790 60
1399 2747 1492 2803 (33)
1518 2745 1626 2790 ,ἄλλα
1665 2746 1802 2802 (στρα-

240 2799 395 2866 τηγὸς)
415 2800 576 2854 σμικρός
616 2819 673 2852 τις
716 2805 779 2857 είη
814 2804 883 2845 καὶ
919 2804 1010 2859 περὶ
1053 2805 1210 2858 κνήμας
1248 2806 1352 2847 ἰδεῖν
1391 2805 1550 2859 boantis,
1592 2801 1804 2855 ἀσφαλέως

240 2851 421 2911 βεβηκως
450 2860 580 2900 ποσσί.
612 2863 660 2902 cf.
693 2864 883 2914 Apollod.
915 2876 1012 2904 com
1046 2865 1111 2914 13,
1146 2866 1210 2906 16.
