1872 3224
724 191 1036 229 ArroA‘rKoz
1589 202 1670 246 271

72 289 248 346 χθηρὸν
277 292 400 334 Dind.
435 293 560 333 Arist.
593 295 639 336 fr.
670 309 709 346 p.
743 298 780 336 7.
872 298 911 337 2.
941 304 1027 346 πῶς
1059 293 1091 339 οἷ
1122 300 1262 355 Dind.]
1293 301 1417 343 πόσω.
1469 302 1550 357 ἤδη
1582 309 1670 347 add.

58 349 362 402 »gsAeL-Dionys.
380 350 496 391 Eust,
522 353 644 402 1636,
664 354 730 392 51.
763 354 899 406 Etym.
921 370 972 394 m.
993 358 1059 405 81,
1086 360 1149 398 10.
1188 381 1234 387 --
1258 362 1378 400 rixari
1400 364 1505 402 inter
1525 377 1566 403 se
1592 365 1669 404 duo

88 407 272 448 homines
316 421 464 459 pravos
503 411 544 448 et
582 410 758 450 abiectos
794 417 835 451 et
874 426 945 452 sua
976 415 1054 453 sibi
1085 415 1263 456 facinora
1301 421 1542 469 exprobrare
1585 435 1671 462 sen-

58 466 225 524 stentia'
247 468 311 506 est
341 466 529 518 Bergkii,
561 469 624 506 cui
655 469 711 507 ita
741 469 965 509 adsentitur
994 473 1218 514 'Meinekius
1250 477 1294 514 ut
1323 475 1511 516 λοπάδων
1531 476 1669 531 ἄμβω-

90 528 165 571 νας
204 522 284 564 dici
320 526 439 575 putet
478 519 526 563 τὰ
562 524 671 577 χείλη
710 531 791 565 τῶν
828 526 1010 580 αἰδοίων,
1049 531 1150 570 conl.
1188 532 1395 584 Aristoph.
1435 536 1508 586 Eq.
1544 538 1670 576 1285.

46 592 50 594 ·
87 579 278 622 Eustath.
313 582 437 634 1539,
457 584 511 622 33
551 580 595 622 τὸ
624 587 855 635 γυναικεῖον
886 585 1042 625 αἰδοῖον
1070 585 1213 639 ἅμβων
1244 604 1282 629 τε
1312 588 1463 643 λέγεται
1492 592 1559 632 καὶ
1589 597 1670 644 χοῖ-

42 660 45 667 ==
89 651 158 691 ρος
187 636 257 678 καὶ
286 636 437 691 ἐσχάρα
466 642 548 679 κτλ.
571 640 628 693 (V
651 642 739 691 34).
789 643 864 683 hoc
902 644 935 683 si
967 658 1104 684 verum
1134 649 1193 685 est
1222 650 1268 685 ut
1299 649 1469 698 videtur,
1502 648 1545 689 τὸ
1565 665 1671 702 περι-

34 707 39 720 ³
56 696 65 704 '
88 694 234 748 λείχειν
263 694 356 744 τοὺς
377 695 572 749 ἄμβωνας
593 699 681 749 ipsa
701 700 770 738 illa
790 694 911 751 καινὴ
933 698 1018 739 ἰδέα
1040 705 1111 741 est.
1146 707 1232 742 tum
1252 718 1347 745 vero
1368 720 1470 746 unus
1491 708 1671 758 loquitur

78 754 360 808 *Ariphradem
390 756 525 795 nescio
565 770 684 807 quem
725 759 968 808 compellans
999 758 1090 810 (Ar.
1122 761 1197 811 Eq.
1231 763 1352 805 1283.
1391 763 1510 815 Vesp.
1546 767 1668 805 1282.

87 811 178 852 Pac.
197 813 283 853 884
293 812 389 864 sq.),
411 814 668 871 scribendum
699 817 833 854 autem
855 819 917 855 est
936 817 978 855 in
1000 830 1036 856 v.
1058 821 1076 854 1
1102 830 1190 856 cum
1212 819 1419 860 Dindorfio
1442 817 1496 868 ὥς
1516 825 1670 874 μοχθη-

20 895 26 919 3
89 865 166 922 ρὸν
194 872 236 910 et
265 871 309 910 in
339 871 467 910 altero
498 871 529 909 ὠ
561 870 661 926 πρῲ
691 874 876 912 πολλῶν
904 875 986 913 κτλ.
1030 875 1178 914 dicitur
1213 878 1321 916 enim
1351 875 1439 932 πρῴ
1470 880 1590 918 etiam
1622 882 1670 920 de

17 921 28 986 7’
97 927 310 968 hominum
340 932 484 968 aetate.
517 929 618 969 Plat.
652 930 814 982 Protag.
847 932 973 971 3260.
1006 931 1151 972 Pollux
1187 936 1220 983 1,
1255 936 1321 974 69.

862 1057 918 1099 53

0 1170 6 1189 2,
206 1135 340 1176 Schol.
380 1137 564 1177 Platonis
594 1137 722 1176 Bekk.
764 1139 846 1178 332
888 1136 1065 1186 Εὔπολις
1105 1136 1146 1178 δ’
1188 1137 1233 1179 ἐν
1262 1139 1399 1188 Φίλοις
1428 1141 1495 1181 καὶ
1526 1140 1591 1182 ἐπὶ
1621 1144 1669 1199 τῇ

0 1196 9 1219 ’-
87 1189 395 1249 γυναικὶῬοδία
415 1193 605 1249 κωμῳδεῖ
631 1193 911 1250 (Λύκωνα),
944 1194 988 1235 ἐν
1018 1194 1062 1236 δὲ
1092 1202 1146 1252 τῷ
1175 1197 1351 1253 πρώτῳ
1373 1196 1592 1255 Αὐτολύκῳ
1614 1201 1670 1249 εἰς

0 1267 8 1284 ·2
90 1249 218 1300 ξένον.
249 1252 301 1291 cf.
333 1253 430 1292 215.
464 1254 561 1292 273.

862 1332 920 1375 54
956 1312 961 1316 .

205 1414 339 1454 Schol.
362 1414 466 1453 Plat.
492 1415 571 1454 331
597 1415 724 1454 Bekk.
745 1414 992 1469 κωμῳδεῖται
1012 1413 1056 1455 δὲ
1078 1413 1485 1472 (Ἀριστοφάνης)
1515 1415 1575 1457 ὅτι
1603 1417 1671 1457 καὶ

88 1467 133 1509 τὸ
180 1476 252 1523 τῆς
298 1468 479 1523 Εἰρήνης
525 1469 761 1511 κολοσσικὸν
804 1470 944 1526 ἐξῆρεν
986 1472 1166 1526 ἄγαλμα·
1214 1473 1392 1522 Εὔπολις
1436 1467 1669 1530 Αὐτολύκῳ.

90 1531 276 1580 spectant
304 1529 402 1569 haec
431 1529 479 1567 ad
512 1531 686 1569 statuam
718 1530 830 1570 Pacis
861 1532 903 1570 in
934 1533 1172 1582 cognomine
1202 1533 1339 1571 fabula
1369 1546 1389 1571 e
1420 1536 1527 1572 terra
1557 1534 1669 1573 effos-

90 1598 189 1625 sam.
228 1599 320 1626 cum
355 1589 492 1627 autem
530 1587 613 1626 Pax
651 1591 741 1627 acta
778 1589 832 1627 sit
863 1587 925 1628 Ol.
958 1590 1026 1637 89,
1059 1591 1096 1637 3,
1138 1590 1187 1628 ad
1218 1591 1393 1640 priorem
1424 1591 1669 1641 Autolycum

90 1644 251 1683 rettulit
281 1643 430 1695 Bergk.
462 1644 508 1686 R.
542 1657 574 1686 c.
605 1645 692 1684 Att.
726 1646 822 1687 342.

860 1746 918 1788 55

204 1828 437 1868 Athenaeus
469 1830 507 1876 5,
531 1829 555 1866 2
563 1829 613 1866 16
626 1828 651 1866 (1
682 1825 747 1866 ἐπὶ
778 1823 921 1867 τούτου
951 1826 1221 1882 (Ἀριστίωνος
1251 1828 1459 1882 ἄρχοντος)
1490 1828 1669 1878 Εὔπολις

87 1881 159 1924 τὸν
197 1881 439 1924 Αὐτόλυκον
476 1883 643 1933 διδάξας
682 1878 748 1923 διοὲ
792 1884 1077 1938 Δημοστράτου
1115 1901 1137 1937 χ
1148 1889 1168 1925 λ
1178 1900 1196 1926 ε
1205 1901 1230 1925 υ
1239 1883 1317 1934 eigs
1328 1901 1343 1925 ι
1381 1886 1434 1938 τὴ
1446 1903 1470 1926 ν
1515 1903 1539 1928 ν
1549 1887 1595 1927 ίκ
1607 1902 1632 1938 η
1646 1904 1668 1927 ν

89 1947 179 1982 τοῦ
209 1939 523 1982 Αὐτολύκου.
1162 1962 1164 1965 ·

860 2020 916 2062 56

203 2103 384 2154 Etymol.
424 2117 474 2142 m.
521 2103 623 2153 399,
660 2106 711 2142 17
755 2099 1040 2155 Εὕτρήσιος
1083 2099 1192 2157 παρὰ
1236 2101 1279 2142 τὸ
1324 2104 1550 2157 τετρῆσθαι.
1597 2098 1668 2144 τὸν

90 2156 330 2199 Αὐτόλυκον
365 2155 386 2198 ὁ
423 2157 603 2208 Εὔπολις
643 2157 829 2200 σκώπτει.
868 2158 1071 2213 Εὔτρησις
1109 2158 1152 2199 δὲ
1189 2158 1301 2208 πόλις
1337 2158 1564 2214 Ἀρκαδική.
1615 2163 1666 2204 cf.

89 2218 279 2259 Teleclid.
312 2219 382 2258 57.
415 2219 637 2259 ‘muliebria
659 2218 845 2268 passum'
877 2219 1163 2270 interpretatur
1193 2219 1415 2259 Meinekius
1445 2220 1466 2258 I
1499 2222 1591 2259 117.

858 2342 912 2384 57

203 2424 409 2474 Aristoph.
449 2423 572 2475 Vesp.
613 2425 721 2465 1025
760 2420 855 2463 οὐδὲ
891 2423 1133 2476 παλαίστρας
1171 2422 1457 2475 περικωμάζων
1493 2423 1662 2475 πειρῶν·

88 2477 180 2520 οὐδ’
213 2479 255 2520 εἴ
282 2495 338 2528 τις
369 2473 537 2533 ἐραστὴς
567 2481 853 2536 κωμῳδεῖσθαι
873 2478 1027 2534 παιδίχ’
1053 2479 1197 2520 ἑαυτοῦ
1217 2486 1347 2532 μισῶν
1377 2479 1543 2520 ἔσπευδε
1562 2479 1665 2532 πρὸς

89 2533 232 2589 αὐτόν,
263 2535 400 2578 οὐδενὶ
429 2536 589 2578 πώποτέ
626 2549 726 2590 φησι
764 2536 977 2578 πιθέσθαι.
1028 2539 1098 2577 ubi
1129 2539 1252 2578 schol.
1284 2535 1340 2577 δι’
1373 2536 1570 2577 Εὔπολιν.
1623 2536 1666 2577 ἕν

89 2589 311 2649 Αὐτολύκῳ
342 2592 387 2634 δὲ
417 2595 580 2635 τοιαῦτα
611 2606 724 2648 φησι.
762 2595 898 2649 [τοῦτο
929 2593 973 2634 δὲ
1003 2594 1070 2634 καὶ
1100 2593 1144 2634 ἐν
1177 2593 1332 2647 Εἰρήνῃ
1361 2592 1500 2647 οὕτω]
1540 2597 1663 2635 Auto-

88 2653 224 2703 lycum
255 2650 338 2706 (01.
372 2655 440 2703 89,
472 2651 519 2705 4)
550 2654 843 2704 Aristophanes
873 2666 1006 2704 neque
1035 2653 1078 2692 in
1108 2653 1211 2692 Pace
1246 2651 1328 2704 (Ol.
1361 2654 1428 2700 89,
1461 2649 1506 2705 3)
1535 2666 1665 2703 neque

88 2710 132 2748 in
162 2709 307 2761 Vespis
351 2711 548 2762 respicere
591 2712 739 2761 potuit.
798 2712 932 2762 itaque
970 2711 1135 2748 alteram
1174 2710 1350 2748 fabulam
1388 2710 1437 2748 ab
1468 2710 1666 2760 Eupolide

88 2768 182 2806 ante
201 2766 354 2818 Vespas
386 2768 544 2807 doctam
567 2768 785 2819 significari
806 2769 949 2807 statuit
969 2767 1236 2805 Wilamowitz
1257 2765 1353 2806 Obs.
1376 2767 1463 2805 crit.
1483 2768 1664 2806 41-49,

89 2826 130 2863 at
159 2823 247 2863 fieri
276 2825 410 2875 potuit
440 2828 485 2864 ut
521 2828 661 2865 contra
690 2825 970 2875 Aristophanis
1001 2824 1165 2863 crimina
1195 2823 1362 2874 Eupolis
1393 2824 1434 2862 in
1465 2824 1664 2874 Autolyco

87 2893 130 2924 se
161 2881 410 2921 defenderet.
