1872 3224
618 177 829 213 HzIOAOI
863 178 1155 214 HPTTANEm
1592 180 1677 224 215

54 259 55 262 Ἴ
92 280 444 323 Reifferscheidius
474 282 680 323 Meletem.
710 282 838 324 Arist.
869 298 908 335 p.
944 286 966 324 7
999 285 1092 324 adn.
1133 285 1184 325 cf.
1223 299 1324 336 quae
1355 286 1398 325 in
1436 287 1557 326 tertia
1594 287 1676 326 edi-

36 346 42 354 “·
92 339 202 383 tione
231 339 434 382 adnotavi.
475 341 582 380 reete
613 340 837 381 Meinekius
869 342 1060 393 opinatur
1088 345 1250 393 poetam
1281 344 1360 383 tale
1381 343 1477 394 quid
1501 344 1669 384 dixisse:

28 434 42 446 „
93 395 138 438 τὸ
165 401 328 451 πρᾶγμα
357 391 480 449 κόγχη
511 395 658 437 διελεῖν
689 395 808 441 ἐστιν.

864 488 921 531 20

316 543 571 599 διενεγκεῖν

205 624 298 668 ἀντὶ
336 631 408 667 τοῦ
445 627 744 681 προσπαλαίειν.
786 628 1047 681 Τηλεκλείδης
1083 626 1269 683 (Ησιόδῳ.
1330 631 1496 672 Bekker.
1528 631 1674 671 Aneed.

0 688 26 729 ,Ξ-
94 688 163 736 91,
184 686 224 727 4.
256 682 667 741 (οοᾶ.τημεκλείδης.)
699 700 744 727 ea
759 688 873 727 notio
896 688 1058 730 aliunde
1077 701 1157 728 non
1180 689 1350 739 cognita.
1386 689 1555 728 fortasse
1573 702 1676 728 eom-

0 740 21 796 ζῗ·
90 744 222 796 parari
252 745 388 796 potest
417 742 639 796 διαλαβεῖν.
670 744 883 796 Aristoph.
916 746 990 796 Eq.
1024 746 1119 785 262.

0 802 10 839 ζ
205 801 505 853 Praetereaef.
539 802 589 842 fr.
622 803 689 842 39.
722 804 788 843 40,
822 803 889 842 45.

848 901 851 908 ’
864 926 918 969 21

301 977 482 1040 οὐδαμῇ

206 1067 379 1108 Bekker.
411 1067 564 1108 Aneed.
599 1069 700 1118 110,
732 1069 800 1118 25,
833 1068 1024 1117 Photius,
1057 1067 1203 1107 Suidas
1234 1062 1325 1106 ἀντὶ
1357 1071 1428 1106 τοῦ
1459 1062 1674 1118 οὐδαμόθι.

32 1140 34 1142 ’
95 1123 357 1178 Τηλεκλείδης
384 1120 572 1180 Ἡσιόδῳ.

740 1228 776 1261 Π
781 1227 975 1261 ΡΤΤΑΝΕ
980 1229 996 1261 1
1001 1228 1030 1260 Σ

864 1318 920 1360 22

205 1402 355 1443 Athen.
389 1404 456 1453 12,
488 1403 605 1442 553e
636 1398 719 1440 τὸν
749 1399 830 1440 ε’πὶ
862 1398 1257 1453 Θεμιστοκλέους
1288 1399 1379 1453 βίον
1412 1398 1672 1451 Τηλεκλείδης

92 1457 137 1500 ἐν
168 1458 426 1514 Πρυτάνεσιν
453 1452 584 1513 ἆβρόν
613 1457 712 1498 ὄντα
742 1458 1005 1511 παραδίδωσι.
1052 1459 1178 1500 vitam
1208 1458 1405 1510 placidam
1438 1460 1478 1497 et
1506 1458 1674 1496 hilarem

89 1518 219 1570 qualis
249 1520 337 1559 erat
366 1520 460 1569 post
487 1518 680 1559 victorias
709 1517 889 1557 Persicas
915 1517 1127 1569 significat.
1158 1516 1304 1567 Bergk.
1337 1516 1383 1555 R.
1414 1515 1501 1555 Att.
1535 1515 1631 1554 328.

865 1641 922 1684 23

297 1721 456 1779 Λάκης
485 1724 552 1773 τίς
583 1721 710 1765 ἐστιν
741 1719 884 1765 ὅντιν’
919 1717 1188 1777 ἀνθρώπων
1220 1718 1342 1777 ὁρᾷς.

207 1818 342 1859 Schol.
375 1818 584 1869 Aristoph.
624 1817 748 1868 Vesp.
795 1819 878 1857 836
919 1811 1006 1855 ἄλλ’
1050 1812 1178 1854 ἔοικεν
1217 1811 1238 1853 ὁ
1283 1810 1430 1866 Λάβης
1475 1810 1674 1864 ὠνοματο-

88 1878 342 1928 πεποιῆσθαι
361 1871 512 1925 ἁπλῶς,
544 1873 733 1928 καθάπερ
764 1870 785 1914 ὃ
819 1870 957 1925 Δάκης
989 1869 1010 1912 ὁ
1043 1870 1151 1924 παρὰ
1177 1871 1414 1925 Τηλεκλείδῃ
1446 1869 1490 1910 ἐν
1511 1869 1674 1923 Πρυτά-

90 1944 178 1975 νεσι
208 1935 290 1974 κτλ.
331 1933 464 1974 soribo
498 1929 636 1983 Δάκης
668 1931 725 1979 τίς
756 1929 875 1983 ἐστιν,
914 1929 945 1982 ἥ
955 1945 978 1970 ν
1009 1927 1086 1969 τιν’
1125 1925 1361 1982 ἀνθρώπων
1399 1925 1502 1983 ὁρᾷ,
1555 1931 1674 1979 atque

89 1988 166 2047 ὁρᾷ
197 1991 321 2031 etiam
351 1990 560 2031 Herwerd.
593 1989 690 2030 Obs.
723 1990 812 2030 erit.
837 1990 902 2028 18.
937 1989 1096 2029 ‘statim
1127 1989 1181 2027 ad
1210 1987 1468 2027 mordendum
1492 1990 1673 2035 paratus,

90 2051 160 2090 ubi
189 2050 360 2098 aliwem
389 2049 585 2088 hominem
615 2047 747 2088 videt'.

804 2159 875 2201 24.
906 2159 963 2201 25

541 2240 616 2283 καὶ
646 2236 865 2296 μελιχρὸν
896 2235 1026 2281 οἶνον
1056 2238 1207 2281 ἕλκειν

541 2308 587 2360 ἐξ
618 2305 829 2365 ἡδύπνου
861 2309 1085 2363 λεπαστῆς

539 2379 702 2434 τυρίον
733 2377 1021 2421 ἐπεσθίοντα.

207 2488 245 2515 v.
261 2476 332 2515 1.2
356 2474 587 2515 Athenaeus
609 2474 724 2513 486a
749 2471 1012 2523 Τηλεκλείδου
1035 2468 1077 2509 ἐκ
1096 2465 1357 2521 Πρυτάνεων.
1419 2483 1455 2508 v.
1478 2469 1501 2507 3
1523 2468 1672 2507 Athen.

92 2535 132 2583 4,
158 2533 275 2573 170d
295 2529 502 2571 ἐπεσθίειν
523 2530 657 2584 εἴρηκε
682 2529 943 2581 Τηλεκλείδης
972 2526 1225 2580 Πρυτάνεσιν
1246 2524 1374 2573 οὕτως
1388 2538 1396 2545 ·
1430 2524 1567 2577 τυρίον
1587 2527 1669 2563 κτλ.

92 2593 201 2631 reete
232 2590 439 2630 coniunxit
475 2590 672 2641 Bergkius
709 2589 757 2627 R.
798 2601 831 2627 e.
864 2588 950 2627 Att.
982 2588 1079 2627 327.
1117 2580 1302 2636 ἡδύπνου
1341 2584 1484 2623 Elmsl.
1523 2583 1670 2621 Edinb.

27 2691 31 2694 ,
92 2649 191 2691 Rev.
222 2647 383 2687 XVIIII
403 2646 478 2700 90]
510 2643 738 2699 ἡδυπνόου.
769 2659 851 2685 non
871 2644 1075 2684 adsentior
1096 2643 1308 2690 Meinekio,
1341 2641 1411 2691 qui
1442 2653 1531 2679 cum
1553 2642 1671 2678 antea

93 2706 315 2758 Bergkium
345 2707 505 2745 secutus
536 2707 657 2754 esset,
690 2704 732 2743 in
762 2703 938 2742 editione
970 2700 1166 2740 Athenaei
1199 2712 1289 2738 cum
1309 2698 1489 2738 Iacobsio
1513 2697 1671 2749 (Addit.

94 2763 191 2803 Ath.
224 2760 348 2816 265),
396 2762 610 2811 Elmsleio,
657 2760 868 2801 Dindorfio
908 2753 1040 2798 εἷλκεν
1077 2757 1238 2808 scripsit
1275 2755 1430 2795 duobus
1469 2755 1672 2805 prioribus

71 2821 278 2861 -versibus
316 2820 562 2860 continuatis
601 2817 738 2872 (Anal.
776 2818 867 2858 erit.
901 2815 1018 2868 225).
1067 2827 1144 2866 quo
1182 2814 1289 2854 facto
1329 2813 1406 2852 duo
1446 2812 1671 2863 fragmenta

97 2878 288 2931 coniungi
318 2877 398 2917 iam
427 2890 511 2919 non
541 2878 725 2929 possunt.
765 2876 898 2928 ‘quam
938 2887 1057 2914 suave
1094 2873 1155 2914 est
1185 2871 1366 2913 membra
1397 2871 1567 2911 stratum
1598 2868 1671 2909 sub
