<?xml version="1.0" encoding="UTF-8"?>
<!DOCTYPE html PUBLIC "-//W3C//DTD XHTML 1.0 Transitional//EN"
    "http://www.w3.org/TR/xhtml1/DTD/xhtml1-transitional.dtd">
<html xmlns="http://www.w3.org/1999/xhtml" xml:lang="en" lang="en">
 <head>
  <title>
</title>
<meta http-equiv="Content-Type" content="text/html;charset=utf-8" />
  <meta name='ocr-system' content='tesseract 3.04.00' />
  <meta name='ocr-capabilities' content='ocr_page ocr_carea ocr_par ocr_line ocrx_word'/>
</head>
<body>
  <div class='ocr_page' id='page_1' title='image "./comicorumatticor01kockuoft_0268.png"; bbox 0 0 1872 3224; ppageno 0'>
   <div class='ocr_carea' id='block_1_1' title="bbox 233 161 1150 219">
    <p class='ocr_par' dir='ltr' id='par_1_1' title="bbox 233 161 1150 219">
     <span class='ocr_line' id='line_1_1' title="bbox 233 161 1150 219; baseline -0.002 -21"><span class='ocrx_word' id='word_1_1' title='bbox 233 175 315 219; x_wconf 74' lang='lat'><em>238</em></span> <span class='ocrx_word' id='word_1_2' title='bbox 880 163 998 198; x_wconf 76' lang='lat' dir='ltr'><strong>EPMI</strong></span> <span class='ocrx_word' id='word_1_3' title='bbox 1007 161 1150 197; x_wconf 73' lang='lat'><em>[1110‘1‘</em></span> 
     </span>
    </p>
   </div>
   <div class='ocr_carea' id='block_1_2' title="bbox 499 257 1486 667">
    <p class='ocr_par' dir='ltr' id='par_1_2' title="bbox 509 257 1486 601">
     <span class='ocr_line' id='line_1_2' title="bbox 509 257 1441 327; baseline -0.013 -13"><span class='ocrx_word' id='word_1_4' title='bbox 509 282 529 314; x_wconf 88' lang='lat'>5</span> <span class='ocrx_word' id='word_1_5' title='bbox 561 270 734 327; x_wconf 77' lang='grc' dir='ltr'><em>ῥάβδον</em></span> <span class='ocrx_word' id='word_1_6' title='bbox 765 266 807 310; x_wconf 90' lang='grc' dir='ltr'><em>δ’</em></span> <span class='ocrx_word' id='word_1_7' title='bbox 841 265 944 319; x_wconf 81' lang='grc' dir='ltr'><em>ὄψει</em></span> <span class='ocrx_word' id='word_1_8' title='bbox 974 263 1060 321; x_wconf 78' lang='grc' dir='ltr'><em>την</em></span> <span class='ocrx_word' id='word_1_9' title='bbox 1091 257 1367 317; x_wconf 75' lang='grc' dir='ltr'><strong><em>κοτταβικὴν</em></strong></span> <span class='ocrx_word' id='word_1_10' title='bbox 1440 272 1441 275; x_wconf 73' lang='grc'>’</span> 
     </span>
     <span class='ocr_line' id='line_1_3' title="bbox 564 329 1365 392; baseline -0.012 -10"><span class='ocrx_word' id='word_1_11' title='bbox 564 340 615 383; x_wconf 82' lang='grc' dir='ltr'><em>ἐν</em></span> <span class='ocrx_word' id='word_1_12' title='bbox 645 345 738 388; x_wconf 75' lang='grc' dir='ltr'><em>τοῖς</em></span> <span class='ocrx_word' id='word_1_13' title='bbox 769 335 978 392; x_wconf 81' lang='grc' dir='ltr'><em>ἀχύροισι</em></span> <span class='ocrx_word' id='word_1_14' title='bbox 1010 329 1365 387; x_wconf 82' lang='grc' dir='ltr'><strong><em>κυλινδομένην,</em></strong></span> 
     </span>
     <span class='ocr_line' id='line_1_4' title="bbox 562 398 1353 461; baseline -0.011 -11"><span class='ocrx_word' id='word_1_15' title='bbox 562 410 726 461; x_wconf 84' lang='grc' dir='ltr'><em>Μανῆς</em></span> <span class='ocrx_word' id='word_1_16' title='bbox 756 403 798 447; x_wconf 88' lang='grc' dir='ltr'><em>δ’</em></span> <span class='ocrx_word' id='word_1_17' title='bbox 833 402 971 447; x_wconf 80' lang='grc' dir='ltr'><em>οὐδὲν</em></span> <span class='ocrx_word' id='word_1_18' title='bbox 1002 403 1216 456; x_wconf 73' lang='grc' dir='ltr'><em>λατάγων</em></span> <span class='ocrx_word' id='word_1_19' title='bbox 1246 398 1353 454; x_wconf 84' lang='grc' dir='ltr'><em>άίει,</em></span> 
     </span>
     <span class='ocr_line' id='line_1_5' title="bbox 564 465 1486 531; baseline -0.01 -13"><span class='ocrx_word' id='word_1_20' title='bbox 564 475 646 531; x_wconf 79' lang='grc' dir='ltr'><em>τὴν</em></span> <span class='ocrx_word' id='word_1_21' title='bbox 677 475 725 516; x_wconf 81' lang='grc' dir='ltr'><em>δὲ</em></span> <span class='ocrx_word' id='word_1_22' title='bbox 756 473 975 516; x_wconf 87' lang='grc' dir='ltr'><em>τάλαιναν</em></span> <span class='ocrx_word' id='word_1_23' title='bbox 1005 467 1246 524; x_wconf 76' lang='grc' dir='ltr'><em>πλάστιγγ’</em></span> <span class='ocrx_word' id='word_1_24' title='bbox 1279 465 1338 511; x_wconf 73' lang='grc' dir='ltr'><em>ἂν</em></span> <span class='ocrx_word' id='word_1_25' title='bbox 1369 467 1486 517; x_wconf 74' lang='grc' dir='ltr'><em>ἴδοις</em></span> 
     </span>
     <span class='ocr_line' id='line_1_6' title="bbox 564 539 1366 601; baseline -0.01 -14"><span class='ocrx_word' id='word_1_26' title='bbox 564 543 686 601; x_wconf 76' lang='grc' dir='ltr'><em>παρὰ</em></span> <span class='ocrx_word' id='word_1_27' title='bbox 716 540 798 586; x_wconf 88' lang='grc' dir='ltr'><em>τὸν</em></span> <span class='ocrx_word' id='word_1_28' title='bbox 829 541 1032 598; x_wconf 81' lang='grc' dir='ltr'><em>στροφέα</em></span> <span class='ocrx_word' id='word_1_29' title='bbox 1062 541 1141 595; x_wconf 84' lang='grc' dir='ltr'><em>τῆς</em></span> <span class='ocrx_word' id='word_1_30' title='bbox 1171 539 1366 594; x_wconf 79' lang='grc' dir='ltr'><strong><em>κηπαίας</em></strong></span> 
     </span>
    </p>

    <p class='ocr_par' dir='ltr' id='par_1_3' title="bbox 499 602 1248 667">
     <span class='ocr_line' id='line_1_7' title="bbox 499 602 1248 667; baseline -0.009 -10"><span class='ocrx_word' id='word_1_31' title='bbox 499 626 539 657; x_wconf 89' lang='grc'><em>10</em></span> <span class='ocrx_word' id='word_1_32' title='bbox 572 616 623 658; x_wconf 81' lang='grc' dir='ltr'><em>ἐν</em></span> <span class='ocrx_word' id='word_1_33' title='bbox 652 619 767 657; x_wconf 82' lang='grc' dir='ltr'><em>τοῖσι</em></span> <span class='ocrx_word' id='word_1_34' title='bbox 798 610 1053 667; x_wconf 84' lang='grc' dir='ltr'><em>κορήμασιν</em></span> <span class='ocrx_word' id='word_1_35' title='bbox 1085 602 1248 651; x_wconf 75' lang='grc' dir='ltr'><em>οὖσαν.</em></span> 
     </span>
    </p>
   </div>
   <div class='ocr_carea' id='block_1_3' title="bbox 189 687 1872 2351">
    <p class='ocr_par' dir='ltr' id='par_1_4' title="bbox 222 687 1872 1153">
     <span class='ocr_line' id='line_1_8' title="bbox 352 687 1839 747; baseline -0.01 -6"><span class='ocrx_word' id='word_1_36' title='bbox 352 688 576 741; x_wconf 55' lang='lat' dir='ltr'><strong>Athenaeus</strong></span> <span class='ocrx_word' id='word_1_37' title='bbox 612 699 675 745; x_wconf 88' lang='lat'><em>15,</em></span> <span class='ocrx_word' id='word_1_38' title='bbox 701 697 780 735; x_wconf 89' lang='grc'><em>668</em></span> <span class='ocrx_word' id='word_1_39' title='bbox 795 710 817 734; x_wconf 81' lang='lat' dir='ltr'><strong>a</strong></span> <span class='ocrx_word' id='word_1_40' title='bbox 834 693 1062 747; x_wconf 64' lang='grc' dir='ltr'><em>’Έρμιππος</em></span> <span class='ocrx_word' id='word_1_41' title='bbox 1094 689 1290 742; x_wconf 86' lang='grc' dir='ltr'><em>Μοίραις.</em></span> <span class='ocrx_word' id='word_1_42' title='bbox 1350 704 1390 731; x_wconf 88' lang='lat' dir='ltr'><em>v.</em></span> <span class='ocrx_word' id='word_1_43' title='bbox 1412 689 1557 730; x_wconf 87' lang='lat'>5—10</span> <span class='ocrx_word' id='word_1_44' title='bbox 1577 687 1730 730; x_wconf 71' lang='lat' dir='ltr'><strong>Athen.</strong></span> <span class='ocrx_word' id='word_1_45' title='bbox 1751 687 1839 739; x_wconf 38' lang='lat' dir='ltr'><em>11,ss*</em></span> 
     </span>
     <span class='ocr_line' id='line_1_9' title="bbox 240 743 1822 810; baseline -0.011 -10"><span class='ocrx_word' id='word_1_46' title='bbox 240 763 359 800; x_wconf 85' lang='lat' dir='ltr'>487e</span> <span class='ocrx_word' id='word_1_47' title='bbox 395 756 620 810; x_wconf 69' lang='grc' dir='ltr'><em>’Ἐρμιππος</em></span> <span class='ocrx_word' id='word_1_48' title='bbox 666 752 855 805; x_wconf 86' lang='grc' dir='ltr'><em>Μοίραις.</em></span> <span class='ocrx_word' id='word_1_49' title='bbox 937 766 975 791; x_wconf 86' lang='lat' dir='ltr'><em>v.</em></span> <span class='ocrx_word' id='word_1_50' title='bbox 1010 751 1048 789; x_wconf 88' lang='lat'><em>5.</em></span> <span class='ocrx_word' id='word_1_51' title='bbox 1083 752 1107 790; x_wconf 89' lang='grc'><strong>6</strong></span> <span class='ocrx_word' id='word_1_52' title='bbox 1149 749 1281 788; x_wconf 83' lang='lat' dir='ltr'>Schol.</span> <span class='ocrx_word' id='word_1_53' title='bbox 1323 747 1531 799; x_wconf 79' lang='lat' dir='ltr'><strong>Aristoph.</strong></span> <span class='ocrx_word' id='word_1_54' title='bbox 1571 745 1665 786; x_wconf 74' lang='lat' dir='ltr'><strong>Pae.</strong></span> <span class='ocrx_word' id='word_1_55' title='bbox 1706 743 1822 796; x_wconf 70' lang='lat'><em>1242</em></span> 
     </span>
     <span class='ocr_line' id='line_1_10' title="bbox 226 799 1845 868; baseline -0.006 -33"><span class='ocrx_word' id='word_1_56' title='bbox 226 803 450 868; x_wconf 61' lang='grc' dir='ltr'><em>πνΕρμῖππος</em></span> <span class='ocrx_word' id='word_1_57' title='bbox 489 809 599 853; x_wconf 81' lang='grc' dir='ltr'><em>εἶπεν</em></span> <span class='ocrx_word' id='word_1_58' title='bbox 637 810 686 850; x_wconf 81' lang='grc' dir='ltr'><em>ἐν</em></span> <span class='ocrx_word' id='word_1_59' title='bbox 725 806 1078 862; x_wconf 81' lang='grc' dir='ltr'><em>Στρατιώταις.</em></span> <span class='ocrx_word' id='word_1_60' title='bbox 1141 809 1179 848; x_wconf 92' lang='grc'><em>3.</em></span> <span class='ocrx_word' id='word_1_61' title='bbox 1210 803 1354 857; x_wconf 86' lang='grc' dir='ltr'><em>κνημὶς</em></span> <span class='ocrx_word' id='word_1_62' title='bbox 1397 827 1447 833; x_wconf 92' lang='grc'><em>--</em></span> <span class='ocrx_word' id='word_1_63' title='bbox 1486 800 1712 857; x_wconf 60' lang='grc' dir='ltr'><em>ἆρθροῦται</em></span> <span class='ocrx_word' id='word_1_64' title='bbox 1747 799 1845 845; x_wconf 44' lang='lat' dir='ltr'><em>Ei.</em></span> 
     </span>
     <span class='ocr_line' id='line_1_11' title="bbox 239 857 1851 923; baseline -0.009 -9"><span class='ocrx_word' id='word_1_65' title='bbox 239 875 414 914; x_wconf 79' lang='lat' dir='ltr'><strong>furdtius</strong></span> <span class='ocrx_word' id='word_1_66' title='bbox 444 869 545 923; x_wconf 93' lang='lat'>470]</span> <span class='ocrx_word' id='word_1_67' title='bbox 578 867 764 920; x_wconf 84' lang='grc' dir='ltr'><em>κνημίδες</em></span> <span class='ocrx_word' id='word_1_68' title='bbox 790 890 835 896; x_wconf 91' lang='lat'><em>—-</em></span> <span class='ocrx_word' id='word_1_69' title='bbox 860 863 1123 918; x_wconf 84' lang='grc' dir='ltr'><em>ἆρθροῦνται.</em></span> <span class='ocrx_word' id='word_1_70' title='bbox 1145 863 1316 916; x_wconf 88' lang='grc' dir='ltr'><em>κνημῑδε</em></span> <span class='ocrx_word' id='word_1_71' title='bbox 1335 884 1393 891; x_wconf 90' lang='grc'>-</span> <span class='ocrx_word' id='word_1_72' title='bbox 1413 857 1672 916; x_wconf 48' lang='grc' dir='ltr'><em>ἅρθροῦνται,</em></span> <span class='ocrx_word' id='word_1_73' title='bbox 1693 859 1820 915; x_wconf 70' lang='lat' dir='ltr'><strong>Berg-</strong></span> <span class='ocrx_word' id='word_1_74' title='bbox 1847 861 1851 865; x_wconf 69' lang='grc'><em>’</em></span> 
     </span>
     <span class='ocr_line' id='line_1_12' title="bbox 241 912 1817 975; baseline -0.009 -4"><span class='ocrx_word' id='word_1_75' title='bbox 241 933 332 971; x_wconf 81' lang='lat' dir='ltr'><strong>kius</strong></span> <span class='ocrx_word' id='word_1_76' title='bbox 371 932 418 972; x_wconf 87' lang='lat' dir='ltr'><em>R.</em></span> <span class='ocrx_word' id='word_1_77' title='bbox 450 942 482 969; x_wconf 78' lang='grc' dir='ltr'><em>ο.</em></span> <span class='ocrx_word' id='word_1_78' title='bbox 516 930 601 967; x_wconf 77' lang='lat' dir='ltr'><strong>Att.</strong></span> <span class='ocrx_word' id='word_1_79' title='bbox 642 928 735 965; x_wconf 86' lang='lat'><strong>320.</strong></span> <span class='ocrx_word' id='word_1_80' title='bbox 795 926 833 964; x_wconf 86' lang='lat'><em>4.</em></span> <span class='ocrx_word' id='word_1_81' title='bbox 866 920 920 962; x_wconf 76' lang='grc' dir='ltr'><em>ἔτ’</em></span> <span class='ocrx_word' id='word_1_82' title='bbox 962 921 1057 975; x_wconf 76' lang='grc' dir='ltr'><em>ἔρως</em></span> <span class='ocrx_word' id='word_1_83' title='bbox 1096 922 1249 963; x_wconf 81' lang='lat' dir='ltr'><strong>Iacobs.</strong></span> <span class='ocrx_word' id='word_1_84' title='bbox 1280 921 1384 961; x_wconf 83' lang='lat' dir='ltr'>Mus.</span> <span class='ocrx_word' id='word_1_85' title='bbox 1417 918 1609 973; x_wconf 15' lang='lat' dir='ltr'>Att.*1111</span> <span class='ocrx_word' id='word_1_86' title='bbox 1629 916 1676 968; x_wconf 83' lang='lat'><em>3,</em></span> <span class='ocrx_word' id='word_1_87' title='bbox 1707 912 1817 973; x_wconf 72' lang='lat'><em>494]</em></span> 
     </span>
     <span class='ocr_line' id='line_1_13' title="bbox 242 971 1872 1041; baseline -0.008 -14"><span class='ocrx_word' id='word_1_88' title='bbox 242 986 393 1041; x_wconf 77' lang='grc' dir='ltr'><em>ἑτέρως.</em></span> <span class='ocrx_word' id='word_1_89' title='bbox 454 989 491 1026; x_wconf 83' lang='grc'><em>6.</em></span> <span class='ocrx_word' id='word_1_90' title='bbox 523 983 650 1037; x_wconf 91' lang='grc' dir='ltr'><em>μάνης</em></span> <span class='ocrx_word' id='word_1_91' title='bbox 690 979 728 1020; x_wconf 84' lang='grc' dir='ltr'><em>δ’</em></span> <span class='ocrx_word' id='word_1_92' title='bbox 763 976 882 1021; x_wconf 82' lang='grc' dir='ltr'><em>οὐδὲν</em></span> <span class='ocrx_word' id='word_1_93' title='bbox 921 977 1056 1034; x_wconf 69' lang='grc'>4878]</span> <span class='ocrx_word' id='word_1_94' title='bbox 1096 983 1227 1030; x_wconf 85' lang='grc' dir='ltr'><em>μανῆς</em></span> <span class='ocrx_word' id='word_1_95' title='bbox 1266 974 1308 1016; x_wconf 85' lang='grc' dir='ltr'><em>δ’</em></span> <span class='ocrx_word' id='word_1_96' title='bbox 1349 973 1446 1017; x_wconf 81' lang='grc' dir='ltr'><em>οὐδὲ</em></span> <span class='ocrx_word' id='word_1_97' title='bbox 1484 976 1605 1017; x_wconf 87' lang='lat' dir='ltr'>PVL.</span> <span class='ocrx_word' id='word_1_98' title='bbox 1635 971 1872 1036; x_wconf 53' lang='grc' dir='ltr'><em>λατάγῶνξ</em></span> 
     </span>
     <span class='ocr_line' id='line_1_14' title="bbox 222 1026 1872 1096; baseline -0.008 -11"><span class='ocrx_word' id='word_1_99' title='bbox 222 1043 318 1084; x_wconf 81' lang='grc' dir='ltr'><em>’ἆίει</em></span> <span class='ocrx_word' id='word_1_100' title='bbox 346 1041 517 1096; x_wconf 83' lang='lat' dir='ltr'>Iacobs.]</span> <span class='ocrx_word' id='word_1_101' title='bbox 549 1038 756 1092; x_wconf 85' lang='grc' dir='ltr'><em>λατάγωνα</em></span> <span class='ocrx_word' id='word_1_102' title='bbox 795 1053 829 1078; x_wconf 89' lang='grc' dir='ltr'><em>ει</em></span> <span class='ocrx_word' id='word_1_103' title='bbox 859 1040 908 1078; x_wconf 88' lang='grc' dir='ltr'><em>Α.</em></span> <span class='ocrx_word' id='word_1_104' title='bbox 940 1039 1054 1078; x_wconf 68' lang='grc'>4876</span> <span class='ocrx_word' id='word_1_105' title='bbox 1084 1035 1278 1089; x_wconf 75' lang='grc' dir='ltr'><em>λατάγων</em></span> <span class='ocrx_word' id='word_1_106' title='bbox 1304 1033 1383 1075; x_wconf 77' lang='grc' dir='ltr'><em>αἰεὶ</em></span> <span class='ocrx_word' id='word_1_107' title='bbox 1420 1036 1471 1077; x_wconf 85' lang='lat' dir='ltr'><em>A.</em></span> <span class='ocrx_word' id='word_1_108' title='bbox 1534 1035 1575 1074; x_wconf 89' lang='lat'><em>8.</em></span> <span class='ocrx_word' id='word_1_109' title='bbox 1605 1026 1814 1086; x_wconf 62' lang='grc' dir='ltr'><em>πλάστιγγ’</em></span> <span class='ocrx_word' id='word_1_110' title='bbox 1856 1043 1872 1079; x_wconf 48' lang='lat'><em>⁸4·</em></span> 
     </span>
     <span class='ocr_line' id='line_1_15' title="bbox 244 1097 1872 1153; baseline -0.019 -11"><span class='ocrx_word' id='word_1_111' title='bbox 244 1100 298 1142; x_wconf 76' lang='grc' dir='ltr'><em>ὄίν</em></span> <span class='ocrx_word' id='word_1_112' title='bbox 328 1103 408 1141; x_wconf 87' lang='grc'><em>487</em></span> <span class='ocrx_word' id='word_1_113' title='bbox 423 1099 461 1153; x_wconf 87' lang='lat' dir='ltr'><em>e]</em></span> <span class='ocrx_word' id='word_1_114' title='bbox 493 1097 723 1150; x_wconf 81' lang='grc' dir='ltr'><em>πλάστιγγα.</em></span> <span class='ocrx_word' id='word_1_115' title='bbox 1862 1099 1872 1109; x_wconf 75' lang='grc'><em>.-</em></span> 
     </span>
    </p>

    <p class='ocr_par' dir='ltr' id='par_1_5' title="bbox 243 1149 1872 1497">
     <span class='ocr_line' id='line_1_16' title="bbox 357 1149 1872 1208; baseline -0.006 -12"><span class='ocrx_word' id='word_1_116' title='bbox 357 1161 393 1198; x_wconf 88' lang='grc'><em>3.</em></span> <span class='ocrx_word' id='word_1_117' title='bbox 426 1171 497 1208; x_wconf 89' lang='lat' dir='ltr'><em>pro</em></span> <span class='ocrx_word' id='word_1_118' title='bbox 543 1152 787 1208; x_wconf 78' lang='grc' dir='ltr'><em>άρθροῦται,</em></span> <span class='ocrx_word' id='word_1_119' title='bbox 833 1154 939 1204; x_wconf 89' lang='lat' dir='ltr'>quod</span> <span class='ocrx_word' id='word_1_120' title='bbox 977 1153 1110 1192; x_wconf 82' lang='lat' dir='ltr'><strong>minus</strong></span> <span class='ocrx_word' id='word_1_121' title='bbox 1151 1153 1289 1202; x_wconf 78' lang='lat' dir='ltr'><strong>aptum</strong></span> <span class='ocrx_word' id='word_1_122' title='bbox 1329 1150 1510 1201; x_wconf 76' lang='lat' dir='ltr'><strong>videtur,</strong></span> <span class='ocrx_word' id='word_1_123' title='bbox 1549 1149 1724 1189; x_wconf 68' lang='lat' dir='ltr'><strong>fortasse</strong></span> <span class='ocrx_word' id='word_1_124' title='bbox 1761 1159 1822 1187; x_wconf 80' lang='lat' dir='ltr'><em>re·</em></span> <span class='ocrx_word' id='word_1_125' title='bbox 1864 1162 1872 1182; x_wconf 71' lang='lat'><em>1</em></span> 
     </span>
     <span class='ocr_line' id='line_1_17' title="bbox 245 1201 1822 1265; baseline -0.008 -9"><span class='ocrx_word' id='word_1_126' title='bbox 245 1216 491 1256; x_wconf 76' lang='lat' dir='ltr'><strong>stituendum</strong></span> <span class='ocrx_word' id='word_1_127' title='bbox 529 1209 781 1265; x_wconf 77' lang='grc' dir='ltr'><em>αρτύεται,</em></span> <span class='ocrx_word' id='word_1_128' title='bbox 827 1211 933 1261; x_wconf 85' lang='lat' dir='ltr'>apud</span> <span class='ocrx_word' id='word_1_129' title='bbox 978 1211 1199 1250; x_wconf 89' lang='lat' dir='ltr'><strong>Homerum</strong></span> <span class='ocrx_word' id='word_1_130' title='bbox 1239 1221 1399 1259; x_wconf 87' lang='lat' dir='ltr'><strong>semper</strong></span> <span class='ocrx_word' id='word_1_131' title='bbox 1427 1208 1465 1247; x_wconf 86' lang='grc' dir='ltr'><em>ὕ.</em></span> <span class='ocrx_word' id='word_1_132' title='bbox 1540 1205 1580 1246; x_wconf 87' lang='grc'><em>4.</em></span> <span class='ocrx_word' id='word_1_133' title='bbox 1613 1205 1663 1245; x_wconf 84' lang='lat' dir='ltr'><em>de</em></span> <span class='ocrx_word' id='word_1_134' title='bbox 1699 1201 1822 1259; x_wconf 72' lang='grc' dir='ltr'><em>βλαύ-</em></span> 
     </span>
     <span class='ocr_line' id='line_1_18' title="bbox 246 1262 1820 1321; baseline -0.006 -9"><span class='ocrx_word' id='word_1_135' title='bbox 246 1288 330 1321; x_wconf 83' lang='grc' dir='ltr'><em>ταις</em></span> <span class='ocrx_word' id='word_1_136' title='bbox 362 1274 411 1312; x_wconf 82' lang='lat' dir='ltr'><em>of.</em></span> <span class='ocrx_word' id='word_1_137' title='bbox 443 1271 546 1310; x_wconf 72' lang='lat' dir='ltr'><strong>Plat.</strong></span> <span class='ocrx_word' id='word_1_138' title='bbox 581 1271 718 1320; x_wconf 84' lang='lat' dir='ltr'><strong>Symp.</strong></span> <span class='ocrx_word' id='word_1_139' title='bbox 753 1270 833 1307; x_wconf 92' lang='lat'><em>174</em></span> <span class='ocrx_word' id='word_1_140' title='bbox 846 1282 880 1307; x_wconf 83' lang='lat' dir='ltr'><em>a.</em></span> <span class='ocrx_word' id='word_1_141' title='bbox 919 1268 1086 1319; x_wconf 82' lang='lat' dir='ltr'>Lysipp.</span> <span class='ocrx_word' id='word_1_142' title='bbox 1120 1268 1158 1306; x_wconf 80' lang='lat'><em>2.</em></span> <span class='ocrx_word' id='word_1_143' title='bbox 1199 1266 1359 1306; x_wconf 81' lang='lat' dir='ltr'><strong>Anaxil.</strong></span> <span class='ocrx_word' id='word_1_144' title='bbox 1401 1265 1548 1305; x_wconf 77' lang='lat' dir='ltr'><strong>Athen.</strong></span> <span class='ocrx_word' id='word_1_145' title='bbox 1582 1263 1651 1317; x_wconf 81' lang='lat'><em>12,</em></span> <span class='ocrx_word' id='word_1_146' title='bbox 1691 1262 1820 1318; x_wconf 73' lang='lat'>5480.</span> 
     </span>
     <span class='ocr_line' id='line_1_19' title="bbox 243 1320 1821 1375; baseline -0.007 -5"><span class='ocrx_word' id='word_1_147' title='bbox 243 1330 467 1371; x_wconf 80' lang='lat' dir='ltr'><strong>Blomfield.</strong></span> <span class='ocrx_word' id='word_1_148' title='bbox 500 1327 628 1367; x_wconf 84' lang='lat' dir='ltr'>Gloss.</span> <span class='ocrx_word' id='word_1_149' title='bbox 661 1327 803 1366; x_wconf 84' lang='lat' dir='ltr'><strong>Aesch.</strong></span> <span class='ocrx_word' id='word_1_150' title='bbox 834 1325 967 1365; x_wconf 87' lang='lat' dir='ltr'><strong>Prom.</strong></span> <span class='ocrx_word' id='word_1_151' title='bbox 1002 1327 1081 1365; x_wconf 88' lang='lat'><em>138</em></span> <span class='ocrx_word' id='word_1_152' title='bbox 1111 1338 1151 1375; x_wconf 91' lang='lat' dir='ltr'><em>p.</em></span> <span class='ocrx_word' id='word_1_153' title='bbox 1185 1325 1237 1363; x_wconf 87' lang='lat'><em>93</em></span> <span class='ocrx_word' id='word_1_154' title='bbox 1269 1324 1380 1374; x_wconf 84' lang='lat' dir='ltr'><strong>Lips.</strong></span> <span class='ocrx_word' id='word_1_155' title='bbox 1443 1323 1479 1362; x_wconf 91' lang='lat'><em>5.</em></span> <span class='ocrx_word' id='word_1_156' title='bbox 1510 1321 1618 1362; x_wconf 89' lang='lat' dir='ltr'><strong>Pon.</strong></span> <span class='ocrx_word' id='word_1_157' title='bbox 1650 1321 1688 1371; x_wconf 81' lang='lat'><em>6,</em></span> <span class='ocrx_word' id='word_1_158' title='bbox 1723 1320 1821 1360; x_wconf 83' lang='lat'>109.</span> 
     </span>
     <span class='ocr_line' id='line_1_20' title="bbox 249 1373 1823 1437; baseline -0.007 -10"><span class='ocrx_word' id='word_1_159' title='bbox 249 1390 300 1427; x_wconf 88' lang='grc'><em>10</em></span> <span class='ocrx_word' id='word_1_160' title='bbox 330 1385 373 1426; x_wconf 88' lang='grc' dir='ltr'><em>τὸ</em></span> <span class='ocrx_word' id='word_1_161' title='bbox 409 1383 481 1437; x_wconf 83' lang='grc' dir='ltr'><em>μὲν</em></span> <span class='ocrx_word' id='word_1_162' title='bbox 525 1384 754 1435; x_wconf 86' lang='grc' dir='ltr'><em>κοτταβεῖον</em></span> <span class='ocrx_word' id='word_1_163' title='bbox 792 1380 979 1433; x_wconf 79' lang='grc' dir='ltr'><em>ἐκρέματο</em></span> <span class='ocrx_word' id='word_1_164' title='bbox 1017 1377 1096 1421; x_wconf 84' lang='grc' dir='ltr'><em>άπὸ</em></span> <span class='ocrx_word' id='word_1_165' title='bbox 1136 1385 1207 1421; x_wconf 86' lang='grc' dir='ltr'><em>τοῦ</em></span> <span class='ocrx_word' id='word_1_166' title='bbox 1245 1376 1400 1433; x_wconf 86' lang='grc' dir='ltr'><em>ὀρόφου</em></span> <span class='ocrx_word' id='word_1_167' title='bbox 1445 1376 1593 1418; x_wconf 75' lang='grc' dir='ltr'><em>ὕπτιον</em></span> <span class='ocrx_word' id='word_1_168' title='bbox 1624 1406 1635 1417; x_wconf 88' lang='grc'><em>.</em></span> <span class='ocrx_word' id='word_1_169' title='bbox 1668 1406 1680 1416; x_wconf 90' lang='grc'><strong>.</strong></span> <span class='ocrx_word' id='word_1_170' title='bbox 1711 1406 1729 1421; x_wconf 71' lang='grc'><em>.,</em></span> <span class='ocrx_word' id='word_1_171' title='bbox 1752 1373 1823 1417; x_wconf 67' lang='grc' dir='ltr'><em>καὶ</em></span> 
     </span>
     <span class='ocr_line' id='line_1_21' title="bbox 245 1432 1822 1497; baseline -0.004 -14"><span class='ocrx_word' id='word_1_172' title='bbox 245 1440 374 1497; x_wconf 85' lang='grc' dir='ltr'><em>μακρά</em></span> <span class='ocrx_word' id='word_1_173' title='bbox 404 1457 477 1492; x_wconf 42' lang='grc' dir='ltr'><em>τις,</em></span> <span class='ocrx_word' id='word_1_174' title='bbox 501 1439 707 1493; x_wconf 79' lang='grc' dir='ltr'><em>ῥάβδος,</em></span> <span class='ocrx_word' id='word_1_175' title='bbox 743 1437 798 1492; x_wconf 74' lang='grc' dir='ltr'><em>ἣν</em></span> <span class='ocrx_word' id='word_1_176' title='bbox 835 1438 903 1479; x_wconf 83' lang='grc' dir='ltr'><em>καὶ</em></span> <span class='ocrx_word' id='word_1_177' title='bbox 938 1437 1126 1491; x_wconf 77' lang='grc' dir='ltr'><em>ῥάβδον</em></span> <span class='ocrx_word' id='word_1_178' title='bbox 1162 1434 1471 1491; x_wconf 80' lang='grc' dir='ltr'><em>κοτταβικὴν</em></span> <span class='ocrx_word' id='word_1_179' title='bbox 1507 1432 1716 1488; x_wconf 78' lang='grc' dir='ltr'><em>ὠνόμαζον</em></span> <span class='ocrx_word' id='word_1_180' title='bbox 1746 1463 1758 1475; x_wconf 90' lang='grc'><strong>.</strong></span> <span class='ocrx_word' id='word_1_181' title='bbox 1780 1463 1822 1477; x_wconf 87' lang='grc'><em>..</em></span> 
     </span>
    </p>

    <p class='ocr_par' dir='ltr' id='par_1_6' title="bbox 189 1489 1864 2351">
     <span class='ocr_line' id='line_1_22' title="bbox 189 1489 1824 1550; baseline -0.006 -9"><span class='ocrx_word' id='word_1_182' title='bbox 189 1543 191 1547; x_wconf 67' lang='grc'>,</span> <span class='ocrx_word' id='word_1_183' title='bbox 246 1499 286 1541; x_wconf 85' lang='grc' dir='ltr'><em>τὸ</em></span> <span class='ocrx_word' id='word_1_184' title='bbox 319 1499 362 1540; x_wconf 84' lang='grc' dir='ltr'><em>δέ</em></span> <span class='ocrx_word' id='word_1_185' title='bbox 391 1514 428 1539; x_wconf 89' lang='grc' dir='ltr'><em>τι</em></span> <span class='ocrx_word' id='word_1_186' title='bbox 456 1493 508 1550; x_wconf 78' lang='grc' dir='ltr'><em>ην</em></span> <span class='ocrx_word' id='word_1_187' title='bbox 537 1497 647 1549; x_wconf 80' lang='grc' dir='ltr'><em>κοίλη</em></span> <span class='ocrx_word' id='word_1_188' title='bbox 667 1512 725 1545; x_wconf 87' lang='grc' dir='ltr'><em>τις</em></span> <span class='ocrx_word' id='word_1_189' title='bbox 747 1495 814 1536; x_wconf 80' lang='grc' dir='ltr'><em>καὶ</em></span> <span class='ocrx_word' id='word_1_190' title='bbox 835 1495 1049 1549; x_wconf 86' lang='grc' dir='ltr'><em>περιφερὴς</em></span> <span class='ocrx_word' id='word_1_191' title='bbox 1071 1495 1243 1545; x_wconf 83' lang='grc' dir='ltr'><em>λεκανίς,</em></span> <span class='ocrx_word' id='word_1_192' title='bbox 1274 1492 1329 1547; x_wconf 77' lang='grc' dir='ltr'><em>ἢν</em></span> <span class='ocrx_word' id='word_1_193' title='bbox 1358 1492 1427 1534; x_wconf 81' lang='grc' dir='ltr'><em>καὶ</em></span> <span class='ocrx_word' id='word_1_194' title='bbox 1456 1491 1620 1547; x_wconf 79' lang='grc' dir='ltr'><em>χαλκίον</em></span> <span class='ocrx_word' id='word_1_195' title='bbox 1651 1489 1824 1532; x_wconf 71' lang='grc' dir='ltr'><em>ἐκάλουν</em></span> 
     </span>
     <span class='ocr_line' id='line_1_23' title="bbox 245 1544 1848 1609; baseline -0.005 -12"><span class='ocrx_word' id='word_1_196' title='bbox 245 1557 311 1598; x_wconf 86' lang='grc' dir='ltr'><em>καὶ</em></span> <span class='ocrx_word' id='word_1_197' title='bbox 341 1556 504 1607; x_wconf 82' lang='grc' dir='ltr'><em>σκάφην</em></span> <span class='ocrx_word' id='word_1_198' title='bbox 537 1585 576 1596; x_wconf 91' lang='grc'><em>..</em></span> <span class='ocrx_word' id='word_1_199' title='bbox 602 1586 609 1594; x_wconf 96' lang='grc'><strong>.</strong></span> <span class='ocrx_word' id='word_1_200' title='bbox 642 1554 709 1594; x_wconf 86' lang='grc' dir='ltr'><em>καὶ</em></span> <span class='ocrx_word' id='word_1_201' title='bbox 745 1560 798 1609; x_wconf 76' lang='grc' dir='ltr'><em>τῷ</em></span> <span class='ocrx_word' id='word_1_202' title='bbox 834 1553 909 1605; x_wconf 83' lang='grc' dir='ltr'><em>μὲν</em></span> <span class='ocrx_word' id='word_1_203' title='bbox 938 1552 981 1592; x_wconf 79' lang='grc' dir='ltr'><em>ἐκ</em></span> <span class='ocrx_word' id='word_1_204' title='bbox 1011 1559 1083 1593; x_wconf 87' lang='grc' dir='ltr'><em>τοῦ</em></span> <span class='ocrx_word' id='word_1_205' title='bbox 1113 1550 1265 1606; x_wconf 86' lang='grc' dir='ltr'><em>ὀρόφου</em></span> <span class='ocrx_word' id='word_1_206' title='bbox 1305 1549 1540 1606; x_wconf 76' lang='grc' dir='ltr'><em>κρεμαμένῳ</em></span> <span class='ocrx_word' id='word_1_207' title='bbox 1575 1547 1702 1603; x_wconf 75' lang='grc' dir='ltr'><em>ἐχρῆν</em></span> <span class='ocrx_word' id='word_1_208' title='bbox 1735 1544 1848 1589; x_wconf 57' lang='grc' dir='ltr'><em>ἔπι-ἓγ</em></span> 
     </span>
     <span class='ocr_line' id='line_1_24' title="bbox 246 1601 1825 1667; baseline -0.006 -11"><span class='ocrx_word' id='word_1_209' title='bbox 246 1614 529 1667; x_wconf 87' lang='grc' dir='ltr'><em>κοτταβίσαντα</em></span> <span class='ocrx_word' id='word_1_210' title='bbox 564 1612 732 1664; x_wconf 84' lang='grc' dir='ltr'><em>ποιῆσαί</em></span> <span class='ocrx_word' id='word_1_211' title='bbox 768 1626 855 1651; x_wconf 86' lang='grc' dir='ltr'><em>τινα</em></span> <span class='ocrx_word' id='word_1_212' title='bbox 894 1609 1056 1662; x_wconf 82' lang='grc' dir='ltr'><em>ψόφον,</em></span> <span class='ocrx_word' id='word_1_213' title='bbox 1096 1608 1141 1659; x_wconf 77' lang='grc' dir='ltr'><em>ὃς</em></span> <span class='ocrx_word' id='word_1_214' title='bbox 1178 1612 1356 1650; x_wconf 86' lang='grc' dir='ltr'><em>καλεῖται</em></span> <span class='ocrx_word' id='word_1_215' title='bbox 1393 1607 1545 1658; x_wconf 81' lang='grc' dir='ltr'><em>λάταξ</em></span> <span class='ocrx_word' id='word_1_216' title='bbox 1575 1641 1584 1650; x_wconf 94' lang='grc'><strong>.</strong></span> <span class='ocrx_word' id='word_1_217' title='bbox 1617 1636 1626 1646; x_wconf 91' lang='grc'><strong>.</strong></span> <span class='ocrx_word' id='word_1_218' title='bbox 1659 1638 1668 1648; x_wconf 93' lang='grc'><strong>.</strong></span> <span class='ocrx_word' id='word_1_219' title='bbox 1699 1601 1743 1646; x_wconf 80' lang='grc' dir='ltr'><em>τὸ</em></span> <span class='ocrx_word' id='word_1_220' title='bbox 1779 1602 1825 1646; x_wconf 80' lang='grc' dir='ltr'><em>δὲ</em></span> 
     </span>
     <span class='ocr_line' id='line_1_25' title="bbox 248 1660 1826 1724; baseline -0.004 -13"><span class='ocrx_word' id='word_1_221' title='bbox 248 1671 409 1724; x_wconf 85' lang='grc' dir='ltr'><em>χαλκίον</em></span> <span class='ocrx_word' id='word_1_222' title='bbox 451 1668 700 1722; x_wconf 80' lang='grc' dir='ltr'><em>ἐπεπλήρωτο</em></span> <span class='ocrx_word' id='word_1_223' title='bbox 744 1666 818 1720; x_wconf 85' lang='grc' dir='ltr'><em>μὲν</em></span> <span class='ocrx_word' id='word_1_224' title='bbox 853 1666 1018 1715; x_wconf 75' lang='grc' dir='ltr'><em>ὕδατος,</em></span> <span class='ocrx_word' id='word_1_225' title='bbox 1060 1666 1282 1716; x_wconf 76' lang='grc' dir='ltr'><em>ἐπεπόλαζε</em></span> <span class='ocrx_word' id='word_1_226' title='bbox 1319 1661 1362 1707; x_wconf 86' lang='grc' dir='ltr'><em>δ’</em></span> <span class='ocrx_word' id='word_1_227' title='bbox 1409 1662 1520 1722; x_wconf 70' lang='grc' dir='ltr'><em>αὐτῷ</em></span> <span class='ocrx_word' id='word_1_228' title='bbox 1563 1665 1717 1719; x_wconf 82' lang='grc' dir='ltr'><em>σφαῖρα</em></span> <span class='ocrx_word' id='word_1_229' title='bbox 1756 1660 1826 1704; x_wconf 65' lang='grc' dir='ltr'><em>καὶ</em></span> 
     </span>
     <span class='ocr_line' id='line_1_26' title="bbox 247 1713 1826 1780; baseline -0.004 -11"><span class='ocrx_word' id='word_1_230' title='bbox 247 1728 488 1780; x_wconf 77' lang='grc' dir='ltr'><em>πλάστιγξ</em></span> <span class='ocrx_word' id='word_1_231' title='bbox 527 1725 594 1766; x_wconf 85' lang='grc' dir='ltr'><em>καὶ</em></span> <span class='ocrx_word' id='word_1_232' title='bbox 629 1727 789 1778; x_wconf 87' lang='grc' dir='ltr'><em>μάνης</em></span> <span class='ocrx_word' id='word_1_233' title='bbox 827 1725 894 1765; x_wconf 82' lang='grc' dir='ltr'><em>καὶ</em></span> <span class='ocrx_word' id='word_1_234' title='bbox 930 1728 1032 1778; x_wconf 86' lang='grc' dir='ltr'><em>τρεῖς</em></span> <span class='ocrx_word' id='word_1_235' title='bbox 1060 1724 1251 1779; x_wconf 85' lang='grc' dir='ltr'><em>μυρρίναι</em></span> <span class='ocrx_word' id='word_1_236' title='bbox 1279 1723 1348 1765; x_wconf 82' lang='grc' dir='ltr'><em>καὶ</em></span> <span class='ocrx_word' id='word_1_237' title='bbox 1378 1723 1466 1777; x_wconf 87' lang='grc' dir='ltr'><em>τρία</em></span> <span class='ocrx_word' id='word_1_238' title='bbox 1496 1717 1698 1776; x_wconf 82' lang='grc' dir='ltr'><em>ὀξύβαφα.</em></span> <span class='ocrx_word' id='word_1_239' title='bbox 1739 1713 1826 1763; x_wconf 68' lang='lat' dir='ltr'><strong>Cri·</strong></span> 
     </span>
     <span class='ocr_line' id='line_1_27' title="bbox 250 1773 1825 1838; baseline -0.004 -12"><span class='ocrx_word' id='word_1_240' title='bbox 250 1789 325 1827; x_wconf 76' lang='lat' dir='ltr'>tias</span> <span class='ocrx_word' id='word_1_241' title='bbox 355 1786 501 1826; x_wconf 78' lang='lat' dir='ltr'><strong>Athen.</strong></span> <span class='ocrx_word' id='word_1_242' title='bbox 538 1786 608 1832; x_wconf 84' lang='lat'><em>13,</em></span> <span class='ocrx_word' id='word_1_243' title='bbox 641 1786 761 1824; x_wconf 86' lang='lat' dir='ltr'>600e</span> <span class='ocrx_word' id='word_1_244' title='bbox 792 1781 850 1838; x_wconf 77' lang='grc' dir='ltr'><em>(ἔς</em></span> <span class='ocrx_word' id='word_1_245' title='bbox 881 1780 917 1822; x_wconf 83' lang='grc' dir='ltr'><em>τ’</em></span> <span class='ocrx_word' id='word_1_246' title='bbox 957 1782 1029 1835; x_wconf 69' lang='grc' dir='ltr'><em>ἄν)</em></span> <span class='ocrx_word' id='word_1_247' title='bbox 1067 1782 1259 1836; x_wconf 79' lang='grc' dir='ltr'><em>πλάστιγξ</em></span> <span class='ocrx_word' id='word_1_248' title='bbox 1295 1779 1344 1822; x_wconf 81' lang='grc' dir='ltr'><em>θ’</em></span> <span class='ocrx_word' id='word_1_249' title='bbox 1383 1778 1410 1834; x_wconf 79' lang='grc' dir='ltr'><em>ἡ</em></span> <span class='ocrx_word' id='word_1_250' title='bbox 1450 1782 1602 1833; x_wconf 81' lang='grc' dir='ltr'><em>χαλκοῦ</em></span> <span class='ocrx_word' id='word_1_251' title='bbox 1637 1773 1825 1832; x_wconf 69' lang='grc' dir='ltr'><em>θυγάτηρ</em></span> 
     </span>
     <span class='ocr_line' id='line_1_28' title="bbox 250 1833 1824 1896; baseline -0.004 -13"><span class='ocrx_word' id='word_1_252' title='bbox 250 1841 311 1883; x_wconf 77' lang='grc' dir='ltr'><em>ἐπ’</em></span> <span class='ocrx_word' id='word_1_253' title='bbox 345 1842 505 1895; x_wconf 80' lang='grc' dir='ltr'><em>όίκραισι</em></span> <span class='ocrx_word' id='word_1_254' title='bbox 533 1840 680 1896; x_wconf 74' lang='grc' dir='ltr'><em>καθίζῃ</em></span> <span class='ocrx_word' id='word_1_255' title='bbox 709 1838 903 1893; x_wconf 88' lang='grc' dir='ltr'><em>κοττάβου</em></span> <span class='ocrx_word' id='word_1_256' title='bbox 934 1837 1114 1891; x_wconf 82' lang='grc' dir='ltr'><em>ὑψηλαῖς</em></span> <span class='ocrx_word' id='word_1_257' title='bbox 1135 1842 1335 1893; x_wconf 83' lang='grc' dir='ltr'><em>κορυφαῖς</em></span> <span class='ocrx_word' id='word_1_258' title='bbox 1358 1837 1534 1892; x_wconf 87' lang='grc' dir='ltr'><em>Βρομίου</em></span> <span class='ocrx_word' id='word_1_259' title='bbox 1554 1833 1824 1886; x_wconf 68' lang='grc' dir='ltr'><em>ψακάδεσσίνζ</em></span> 
     </span>
     <span class='ocr_line' id='line_1_29' title="bbox 251 1893 1822 1951; baseline -0.003 -11"><span class='ocrx_word' id='word_1_260' title='bbox 251 1902 397 1942; x_wconf 74' lang='lat' dir='ltr'><strong>Athen.</strong></span> <span class='ocrx_word' id='word_1_261' title='bbox 423 1902 486 1947; x_wconf 85' lang='lat'><em>11,</em></span> <span class='ocrx_word' id='word_1_262' title='bbox 510 1899 591 1938; x_wconf 84' lang='lat'><em>487</em></span> <span class='ocrx_word' id='word_1_263' title='bbox 608 1912 628 1938; x_wconf 85' lang='lat' dir='ltr'>e</span> <span class='ocrx_word' id='word_1_264' title='bbox 649 1901 825 1938; x_wconf 85' lang='grc' dir='ltr'><em>καλεῖται</em></span> <span class='ocrx_word' id='word_1_265' title='bbox 845 1895 889 1937; x_wconf 84' lang='grc' dir='ltr'><em>δὲ</em></span> <span class='ocrx_word' id='word_1_266' title='bbox 918 1897 1075 1949; x_wconf 83' lang='grc' dir='ltr'><em>μάνης</em></span> <span class='ocrx_word' id='word_1_267' title='bbox 1107 1897 1174 1951; x_wconf 87' lang='lat' dir='ltr'><em>(de</em></span> <span class='ocrx_word' id='word_1_268' title='bbox 1196 1902 1362 1938; x_wconf 77' lang='lat' dir='ltr'>accentu</span> <span class='ocrx_word' id='word_1_269' title='bbox 1383 1897 1437 1937; x_wconf 82' lang='lat' dir='ltr'><em>cf.</em></span> <span class='ocrx_word' id='word_1_270' title='bbox 1459 1897 1596 1948; x_wconf 81' lang='lat' dir='ltr'><strong>Enger</strong></span> <span class='ocrx_word' id='word_1_271' title='bbox 1613 1893 1822 1946; x_wconf 75' lang='lat' dir='ltr'><strong>Aristoph.</strong></span> 
     </span>
     <span class='ocr_line' id='line_1_30' title="bbox 251 1946 1826 2008; baseline -0.004 -11"><span class='ocrx_word' id='word_1_272' title='bbox 251 1959 345 2008; x_wconf 84' lang='lat' dir='ltr'><strong>Lys.</strong></span> <span class='ocrx_word' id='word_1_273' title='bbox 371 1955 497 2008; x_wconf 81' lang='lat'>1212)</span> <span class='ocrx_word' id='word_1_274' title='bbox 518 1954 585 1995; x_wconf 85' lang='grc' dir='ltr'><em>καὶ</em></span> <span class='ocrx_word' id='word_1_275' title='bbox 605 1950 646 1994; x_wconf 84' lang='grc' dir='ltr'><em>τὸ</em></span> <span class='ocrx_word' id='word_1_276' title='bbox 677 1953 740 1994; x_wconf 82' lang='grc' dir='ltr'><em>ἐπὶ</em></span> <span class='ocrx_word' id='word_1_277' title='bbox 773 1959 843 1995; x_wconf 89' lang='grc' dir='ltr'><em>τοῦ</em></span> <span class='ocrx_word' id='word_1_278' title='bbox 873 1953 1070 2007; x_wconf 85' lang='grc' dir='ltr'><em>κοττάβου</em></span> <span class='ocrx_word' id='word_1_279' title='bbox 1102 1953 1335 2006; x_wconf 80' lang='grc' dir='ltr'><em>ἐφεστηκός,</em></span> <span class='ocrx_word' id='word_1_280' title='bbox 1367 1949 1436 2002; x_wconf 77' lang='grc' dir='ltr'><em>ἐφ’</em></span> <span class='ocrx_word' id='word_1_281' title='bbox 1469 1946 1521 1992; x_wconf 78' lang='grc' dir='ltr'><em>οὖ</em></span> <span class='ocrx_word' id='word_1_282' title='bbox 1549 1949 1621 2000; x_wconf 80' lang='grc' dir='ltr'><em>τὰς</em></span> <span class='ocrx_word' id='word_1_283' title='bbox 1650 1948 1750 1991; x_wconf 80' lang='grc' dir='ltr'><em>λάτα</em></span> <span class='ocrx_word' id='word_1_284' title='bbox 1777 1963 1826 1999; x_wconf 86' lang='grc' dir='ltr'><em>ας</em></span> 
     </span>
     <span class='ocr_line' id='line_1_31' title="bbox 241 1963 1827 2068; baseline -0.004 -15"><span class='ocrx_word' id='word_1_285' title='bbox 241 2013 296 2053; x_wconf 78' lang='grc' dir='ltr'><em>’ἕν</em></span> <span class='ocrx_word' id='word_1_286' title='bbox 324 2013 466 2068; x_wconf 75' lang='grc' dir='ltr'><em>παιδιᾷ</em></span> <span class='ocrx_word' id='word_1_287' title='bbox 496 2011 684 2063; x_wconf 77' lang='grc' dir='ltr'><em>ἔπεμπον.</em></span> <span class='ocrx_word' id='word_1_288' title='bbox 714 2014 844 2052; x_wconf 75' lang='lat' dir='ltr'><strong>Tzetz.</strong></span> <span class='ocrx_word' id='word_1_289' title='bbox 877 2012 977 2052; x_wconf 85' lang='lat' dir='ltr'><strong>Chil.</strong></span> <span class='ocrx_word' id='word_1_290' title='bbox 1012 2014 1049 2061; x_wconf 90' lang='grc'><em>6,</em></span> <span class='ocrx_word' id='word_1_291' title='bbox 1083 2014 1164 2053; x_wconf 89' lang='grc'><em>886</em></span> <span class='ocrx_word' id='word_1_292' title='bbox 1195 2012 1242 2052; x_wconf 77' lang='grc' dir='ltr'><em>αἱ</em></span> <span class='ocrx_word' id='word_1_293' title='bbox 1258 2009 1491 2052; x_wconf 86' lang='grc' dir='ltr'><em>λεκανίσκαι</em></span> <span class='ocrx_word' id='word_1_294' title='bbox 1509 2005 1632 2062; x_wconf 81' lang='grc' dir='ltr'><em>μέσον</em></span> <span class='ocrx_word' id='word_1_295' title='bbox 1651 2004 1697 2048; x_wconf 76' lang='grc' dir='ltr'><em>δὲ</em></span> <span class='ocrx_word' id='word_1_296' title='bbox 1716 1963 1827 2061; x_wconf 52' lang='grc' dir='ltr'><em>εἶξον</em></span> 
     </span>
     <span class='ocr_line' id='line_1_32' title="bbox 253 2059 1828 2122; baseline -0.003 -13"><span class='ocrx_word' id='word_1_297' title='bbox 253 2068 595 2122; x_wconf 71' lang='grc' dir='ltr'><em>ἀνδριαντίσκους,</em></span> <span class='ocrx_word' id='word_1_298' title='bbox 626 2067 697 2117; x_wconf 73' lang='grc' dir='ltr'><em>οὓς</em></span> <span class='ocrx_word' id='word_1_299' title='bbox 726 2075 856 2121; x_wconf 79' lang='grc' dir='ltr'><em>μανᾶς</em></span> <span class='ocrx_word' id='word_1_300' title='bbox 887 2066 1093 2121; x_wconf 79' lang='grc' dir='ltr'><em>ὠνόμαζον</em></span> <span class='ocrx_word' id='word_1_301' title='bbox 1122 2070 1164 2110; x_wconf 81' lang='grc' dir='ltr'><em>οἵ</em></span> <span class='ocrx_word' id='word_1_302' title='bbox 1190 2068 1288 2109; x_wconf 89' lang='grc' dir='ltr'><em>τότε.</em></span> <span class='ocrx_word' id='word_1_303' title='bbox 1349 2069 1400 2109; x_wconf 81' lang='lat' dir='ltr'><em>cf.</em></span> <span class='ocrx_word' id='word_1_304' title='bbox 1429 2069 1597 2108; x_wconf 82' lang='lat' dir='ltr'>Becker.</span> <span class='ocrx_word' id='word_1_305' title='bbox 1629 2059 1828 2106; x_wconf 54' lang='lat' dir='ltr'><em>Chariklf</em></span> 
     </span>
     <span class='ocr_line' id='line_1_33' title="bbox 253 2121 1826 2179; baseline -0.003 -13"><span class='ocrx_word' id='word_1_306' title='bbox 253 2128 294 2166; x_wconf 93' lang='grc' dir='ltr'><em>ΙΙ</em></span> <span class='ocrx_word' id='word_1_307' title='bbox 316 2129 411 2167; x_wconf 83' lang='grc'><strong>295.</strong></span> <span class='ocrx_word' id='word_1_308' title='bbox 435 2130 472 2166; x_wconf 91' lang='grc'><em>6.</em></span> <span class='ocrx_word' id='word_1_309' title='bbox 531 2124 668 2179; x_wconf 83' lang='grc' dir='ltr'><em>ὄψει,</em></span> <span class='ocrx_word' id='word_1_310' title='bbox 699 2129 724 2166; x_wconf 94' lang='lat' dir='ltr'><em>i.</em></span> <span class='ocrx_word' id='word_1_311' title='bbox 748 2142 781 2170; x_wconf 87' lang='lat' dir='ltr'><em>e.</em></span> <span class='ocrx_word' id='word_1_312' title='bbox 812 2131 847 2168; x_wconf 77' lang='grc' dir='ltr'><em>ει·</em></span> <span class='ocrx_word' id='word_1_313' title='bbox 876 2130 1105 2174; x_wconf 68' lang='lat' dir='ltr'><strong><em>attenderis,</em></strong></span> <span class='ocrx_word' id='word_1_314' title='bbox 1136 2128 1293 2168; x_wconf 80' lang='lat' dir='ltr'><strong><em>videbis.</em></strong></span> <span class='ocrx_word' id='word_1_315' title='bbox 1355 2128 1393 2167; x_wconf 90' lang='grc'><em>9.</em></span> <span class='ocrx_word' id='word_1_316' title='bbox 1422 2125 1630 2165; x_wconf 80' lang='lat' dir='ltr'><strong>Demosth.</strong></span> <span class='ocrx_word' id='word_1_317' title='bbox 1662 2124 1739 2174; x_wconf 82' lang='lat'><em>47,</em></span> <span class='ocrx_word' id='word_1_318' title='bbox 1771 2121 1826 2163; x_wconf 81' lang='lat'><em>53</em></span> 
     </span>
     <span class='ocr_line' id='line_1_34' title="bbox 254 2177 1829 2237; baseline -0.002 -15"><span class='ocrx_word' id='word_1_319' title='bbox 254 2183 542 2236; x_wconf 84' lang='grc' dir='ltr'><em>καταβαλόντες</em></span> <span class='ocrx_word' id='word_1_320' title='bbox 564 2182 637 2236; x_wconf 86' lang='grc' dir='ltr'><em>τὴν</em></span> <span class='ocrx_word' id='word_1_321' title='bbox 655 2182 794 2237; x_wconf 79' lang='grc' dir='ltr'><em>θύραν</em></span> <span class='ocrx_word' id='word_1_322' title='bbox 814 2183 888 2236; x_wconf 83' lang='grc' dir='ltr'><em>τὴν</em></span> <span class='ocrx_word' id='word_1_323' title='bbox 908 2185 963 2232; x_wconf 86' lang='grc' dir='ltr'><em>εἰς</em></span> <span class='ocrx_word' id='word_1_324' title='bbox 985 2182 1057 2224; x_wconf 87' lang='grc' dir='ltr'><em>τὸν</em></span> <span class='ocrx_word' id='word_1_325' title='bbox 1076 2189 1208 2236; x_wconf 86' lang='grc' dir='ltr'><em>κῆπον</em></span> <span class='ocrx_word' id='word_1_326' title='bbox 1229 2182 1447 2237; x_wconf 84' lang='grc' dir='ltr'><em>φέρουσαν.</em></span> <span class='ocrx_word' id='word_1_327' title='bbox 1478 2180 1659 2234; x_wconf 88' lang='grc' dir='ltr'><em>κηπαίαν</em></span> <span class='ocrx_word' id='word_1_328' title='bbox 1686 2177 1829 2235; x_wconf 70' lang='grc' dir='ltr'><em>θύραν</em></span> 
     </span>
     <span class='ocr_line' id='line_1_35' title="bbox 256 2237 1829 2290; baseline -0.002 -10"><span class='ocrx_word' id='word_1_329' title='bbox 256 2243 376 2280; x_wconf 61' lang='lat' dir='ltr'><strong>etaiam</strong></span> <span class='ocrx_word' id='word_1_330' title='bbox 397 2242 539 2281; x_wconf 84' lang='lat' dir='ltr'>Pollux</span> <span class='ocrx_word' id='word_1_331' title='bbox 563 2244 599 2290; x_wconf 84' lang='lat'><em>1,</em></span> <span class='ocrx_word' id='word_1_332' title='bbox 619 2244 669 2281; x_wconf 83' lang='lat'><em>76</em></span> <span class='ocrx_word' id='word_1_333' title='bbox 684 2244 812 2282; x_wconf 74' lang='lat' dir='ltr'>vocat.</span> <span class='ocrx_word' id='word_1_334' title='bbox 838 2243 887 2282; x_wconf 83' lang='lat' dir='ltr'><em>ef.</em></span> <span class='ocrx_word' id='word_1_335' title='bbox 905 2241 1210 2282; x_wconf 79' lang='lat' dir='ltr'>Beok.charicl.</span> <span class='ocrx_word' id='word_1_336' title='bbox 1232 2241 1274 2281; x_wconf 91' lang='lat'><em>11</em></span> <span class='ocrx_word' id='word_1_337' title='bbox 1291 2242 1386 2282; x_wconf 91' lang='lat'><strong>100.</strong></span> <span class='ocrx_word' id='word_1_338' title='bbox 1409 2243 1446 2280; x_wconf 90' lang='lat'><em>1.</em></span> <span class='ocrx_word' id='word_1_339' title='bbox 1467 2240 1518 2280; x_wconf 81' lang='lat' dir='ltr'><em>ad</em></span> <span class='ocrx_word' id='word_1_340' title='bbox 1541 2238 1652 2278; x_wconf 79' lang='lat' dir='ltr'><strong>illam</strong></span> <span class='ocrx_word' id='word_1_341' title='bbox 1667 2237 1829 2278; x_wconf 77' lang='lat' dir='ltr'><strong>ianuam</strong></span> 
     </span>
     <span class='ocr_line' id='line_1_36' title="bbox 255 2293 1864 2351; baseline -0.002 -14"><span class='ocrx_word' id='word_1_342' title='bbox 255 2300 441 2338; x_wconf 79' lang='lat' dir='ltr'>videntur</span> <span class='ocrx_word' id='word_1_343' title='bbox 488 2297 533 2337; x_wconf 81' lang='grc' dir='ltr'><em>τὰ</em></span> <span class='ocrx_word' id='word_1_344' title='bbox 573 2297 775 2351; x_wconf 80' lang='grc' dir='ltr'><em>κορήματα</em></span> <span class='ocrx_word' id='word_1_345' title='bbox 819 2301 943 2339; x_wconf 84' lang='lat' dir='ltr'><strong>fuisse</strong></span> <span class='ocrx_word' id='word_1_346' title='bbox 982 2300 1148 2339; x_wconf 76' lang='lat' dir='ltr'>abiecta.</span> <span class='ocrx_word' id='word_1_347' title='bbox 1194 2299 1297 2339; x_wconf 90' lang='lat' dir='ltr'>Poll.</span> <span class='ocrx_word' id='word_1_348' title='bbox 1332 2300 1404 2347; x_wconf 94' lang='grc'><em>10,</em></span> <span class='ocrx_word' id='word_1_349' title='bbox 1437 2297 1490 2337; x_wconf 83' lang='lat'><em>28</em></span> <span class='ocrx_word' id='word_1_350' title='bbox 1529 2293 1574 2335; x_wconf 86' lang='grc' dir='ltr'><em>τὸ</em></span> <span class='ocrx_word' id='word_1_351' title='bbox 1611 2293 1827 2348; x_wconf 85' lang='grc' dir='ltr'><em>κόρημα·</em></span> <span class='ocrx_word' id='word_1_352' title='bbox 1861 2321 1864 2324; x_wconf 83' lang='lat'>-</span> 
     </span>
    </p>
   </div>
   <div class='ocr_carea' id='block_1_4' title="bbox 255 2350 1827 2463">
    <p class='ocr_par' dir='ltr' id='par_1_7' title="bbox 255 2350 1827 2463">
     <span class='ocr_line' id='line_1_37' title="bbox 255 2350 1827 2409; baseline 0 -16"><span class='ocrx_word' id='word_1_353' title='bbox 255 2357 427 2394; x_wconf 83' lang='grc' dir='ltr'><em>καλεῖται</em></span> <span class='ocrx_word' id='word_1_354' title='bbox 455 2352 494 2393; x_wconf 83' lang='grc' dir='ltr'><em>δ’</em></span> <span class='ocrx_word' id='word_1_355' title='bbox 529 2353 631 2395; x_wconf 75' lang='grc' dir='ltr'><em>οὕτω</em></span> <span class='ocrx_word' id='word_1_356' title='bbox 660 2354 728 2395; x_wconf 83' lang='grc' dir='ltr'><em>καὶ</em></span> <span class='ocrx_word' id='word_1_357' title='bbox 756 2355 798 2395; x_wconf 90' lang='grc' dir='ltr'><em>τὸ</em></span> <span class='ocrx_word' id='word_1_358' title='bbox 820 2361 963 2404; x_wconf 83' lang='grc' dir='ltr'><em>σκεῦος</em></span> <span class='ocrx_word' id='word_1_359' title='bbox 983 2354 1050 2396; x_wconf 84' lang='grc' dir='ltr'><em>καὶ</em></span> <span class='ocrx_word' id='word_1_360' title='bbox 1071 2354 1113 2395; x_wconf 83' lang='grc' dir='ltr'><em>τὸ</em></span> <span class='ocrx_word' id='word_1_361' title='bbox 1143 2352 1383 2409; x_wconf 83' lang='grc' dir='ltr'><em>κάθαρμα</em></span> <span class='ocrx_word' id='word_1_362' title='bbox 1413 2351 1464 2393; x_wconf 83' lang='grc' dir='ltr'><em>τὸ</em></span> <span class='ocrx_word' id='word_1_363' title='bbox 1497 2350 1827 2406; x_wconf 77' lang='grc' dir='ltr'><em>κορούμενον.</em></span> 
     </span>
     <span class='ocr_line' id='line_1_38' title="bbox 257 2413 670 2463; baseline 0.007 -12"><span class='ocrx_word' id='word_1_364' title='bbox 257 2413 461 2463; x_wconf 76' lang='lat' dir='ltr'><strong>Aristoph.</strong></span> <span class='ocrx_word' id='word_1_365' title='bbox 493 2414 542 2452; x_wconf 81' lang='lat' dir='ltr'><em>fr.</em></span> <span class='ocrx_word' id='word_1_366' title='bbox 575 2414 670 2454; x_wconf 88' lang='lat'>474.</span> 
     </span>
    </p>
   </div>
   <div class='ocr_carea' id='block_1_5' title="bbox 1703 0 1872 936">
    <p class='ocr_par' dir='ltr' id='par_1_8' title="bbox 1703 0 1872 936">
     <span class='ocr_line' id='line_1_39' title="bbox 1703 0 1872 936; baseline 0 0"><span class='ocrx_word' id='word_1_367' title='bbox 1703 0 1872 936; x_wconf 95' lang='lat' dir='ltr'><em>   </em></span> 
     </span>
    </p>
   </div>
   <div class='ocr_carea' id='block_1_6' title="bbox 261 2479 1831 2784">
    <p class='ocr_par' dir='ltr' id='par_1_9' title="bbox 261 2479 1831 2784">
     <span class='ocr_line' id='line_1_40' title="bbox 461 2479 1059 2590; baseline 0.003 -13"><span class='ocrx_word' id='word_1_368' title='bbox 461 2532 597 2590; x_wconf 80' lang='grc' dir='ltr'><em>ῥάμμ’</em></span> <span class='ocrx_word' id='word_1_369' title='bbox 632 2534 890 2587; x_wconf 82' lang='grc' dir='ltr'><em>ἐπέκλωσας</em></span> <span class='ocrx_word' id='word_1_370' title='bbox 1001 2479 1059 2522; x_wconf 76' lang='grc'><em>48</em></span> 
     </span>
     <span class='ocr_line' id='line_1_41' title="bbox 371 2613 1831 2670; baseline 0 -15"><span class='ocrx_word' id='word_1_371' title='bbox 371 2616 515 2656; x_wconf 83' lang='lat' dir='ltr'>Pollux</span> <span class='ocrx_word' id='word_1_372' title='bbox 547 2620 610 2667; x_wconf 84' lang='lat'><em>10,</em></span> <span class='ocrx_word' id='word_1_373' title='bbox 645 2620 724 2658; x_wconf 86' lang='lat'><em>136</em></span> <span class='ocrx_word' id='word_1_374' title='bbox 757 2618 822 2657; x_wconf 86' lang='grc' dir='ltr'><em>δεῖ</em></span> <span class='ocrx_word' id='word_1_375' title='bbox 845 2616 890 2657; x_wconf 83' lang='grc' dir='ltr'><em>δὲ</em></span> <span class='ocrx_word' id='word_1_376' title='bbox 921 2616 987 2657; x_wconf 83' lang='grc' dir='ltr'><em>ἐπὶ</em></span> <span class='ocrx_word' id='word_1_377' title='bbox 1017 2621 1104 2665; x_wconf 86' lang='grc' dir='ltr'><em>ταῖς</em></span> <span class='ocrx_word' id='word_1_378' title='bbox 1136 2615 1283 2670; x_wconf 77' lang='grc' dir='ltr'><em>ἐσθῆσι</em></span> <span class='ocrx_word' id='word_1_379' title='bbox 1312 2615 1381 2657; x_wconf 80' lang='grc' dir='ltr'><em>καὶ</em></span> <span class='ocrx_word' id='word_1_380' title='bbox 1411 2614 1643 2670; x_wconf 78' lang='grc' dir='ltr'><em>ραμμάτων.</em></span> <span class='ocrx_word' id='word_1_381' title='bbox 1673 2613 1831 2667; x_wconf 79' lang='grc' dir='ltr'><em>εἴρηται</em></span> 
     </span>
     <span class='ocr_line' id='line_1_42' title="bbox 261 2669 1830 2729; baseline 0.001 -19"><span class='ocrx_word' id='word_1_382' title='bbox 261 2669 304 2711; x_wconf 81' lang='grc' dir='ltr'><em>δὲ</em></span> <span class='ocrx_word' id='word_1_383' title='bbox 335 2671 507 2724; x_wconf 74' lang='grc' dir='ltr'><em>τοῦνομα</em></span> <span class='ocrx_word' id='word_1_384' title='bbox 539 2703 547 2712; x_wconf 96' lang='grc'><strong>.</strong></span> <span class='ocrx_word' id='word_1_385' title='bbox 571 2705 579 2712; x_wconf 93' lang='grc'><strong>.</strong></span> <span class='ocrx_word' id='word_1_386' title='bbox 607 2705 615 2713; x_wconf 90' lang='grc'><strong>.</strong></span> <span class='ocrx_word' id='word_1_387' title='bbox 645 2673 712 2714; x_wconf 85' lang='grc' dir='ltr'><em>καὶ</em></span> <span class='ocrx_word' id='word_1_388' title='bbox 742 2673 786 2714; x_wconf 80' lang='grc' dir='ltr'><em>ἐν</em></span> <span class='ocrx_word' id='word_1_389' title='bbox 810 2672 1036 2728; x_wconf 84' lang='grc' dir='ltr'><em>Ἑρμίππου</em></span> <span class='ocrx_word' id='word_1_390' title='bbox 1068 2674 1246 2728; x_wconf 87' lang='grc' dir='ltr'><em>Μοίραις</em></span> <span class='ocrx_word' id='word_1_391' title='bbox 1276 2675 1313 2729; x_wconf 79' lang='grc' dir='ltr'><em>ῥ.</em></span> <span class='ocrx_word' id='word_1_392' title='bbox 1346 2673 1408 2714; x_wconf 78' lang='grc' dir='ltr'><em>ἐπ.</em></span> <span class='ocrx_word' id='word_1_393' title='bbox 1441 2672 1578 2727; x_wconf 77' lang='grc' dir='ltr'><em>ῥάμμα</em></span> <span class='ocrx_word' id='word_1_394' title='bbox 1615 2675 1679 2714; x_wconf 72' lang='lat' dir='ltr'><em>est</em></span> <span class='ocrx_word' id='word_1_395' title='bbox 1707 2672 1830 2712; x_wconf 79' lang='lat' dir='ltr'><strong>‘funi-</strong></span> 
     </span>
     <span class='ocr_line' id='line_1_43' title="bbox 262 2729 1828 2784; baseline 0.001 -16"><span class='ocrx_word' id='word_1_396' title='bbox 262 2731 373 2769; x_wconf 81' lang='lat' dir='ltr'>culus</span> <span class='ocrx_word' id='word_1_397' title='bbox 403 2732 470 2780; x_wconf 85' lang='lat' dir='ltr'><em>qui</em></span> <span class='ocrx_word' id='word_1_398' title='bbox 500 2731 681 2771; x_wconf 84' lang='lat' dir='ltr'><strong>liciorum</strong></span> <span class='ocrx_word' id='word_1_399' title='bbox 713 2733 893 2773; x_wconf 87' lang='lat' dir='ltr'>ordinem</span> <span class='ocrx_word' id='word_1_400' title='bbox 923 2746 1123 2773; x_wconf 84' lang='lat' dir='ltr'><strong>annexum</strong></span> <span class='ocrx_word' id='word_1_401' title='bbox 1161 2734 1270 2784; x_wconf 74' lang='lat' dir='ltr'>gerit</span> <span class='ocrx_word' id='word_1_402' title='bbox 1299 2734 1339 2772; x_wconf 77' lang='lat' dir='ltr'><em>et</em></span> <span class='ocrx_word' id='word_1_403' title='bbox 1367 2732 1548 2783; x_wconf 80' lang='lat' dir='ltr'>perticae</span> <span class='ocrx_word' id='word_1_404' title='bbox 1587 2731 1722 2771; x_wconf 83' lang='lat' dir='ltr'><strong>locum</strong></span> <span class='ocrx_word' id='word_1_405' title='bbox 1757 2729 1828 2770; x_wconf 87' lang='lat' dir='ltr'><em>ob-</em></span> 
     </span>
    </p>
   </div>
   <div class='ocr_carea' id='block_1_7' title="bbox 261 2788 1831 2898">
    <p class='ocr_par' dir='ltr' id='par_1_10' title="bbox 261 2788 1831 2898">
     <span class='ocr_line' id='line_1_44' title="bbox 261 2788 1831 2840; baseline 0.002 -15"><span class='ocrx_word' id='word_1_406' title='bbox 261 2788 364 2826; x_wconf 74' lang='lat' dir='ltr'>tinet</span> <span class='ocrx_word' id='word_1_407' title='bbox 401 2800 499 2837; x_wconf 84' lang='lat' dir='ltr'>quae</span> <span class='ocrx_word' id='word_1_408' title='bbox 518 2789 578 2827; x_wconf 34' lang='lat' dir='ltr'><em>fin</em></span> <span class='ocrx_word' id='word_1_409' title='bbox 614 2790 808 2839; x_wconf 76' lang='lat' dir='ltr'><strong>tapetium</strong></span> <span class='ocrx_word' id='word_1_410' title='bbox 838 2791 1096 2830; x_wconf 79' lang='lat' dir='ltr'><strong>Tureicorum</strong></span> <span class='ocrx_word' id='word_1_411' title='bbox 1141 2791 1302 2829; x_wconf 75' lang='lat' dir='ltr'><strong>textura</strong></span> <span class='ocrx_word' id='word_1_412' title='bbox 1329 2790 1471 2840; x_wconf 75' lang='lat' dir='ltr'><strong><em>perche</em></strong></span> <span class='ocrx_word' id='word_1_413' title='bbox 1507 2790 1554 2829; x_wconf 82' lang='lat' dir='ltr'><em>de</em></span> <span class='ocrx_word' id='word_1_414' title='bbox 1589 2789 1725 2828; x_wconf 65' lang='lat' dir='ltr'><strong><em>Lissas</em></strong></span> <span class='ocrx_word' id='word_1_415' title='bbox 1760 2799 1831 2829; x_wconf 83' lang='lat' dir='ltr'><em>vo-</em></span> 
     </span>
     <span class='ocr_line' id='line_1_45' title="bbox 263 2844 1466 2898; baseline 0 -14"><span class='ocrx_word' id='word_1_416' title='bbox 263 2845 401 2884; x_wconf 57' lang='lat' dir='ltr'>catur?</span> <span class='ocrx_word' id='word_1_417' title='bbox 435 2844 616 2884; x_wconf 79' lang='lat' dir='ltr'>Schneid.</span> <span class='ocrx_word' id='word_1_418' title='bbox 647 2846 736 2886; x_wconf 84' lang='lat' dir='ltr'>Ind.</span> <span class='ocrx_word' id='word_1_419' title='bbox 769 2847 913 2898; x_wconf 70' lang='lat' dir='ltr'>Script.</span> <span class='ocrx_word' id='word_1_420' title='bbox 944 2862 976 2886; x_wconf 86' lang='lat' dir='ltr'><em>r.</em></span> <span class='ocrx_word' id='word_1_421' title='bbox 1007 2861 1039 2886; x_wconf 84' lang='lat' dir='ltr'><em>r.</em></span> <span class='ocrx_word' id='word_1_422' title='bbox 1071 2847 1168 2887; x_wconf 87' lang='lat'>375.</span> <span class='ocrx_word' id='word_1_423' title='bbox 1462 2851 1466 2854; x_wconf 57' lang='lat'><strong>⁴</strong></span> 
     </span>
    </p>
   </div>
  </div>
 </body>
</html>
