1872 3224
187 217 241 259 56
830 196 1080 234 KPATINOT

922 298 1001 341 135

455 375 579 421 οὔπω
598 373 727 416 ”πιον
756 371 963 413 τοιοῦτον
994 362 1102 407 οὐδὲ
1133 363 1292 417 πίομαι

456 445 674 498 Μάρωνα.

300 531 439 571 Pollux
469 531 506 580 6,
537 527 589 565 26
619 525 815 575 Κρατῖνος
845 516 978 571 μέντοι
1008 508 1075 555 τὸν
1104 508 1215 553 οἶνον
1238 510 1426 564 Μάρωνα
1457 509 1631 561 εἴρηκεν.
1664 522 1746 550 τοι·

191 595 307 629 οὕτον
343 586 485 636 Bergk.
516 584 562 622 R.
592 595 625 622 c.
655 582 741 620 Att.
784 574 878 629 159]
918 573 1118 613 τοσοῦτον.
1161 571 1211 611 cf.
1242 570 1361 609 Hom.
1393 568 1471 609 Od.
1502 569 1550 634 ἐξ,
1585 568 1666 608 196
1686 576 1749 634 sq.

192 648 239 685 ad
268 645 400 684 Ulixes
430 641 641 692 pertinere,
671 647 908 688 quamquam
925 631 1067 670 Pollux
1089 628 1246 668 fabulae
1267 639 1413 666 nomen
1443 626 1593 674 omisit,
1625 637 1748 666 mam·

194 705 334 743 festum
386 702 454 738 est.
514 710 591 736 uno
641 695 872 734 tetrametro
921 689 1052 727 omnia
1096 685 1303 725 continuat
1350 683 1560 734 Bergkius.
1627 682 1751 722 etiam

193 758 353 798 Homeri
385 755 552 806 Cyclops
582 754 671 791 ante
701 749 828 790 Ulixis
858 746 1073 786 adventum
1103 743 1242 783 vinum
1273 745 1444 780 noverat
1474 741 1534 790 (9,
1556 740 1654 779 357.
1686 738 1749 791 8),

194 816 261 855 sed
290 826 369 853 non
398 813 488 851 tale.
518 810 757 860 quapropter
786 805 943 845 Ulixem
974 803 1103 852 ipsum
1134 797 1274 853 (antea
1312 798 1397 838 sine
1439 797 1561 836 dubio
1599 797 1658 837 sic
1693 796 1752 837 lo-

195 866 348 922 cutum)
392 869 569 907 imitatus
613 863 725 918 (Eur.
764 862 870 913 Cycl.
914 860 1006 898 141.
1045 856 1148 908 412)
1187 853 1376 896 Maronis
1413 853 1576 894 nomine
1621 853 1753 894 utitur

193 941 264 979 pro
301 939 403 966 novo
440 925 567 974 aliquo
604 924 644 962 et
678 920 854 960 inaudito
885 917 1012 957 adhuc
1040 915 1123 955 vini
1153 926 1309 965 genere.

929 1015 1008 1058 136

594 1106 823 1141 ΚΤΚΛῼΨ.
856 1093 1030 1139 πώποτ’
1064 1090 1192 1147 εἶδες,
1226 1093 1326 1136 εἰπέ
1352 1107 1444 1147 μοι,

393 1169 472 1214 τὸν
501 1168 667 1225 ἄνδρα;
699 1174 876 1208 ΟΔΤΣΣ.
908 1163 1085 1218 Λαέρτα
1117 1163 1256 1218 φίλον
1286 1158 1438 1210 παῖδ’;
1472 1158 1524 1203 ἐν
1545 1160 1708 1217 Πάρῳ,

400 1236 558 1282 σικυὸν
586 1236 793 1293 μέγιστον
823 1233 1100 1288 σπερματίαν
1131 1228 1410 1285 ὠνούμενον.

306 1312 530 1352 Athenaeus
560 1310 597 1357 2,
630 1309 681 1347 68
699 1320 719 1346 c
748 1298 838 1353 τούς
868 1301 1044 1350 πέπονας
1089 1303 1282 1354 Κρατῖνος
1320 1296 1395 1351 μὲν
1433 1291 1598 1348 σικυοὺς
1637 1309 1758 1354 σπερ-

195 1368 334 1421 ματίας
363 1365 550 1418 κέκληκεν
586 1362 629 1404 ἐν
661 1360 906 1403 Ὀδυσσεῦσι.
967 1359 1182 1411 Phrynich.
1211 1359 1295 1398 Ecl.
1329 1358 1410 1398 258
1441 1349 1514 1410 χρὴ
1544 1351 1623 1397 οὖν
1651 1353 1757 1398 οὕτω

196 1424 321 1477 λέγειν
349 1421 401 1472 ὥς
433 1420 453 1462 ὁ
483 1424 676 1475 Κρατῖνος
706 1419 846 1459 σίκυον
866 1418 1120 1470 σπερματίαν,
1147 1412 1176 1467 ἢ
1204 1415 1241 1455 εἰ
1267 1412 1399 1462 θέλεις
1419 1411 1579 1454 πέπονα
1600 1413 1758 1455 σίκυον.

196 1483 358 1522 Photius
388 1478 645 1531 σπερματίαν·
682 1471 750 1516 τὸν
786 1476 840 1524 εἰς
876 1473 1025 1527 σπέρμα
1062 1471 1314 1525 παρειμένον.
1375 1468 1502 1518 οὕτως
1546 1473 1760 1524 Κρατῖνος.

197 1539 362 1579 Bekker.
394 1537 538 1576 Aneod.
573 1537 640 1585 63,
673 1536 697 1574 5
728 1533 862 1581 σίκυος
901 1530 1164 1582 σπερματίας·
1197 1526 1219 1569 ὃ
1249 1529 1291 1569 οἰ
1315 1526 1450 1568 πολλοὶ
1489 1526 1647 1569 πέπονα
1685 1524 1762 1570 οὐκ

200 1592 330 1646 ὀρθῶς
359 1591 524 1646 λέγουσι.
585 1587 758 1644 πώποτ’]
798 1590 876 1630 ποῦ
905 1585 994 1628 ποτ’
1032 1588 1266 1628 Runkelius.
1306 1587 1377 1627 sed
1416 1587 1561 1627 melius
1600 1587 1764 1628 videtur

202 1650 259 1690 σὺ
289 1647 456 1701 πώποτ’,
487 1663 575 1689 cum
605 1649 835 1699 praesertim
860 1643 1096 1686 Ὀδυσσεῦσι
1125 1645 1344 1684 antecedat.
1405 1641 1491 1683 εἶπέ
1519 1657 1588 1694 μοι
1618 1643 1763 1685 casau-

201 1706 340 1760 bonus]
371 1721 447 1758 μοι.
479 1704 636 1757 Λαέρτα
666 1705 783 1756 φίλον
811 1700 925 1743 παῖδ’
959 1699 1145 1755 Meinek.]
1176 1704 1256 1741 παῖ
1281 1698 1443 1752 Λαέρτα
1473 1699 1604 1750 φίλον.
1635 1699 1765 1742 παῖδα

202 1765 440 1804 Erfurdtius.
473 1768 648 1801 ΟΔΤΣΣ.
683 1766 773 1801 ante
800 1759 959 1813 Λαῲτα
980 1760 1044 1809 Κ.,
1066 1762 1159 1813 ante
1181 1755 1225 1797 ἐν
1245 1759 1482 1798 Meinekius.
1529 1760 1572 1798 at
1592 1757 1766 1811 Cyclops
1836 1775 1839 1779 ⁴

202 1835 327 1871 neque
356 1821 537 1860 Laertem
568 1834 681 1859 nosse
712 1833 784 1858 nec
805 1819 963 1858 Ulixem
991 1818 1171 1857 dilectum
1201 1816 1368 1855 Laertae
1398 1815 1528 1854 filium
1558 1815 1764 1868 adpellare

204 1880 370 1928 poterat.
429 1878 653 1916 sciscitatur
683 1879 814 1915 autem
854 1876 900 1914 de
940 1875 1057 1914 Ulixe
1098 1875 1252 1912 metum
1282 1886 1330 1912 ex
1360 1872 1518 1912 oraculo
1549 1873 1619 1913 illo
1649 1869 1767 1927 (Eur.

205 1934 311 1984 Cycl.
343 1935 421 1974 696
440 1930 516 1986 sq.)
548 1934 685 1973 callide
716 1933 986 1972 dissimulans.
1019 1944 1091 1970 nec
1123 1927 1255 1969 minus
1295 1929 1438 1969 callide
1469 1929 1625 1978 Ulixes,
1666 1933 1766 1971 tam-

204 2002 321 2040 quam
351 1991 562 2041 neglegens
592 2004 672 2029 non
702 1989 928 2040 attenderit,
960 1989 1140 2027 ‘illumne
1171 1987 1339 2027 Laertae
1372 1987 1500 2026 filium
1527 1986 1675 2027 dicis?’
1705 1999 1764 2027 re-

205 2048 380 2096 spondet.
444 2044 600 2097 Λαέρτα
620 2048 707 2097 Iph.
730 2047 820 2087 Aul.
842 2047 937 2096 204,
959 2045 1056 2084 alibi
1087 2041 1287 2096 Λαέρτου,
1320 2042 1535 2095 Λαερτίου,
1568 2045 1766 2097 Λαρτίου.

207 2104 324 2143 Paros
354 2104 480 2143 insula
510 2105 550 2142 in
581 2103 758 2154 Odyssea
787 2117 865 2142 non
899 2103 1243 2142 commemoratur.

947 2202 1024 2244 137

486 2271 531 2311 οί
557 2269 599 2312 δ’
632 2256 962 2323 ἀλυσκάζουσιν
993 2266 1082 2311 ὑπὸ
1113 2276 1210 2319 ταῖς
1240 2270 1452 2312 κλινίσιν.

322 2342 459 2379 Pollux
492 2343 554 2390 10,
587 2344 638 2381 33
671 2340 713 2380 ἐν
744 2339 870 2396 δὶς-,τῷ
899 2341 1057 2379 κοιτῶνι
1088 2340 1155 2380 δεῖ
1176 2337 1250 2392 μὲν
1280 2335 1384 2380 εἶναι
1413 2339 1481 2380 καὶ
1511 2339 1655 2393 κλίνην
1683 2339 1773 2380 τινά

215 2428 222 2436 .
247 2425 254 2433 .
279 2426 285 2432 .
317 2393 343 2446 ἢ
372 2397 541 2447 κλινίδα,
571 2395 624 2445 ὧς
655 2396 698 2437 ἐν
723 2394 958 2437 Ὀδυσσεῦσι
979 2399 1194 2448 Κρατῖνος·
1228 2395 1293 2437 ἐπὶ
1315 2395 1362 2438 δὲ
1383 2398 1464 2438 τῶν
1482 2399 1635 2438 κλινῶν
1653 2389 1787 2439 ἆκου-“

216 2449 336 2491 στέον.
368 2449 444 2491 ὑπὸ
475 2453 656 2507 Meinek.]
691 2453 765 2494 ἐπὶ.
805 2458 939 2494 narrat
974 2456 1105 2495 nescio
1144 2456 1232 2506 quis
1279 2456 1326 2495 de
1363 2456 1543 2495 nefanda.
1581 2455 1769 2508 cyclopis

216 2521 318 2546 cena.
376 2510 467 2551 Eur.
500 2511 604 2560 Cycl.
636 2513 714 2552 407
748 2510 858 2550 ἄλλοι
889 2508 926 2548 δ’
960 2509 1068 2559 ὅπως
1099 2510 1262 2564 ὄρνιθες
1294 2510 1342 2551 ἐν
1379 2515 1558 2564 μυχοῖς
1589 2509 1774 2566 πέτρας

217 2560 485 2614 πτήξαντεςι
508 2563 624 2618 εἶχον,
654 2565 750 2618 αἷμα
781 2566 819 2606 δ’
852 2565 924 2607 οὐκ
956 2566 1052 2620 ἐνῆν
1072 2570 1170 2620 χροΐ.
1228 2565 1467 2617 ἆλυσκάζειν
1489 2570 1638 2610 Atticis
1658 2570 1775 2622 igno-

218 2622 315 2670 tum,
345 2622 459 2661 Hom.
488 2623 535 2663 11.
568 2626 605 2675 5,
638 2627 731 2665 253.
765 2628 801 2674 6,
834 2627 928 2665 443.
962 2626 1035 2665 Od.
1071 2628 1137 2676 17,
1170 2627 1264 2667 581.

887 2725 979 2768 138.
1015 2726 1094 2768 139

222 2786 336 2863 τίνες
357 2780 412 2827 αὖ
434 2786 595 2831 πόντον
616 2788 839 2847 κατέχουσ’
873 2787 1029 2847 αὔραις
1062 2795 1199 2850 νέφος
1220 2790 1442 2851 οὐράνιον
1461 2790 1560 2838 τόδ’
1583 2792 1774 2852 ὁρῶμαι.

224 2867 282 2901 ως
312 2851 367 2894 ἂν
396 2856 564 2908 μᾶλλον
594 2865 682 2908 τοῖς
712 2861 944 2915 πηδαλίοις
973 2859 998 2916 ἡ
1032 2865 1147 2912 ναῦς
1174 2860 1303 2918 ἡμῶν
1333 2865 1576 2919 πειθαρχῇ.
