1872 3224
615 204 825 239 ΑΔΗΛΩΝ
865 206 1136 241 ΔΡΑΜΑΤΩΝ
1595 210 1674 252 127

839 308 924 352 437

284 364 472 418 πρίονες

67 499 69 505 ,
191 459 361 500 Photius
390 457 543 509 πριών·
574 457 790 527 ὀξυτόνως,
821 460 864 501 τὸ
895 460 1093 515 ἄρμενον·
1131 464 1263 518 πρίων
1293 463 1352 518 δὲ,
1383 462 1439 514 ὥς
1469 463 1674 520 παίων,ὁ

49 514 233 573 ιᾗςιέμνων
260 521 316 572 τῷ
352 513 453 571 ἇρμε
443 514 512 573 ’νῳ
547 516 695 573 τούτῳ·
734 512 777 558 τὸ
816 517 861 559 δὲ
896 520 1179 571 πληθυντικὸν
1216 523 1379 576 πρίονες
1418 521 1486 563 διὰ
1527 527 1599 565 τοῦ
1638 525 1675 566 ὃ.

49 572 286 629 ,ἓΚρατῖνος.
318 575 367 615 de
397 578 567 617 accentu
598 577 817 618 Herodian.
850 579 891 618 Π
921 580 1018 629 434,
1053 582 1090 620 7.
1140 583 1236 631 573,
1271 584 1336 621 12.
1378 584 1474 635 723,
1507 585 1576 624 20.
1615 597 1675 623 ce-

4 642 7 666 !
33 639 49 674 f
70 637 211 675 terum
240 634 292 674 cf.
323 634 500 675 Lobeck
532 634 655 686 Soph.
687 635 751 677 Ai.
784 637 866 675 222
899 650 940 688 p.
975 639 1055 678 162
1073 651 1133 690 sq.
1166 640 1339 680 Meinek.
1372 640 1413 679 II
1445 642 1543 681 205.

834 761 920 804 438

287 815 526 873 πρότηθυς

34 946 37 947 ⁷
191 908 217 964 ἡ
247 925 354 951 ουτω
383 911 509 965 γραῦς
540 908 595 960 ὦς
626 910 704 965 πρὸ
712 912 909 981 Τηθύος
930 919 1000 967 τῆς
1017 910 1220 955 Ὠκεανοῦ
1238 914 1445 969 γεγονέναι
1465 917 1672 970 γυναικός.

11 978 48 1023 ζ..
78 971 278 1024 Κρατῖνος
309 963 384 1021 τὴν
411 966 654 1024 ὑπεργήρων
684 966 788 1011 οὕτω
817 969 921 1026 λέγει
949 972 1116 1021 παίζων.
1140 974 1313 1015 Bekker.
1336 975 1487 1015 Anecd.
1511 978 1579 1026 59,
1605 979 1672 1017 23.

77 1029 138 1069 ita
167 1041 282 1069 senes
312 1029 494 1069 exoletos
524 1030 665 1069 comici
696 1029 849 1071 Cronos
879 1031 1091 1083 Iapetosve
1122 1032 1341 1083 adpellant

839 1166 927 1210 439

288 1224 534 1278 πωγωνίας

2 1443 5 1447 ,
0 1181 23 1371 ,ψνπιρ

198 1318 243 1369 (i.
274 1331 308 1358 e.
340 1316 535 1372 πώγωνος
565 1315 969 1372 ὑποπιμπλάμενος),
1009 1316 1065 1368 ὥς
1097 1322 1310 1374 Κρατῖνος.
1356 1323 1499 1362 Pollux
1533 1325 1570 1374 2,
1607 1327 1671 1364 10.

302 1499 316 1514 Ρ
337 1498 348 1513 Ι
836 1444 923 1487 440

289 1515 457 1563 QUYZOS'

198 1592 243 1635 τὸ
273 1592 502 1649 πρόσωπον.
535 1597 736 1650 Κρατῖνος
767 1595 837 1638 καὶ
866 1595 1002 1651 ἕτεροι.
1033 1598 1151 1638 Phot.
1185 1599 1299 1641 Suid.
1332 1599 1384 1639 cf.
1408 1599 1603 1652 Archipp.
1640 1604 1674 1644 1,

835 1700 970 1765 441'

290 1775 438 1835 ῥύδην

201 1871 388 1926 σφοδρῶς
419 1871 488 1914 καὶ
518 1870 695 1927 ἀθρόως.
726 1871 854 1923 οὕτως
886 1876 1100 1927 Κρατῖνος.
1132 1875 1252 1915 Phot.
1286 1875 1399 1918 Suid.

839 2009 925 2052 442

294 2065 456 2122 Σάγρα

199 2160 247 2201 αἱ
272 2165 376 2200 τοῦ.
431 2157 651 2213 .οἰλήθεια.
682 2158 811 2210 ου’τως
842 2163 1057 2215 Κρατῖνος.
1091 2162 1219 2213 Phot.,
1252 2164 1362 2214 apud
1393 2176 1513 2215 quem
1543 2165 1671 2205 totius

83 2231 224 2259 versus
254 2219 400 2259 lacuna
429 2221 503 2259 est.
542 2220 750 2270 pertinent
779 2220 876 2260 haee
907 2221 992 2260 sine
1023 2220 1147 2260 dubio
1185 2194 1237 2260 a'd
1274 2221 1534 2272 proverbium
1573 2222 1675 2261 illud

84 2271 335 2329 ἀληθέστερα
365 2290 448 2316 των
478 2272 543 2316 ἐπὶ
572 2273 733 2332 Σαγρα,
767 2274 832 2317 ἐπὶ
863 2277 944 2317 τῶν
973 2274 1145 2329 ἆληθων
1173 2275 1269 2330 μέν,
1301 2274 1349 2317 οὐ
1379 2276 1678 2330 πιστευομένων

39 2368 45 2374 .
86 2330 143 2384 δέ,
175 2336 223 2373 ut
252 2334 310 2374 ait
339 2334 498 2374 Suidas.
533 2334 582 2374 cf.
616 2335 764 2375 Zenob.
798 2336 836 2385 2,
871 2337 922 2375 17
955 2349 1047 2375 cum
1078 2336 1170 2375 adn.
1202 2336 1420 2376 Leutschii.
1453 2337 1600 2376 Macar.
1635 2339 1672 2387 1,

13 2427 22 2433 .
86 2391 156 2431 84.
186 2391 237 2431 ad
269 2391 439 2443 Sagram
478 2392 647 2432 fluvium
686 2392 821 2433 decem
857 2393 970 2432 milia
1007 2393 1269 2433 Locrensium
1306 2395 1468 2433 centum
1509 2395 1678 2445 triginta

85 2449 201 2488 milia
231 2448 559 2489 Crotoniatarum
589 2450 845 2501 fugaverant,
877 2463 983 2491 anno
1014 2464 1048 2490 a.
1083 2450 1176 2490 Chr.
1208 2451 1368 2491 circiter
1399 2451 1497 2492 580.
1543 2452 1675 2491 Strab.

88 2507 127 2556 6,
161 2507 256 2546 261.
289 2506 370 2548 Oic.
401 2506 451 2547 N.
483 2507 523 2547 d.
556 2508 595 2556 2,
629 2508 667 2560 2,
700 2508 739 2547 6.
769 2507 913 2551 Iustin.
945 2509 1012 2558 20,
1046 2509 1085 2548 3.

839 2642 925 2685 443

295 2699 491 2742 σαυνίον

202 2793 308 2833 Poll.
349 2795 422 2842 10,
464 2794 544 2833 143
581 2790 650 2833 καὶ
688 2791 817 2832 παλτὰ
855 2790 923 2832 καὶ
964 2791 1158 2860 σαρίσσας
1195 2791 1263 2832 καὶ
1301 2790 1567 2833 σαυνία.τὸ
1603 2791 1677 2846 μὲν

88 2847 215 2901 ὄνομα
256 2846 321 2889 ἐπ’
360 2846 552 2903 ἀνδρείου
590 2850 749 2890 αἰδοίου
787 2848 867 2890 ἐστὶ
903 2864 1013 2903 παρα
1053 2849 1249 2905 Κρατίνῳ.
1310 2851 1480 2890 σαυνίον
1517 2850 1678 2903 σαθρόν

89 2920 234 2958 penem
263 2908 501 2959 languidum
532 2922 556 2947 a
586 2908 752 2948 Cratino
783 2909 861 2948 dici
891 2912 1012 2959 putat
1041 2909 1278 2950 Meinekius.
