1872 3224
574 189 810 224 ΘΡΑΙΤΤΑΙ
838 191 1222 224 KLEOBOTAINAI
1644 190 1701 232 39

716 328 1098 363 KAEOBOTAINAI

231 413 590 464 ‘Antiquissimum
630 408 939 464 (aenigmaticae
970 409 1217 463 comoediae)
1250 412 1477 462 exemplum
1507 411 1701 450 habemus

117 472 272 512 Cratini
304 469 584 519 Cleobulinas,
616 484 639 508 a
670 469 918 521 cleobulina,
952 468 1138 508 Cleobuli
1174 469 1311 509 Lindii
1349 469 1432 508 filia
1461 470 1700 520 ingeniosis-

115 530 217 570 sima
257 529 560 578 multorumque
612 528 888 579 aenigmatum
930 529 1091 566 auctore
1137 527 1416 575 celeberrima,
1465 527 1700 577 adpellatas,

115 600 194 638 qua
223 587 266 625 in
297 586 435 625 fabula
465 585 655 625 Cratinus
700 580 1027 624 muliercularum
1068 586 1224 623 coetum
1262 585 1422 623 videtur
1459 585 1700 634 exhibuisse,

115 645 356 695 aenigmatis
387 643 528 682 multis
559 643 690 683 modis
711 642 971 682 ludentium.2
1004 642 1178 680 Meinek.
1201 642 1222 680 I
1243 642 1339 681 277.
1372 642 1492 693 Diog.
1515 642 1561 681 L
1586 644 1622 691 1,
1645 642 1698 680 89

115 699 307 755 γενέσθαι
329 697 604 770 (Κλεοβούλῳ)
628 697 833 752 θυγατέρα
855 697 1170 750 Κλεοβουλίνην,
1201 697 1449 751 αἰνιφμάτων
1478 696 1702 751 ἑξαμέτρων

114 756 349 812 ποιήτριαν,
381 758 429 809 ῆς
460 755 656 810 μέμνηται
687 755 755 796 καὶ
783 758 982 810 Κρατῖνος
1014 754 1059 796 ἐν
1085 770 1137 810 τῳ
1160 752 1360 811 ὁμωνύμῳ
1382 754 1567 808 δράματι,
1599 759 1699 807 πλη-

115 820 322 863 θυντικῶς
354 811 594 868 ἐπιγράψας.
640 816 880 855 Plutarchus
920 815 1020 854 Mor.
1058 796 1204 854 148οᾶ
1237 827 1324 853 eam
1356 828 1379 853 a
1410 817 1524 864 patre
1555 815 1700 853 Eume-

44 921 47 922 7
115 876 189 923 tin,
221 888 244 914 a
273 874 422 925 populo
455 872 720 914 Cleobulinen
753 873 998 923 adpellatam
1029 885 1115 912 esse
1145 874 1297 914 nari-,at
1330 873 1380 912 cf.
1412 872 1560 924 Bergk.
1593 872 1641 910 R.
1665 885 1699 912 c.

114 933 204 973 Att.
239 932 479 971 112-123,

886 1019 941 1062 85

561 1098 804 1157 Ἀκέστορα
834 1098 923 1156 γὰρ
955 1097 1079 1155 ὅμως
1109 1096 1229 1149 εἰκὸς
1259 1100 1421 1154 λαβεῖν

392 1168 590 1227 πληγάς,
624 1168 707 1214 ἐὰν
737 1167 796 1226 μή
830 1168 1063 1225 συστρέψῃ
1094 1165 1149 1212 τὰ
1179 1166 1433 1225 πράγματα.

231 1255 362 1295 Schol.
394 1255 539 1295 Venet.
571 1254 781 1306 Aristoph.
805 1253 881 1295 Av.
906 1254 958 1292 31
992 1252 1049 1300 εἰς
1081 1250 1124 1291 δὲ
1157 1249 1231 1303 τὴν
1260 1250 1426 1303 ποίησιν
1449 1247 1700 1306 (Ἀκέστορα)

114 1309 376 1366 κεχλευάκασι
411 1311 588 1360 Καλλίας
618 1309 693 1364 μὲν
725 1343 733 1352 .
766 1312 1050 1363 ..Κρατῖνος
1090 1306 1135 1348 δὲ
1174 1307 1218 1349 ἐν
1258 1308 1584 1361 Κλεοβουλίναις
1633 1320 1701 1349 συ-

116 1368 287 1426 στρέψῃ]
321 1367 526 1425 συστρέφῃ
563 1371 1047 1423 Βο1113101113,συστραφῇ
1077 1368 1286 1408 Dobraeus
1328 1367 1500 1407 Advers.
1532 1368 1573 1407 II
1606 1369 1701 1408 214.

114 1410 428 1481 Κλεοβουλίναις
458 1441 530 1479 pro
555 1425 818 1480 Κλεοβούλοις
839 1426 1052 1468 Kusterus
1085 1438 1246 1465 versum
1275 1427 1294 1463 l
1320 1423 1509 1464 Cratinus
1539 1426 1597 1464 ita
1617 1439 1700 1465 non

116 1487 327 1537 scripsisse
371 1486 533 1526 videtur
576 1486 642 1525 vel
687 1488 852 1536 propter
904 1485 1030 1524 ictum
1081 1484 1124 1522 in
1174 1483 1319 1522 ultima
1369 1483 1526 1533 syllaba
1574 1485 1702 1523 nomi-

114 1547 178 1585 nis
206 1537 480 1596 Ἀκέστορα.
461 1540 699 1595 συστρέφειν
729 1542 953 1582 Meinekius
985 1555 1033 1581 ex
1059 1541 1240 1580 Ernestii
1269 1540 1416 1579 Lexico
1447 1540 1598 1580 rhetor.
1618 1542 1701 1580 335

114 1602 406 1653 interpretatur
444 1602 658 1641 ‘actionem
697 1602 737 1639 et
777 1600 1062 1651 argumentum
1104 1598 1262 1637 fabulae
1292 1598 1514 1637 rotundare
1545 1601 1587 1637 et
1618 1600 1700 1638 suis

115 1661 264 1700 finibus
295 1659 638 1708 circumscribere,
679 1672 730 1698 ne
761 1661 913 1697 temere
952 1657 1111 1695 diffluat
1146 1658 1187 1695 et
1219 1658 1332 1695 extra
1360 1656 1554 1695 terminos
1585 1669 1701 1707 vage-

116 1718 216 1758 tur’.
257 1717 458 1767 Bergkius
497 1717 544 1756 R.
584 1729 617 1758 c.
648 1716 736 1758 Att.
782 1716 863 1754 124
901 1717 1126 1754 tortuosam
1167 1715 1207 1752 et
1246 1713 1457 1753 obscuram
1494 1712 1702 1753 Acestoris

115 1776 257 1827 poesin
287 1774 504 1825 intellegit.
536 1777 725 1813 neutrum
758 1786 805 1812 ex
835 1769 982 1812 Atticis
1004 1769 1134 1821 poetis
1164 1771 1419 1821 comprobari
1439 1783 1557 1821 posse
1576 1774 1699 1822 puto:

115 1846 209 1873 nam
238 1834 331 1883 post
361 1828 624 1871 Aristotelem
654 1832 767 1870 illam
798 1831 975 1881 priorem
1007 1829 1345 1880 significationem
1375 1828 1483 1867 haud.
1519 1841 1610 1867 raro
1640 1830 1700 1867 in-

115 1890 245 1930 veniri
276 1890 447 1929 constat.
481 1890 616 1928 nescio
648 1902 699 1927 an
738 1898 788 1927 συ
820 1902 867 1927 ex
898 1897 945 1925 στ
974 1899 1185 1937 perpelam
1215 1886 1447 1936 repetitum,
1479 1883 1534 1936 μή
1566 1888 1700 1925 autem

118 1961 166 1987 ex
186 1946 253 1985 δια
273 1948 408 2014 prtum
431 1950 472 1986 et
494 1947 748 1986 scribendum
771 1946 824 1985 sit
855 1941 928 1983 εἀν
959 1941 1262 1996 διαστρέφῃ
1274 1957 1307 1980 τ.
1329 1955 1395 1994 πρ
1439 1942 1566 1982 Arist.
1601 1943 1699 1982 Ran.

120 2005 229 2044 1122
260 1999 421 2055 ἀσαφὴς
451 2018 527 2056 γαρ
557 1997 610 2054 ἧν
641 2000 685 2042 ἐν
715 2007 762 2056 τῇ
793 2001 940 2053 φράσει
979 2006 1076 2039 τῶν
1107 2014 1427 2052 πραγματων.
1470 1997 1544 2050 τὴν
1575 1995 1703 2050 φύσιν

117 2058 374 2113 διαστρέφειν
409 2061 597 2100 Menand‚
637 2062 808 2099 monost.
850 2061 947 2098 203
982 2057 1062 2098 Cic.
1096 2059 1155 2098 De
1186 2058 1415 2109 fat.8,16
1455 2059 1581 2098 multa
1609 2062 1703 2098 sunt

114 2132 261 2171 ymera
300 2116 563 2169 enuntiandi,
604 2130 673 2158 nec
717 2118 842 2157 ullum
884 2115 1088 2156 distortius
1133 2128 1254 2165 quam
1292 2116 1374 2155 hoc.
1415 2115 1463 2153 de
1509 2115 1702 2155 Acestore

119 2178 220 2217 Saea
250 2176 302 2215 cf.
333 2176 461 2216 Arist.
492 2177 570 2218 Av.
603 2178 653 2214 31
690 2174 797 2226 (011111
827 2173 1031 2226 interpr.).
1064 2174 1210 2224 Eupol.
1245 2173 1339 2221 159,
1376 2173 1440 2210 14.
1475 2173 1622 2224 Bergk.
1654 2173 1700 2212 R.

118 2247 149 2274 c.
185 2235 273 2273 Att.
309 2234 401 2272 123.
434 2235 473 2272 4.

891 2320 946 2362 86

325 2402 520 2445 ἐπέδωκε
551 2400 770 2457 βαλάνων
803 2398 954 2456 ἅβακα
985 2401 1078 2442 τῶν
1111 2398 1162 2442 ἐκ
1195 2396 1406 2447 Φιττέως.

235 2486 382 2525 Pollux
423 2486 620 2534 10,105
673 2482 807 2537 α’βακα
854 2480 893 2522 δ’
929 2482 964 2522 εἰ
999 2479 1161 2534 βούλοιό
1201 2494 1237 2519 τι
1285 2494 1366 2519 των
1404 2486 1475 2519 τοῦ
1512 2479 1702 2534 μαγείρου

121 2549 281 2583 σκευῶν
310 2543 470 2592 καλεῖν,
509 2540 805 2595 προσχρηστέον
835 2552 897 2580 σοι
935 2538 1120 2592 Κρατίνῳ
1157 2536 1202 2577 ἐν
1231 2537 1557 2590 Κλεοβουλίναις.
1590 2541 1632 2577 et
1664 2540 1702 2591 6,

122 2604 176 2642 86
207 2599 276 2640 καὶ
303 2597 413 2652 παρὰ
435 2573 621 2654 Κρατίνῳ
651 2597 843 2651 βαλανων
863 2596 1012 2651 ἄβακα.
1043 2609 1129 2647 pro
1138 2592 1312 2642 Φιττέως
1334 2596 1553 2644 Bentleius,
1584 2609 1702 2646 quem

123 2660 284 2699 secutus
316 2661 378 2698 est
407 2658 626 2707 Bekkerus,
659 2654 844 2707 φελλέως.
877 2656 948 2696 sed
977 2667 1105 2704 neque
1137 2650 1304 2702 φελλεύς
1334 2666 1525 2719 umquam
1556 2665 1703 2691 nomen

122 2716 332 2767 proprium
363 2715 441 2754 fuit
472 2714 640 2766 (Saupp.
671 2715 800 2766 Epist.
823 2715 911 2754 crit.
936 2714 988 2752 59
1002 2725 1062 2762 sq.
1068 2709 1098 2763 ),
1129 2723 1258 2759 neque
1290 2724 1359 2750 eae
1389 2711 1572 2761 regiones
1603 2723 1703 2760 quae

121 2774 192 2813 illo
230 2773 393 2812 nomine
430 2773 708 2824 significantur
739 2771 917 2824 (φελλεῖς
953 2783 999 2807 τα
1039 2765 1221 2818 πετρώδη
1262 2766 1330 2807 καὶ
1367 2766 1548 2820 αἰγίβοτα
1579 2766 1703 2818 χωρία

123 2831 334 2881 Harpocr„
366 2830 416 2869 cf.
447 2830 497 2870 fr.
531 2827 633 2884 271)
667 2830 894 2881 quercubus
926 2826 1080 2866 alendis
1112 2826 1231 2874 aptae
1271 2827 1397 2864 erant.
1436 2826 1573 2875 itaque
1606 2825 1700 2863 Mei

123 2888 266 2927 nekius
298 2884 342 2926 ἐκ
372 2884 548 2940 Φηγέως.
596 2890 638 2926 at
676 2899 804 2938 pagus
835 2898 918 2925 non
949 2886 1037 2923 elat
1067 2879 1249 2933 Φηγεύς
1283 2883 1352 2922 sed
1384 2880 1558 2934 Φηγαία,
1591 2882 1701 2921 cuius
