1872 3224
184 204 233 234 Ν
822 191 1100 225 PRAEFArio

300 311 345 337 ac
383 298 558 348 primum
594 297 775 346 quidem,
814 297 848 335 si
884 296 970 335 fieri
1008 299 1166 347 posset,
1208 295 1415 346 augendus
1452 298 1538 336 erat
1565 309 1756 337 numerus

185 355 515 406 fragmentorum.
557 366 727 404 quorum
765 366 1007 403 quamquam
1045 353 1268 392 Meinekius
1306 353 1604 404 Bergkiusque,
1644 353 1756 393 cuius

186 425 303 451 curae
334 412 505 451 traditus
537 412 623 449 erat
653 410 959 462 Aristophanes,
991 411 1145 449 tantam
1178 411 1330 461 copiam
1361 412 1660 462 congesserunt,
1690 410 1759 450 vix

186 471 232 508 ut
263 470 447 519 cuiquam
477 468 726 518 spicilegium
756 467 931 517 relinqui
963 467 1181 516 videretur,
1214 472 1350 506 tamen
1380 480 1428 506 ex
1457 467 1638 508 fontibus
1668 479 1759 507 cum

186 526 480 576 antiquioribus
510 527 599 563 tum
629 537 758 574 nuper
787 524 947 563 demum
977 525 1141 564 reclusis
1171 524 1276 563 haud
1297 525 1440 576 exigua
1460 525 1628 565 accessit
1656 524 1758 564 mul·

186 584 336 622 titudo:
379 594 458 632 quo
496 582 644 621 factum
681 583 743 620 est
778 583 824 619 ut
860 582 951 631 plus
990 584 1151 621 centum
1180 581 1477 633 quinquaginta
1509 582 1606 622 haec
1635 581 1759 622 editio

183 640 373 691 praebeat
402 640 630 690 fragmenta
649 638 849 677 Meinekio
871 639 1123 689 Bergkioque
1153 639 1306 690 ignota,
1337 651 1508 690 quorum
1528 639 1619 690 plus
1639 651 1759 690 quam

187 697 356 748 triginta
386 697 550 735 Henrici
580 695 713 735 Iacobi
751 696 948 735 debentur
987 696 1222 735 industriae.
1285 709 1330 735 ac
1367 697 1494 735 multo
1533 696 1660 736 maior
1697 697 1761 736 est

185 767 324 793 eorum
354 766 544 792 numerus
577 765 679 803 quae
709 754 829 792 tertio
861 752 1114 803 potissimum
1144 753 1341 793 volumini
1371 753 1580 793 addentur.

299 812 495 850 inmutavi
533 810 655 848 etiam
694 810 877 849 ordinem
915 807 1256 861 fragmentorum}
1298 811 1366 861 qui
1405 810 1514 860 apud
1553 823 1645 850 eum
1689 810 1759 862 qui

185 869 338 919 primus
378 881 422 907 ea
453 868 630 918 conlegit
660 869 702 906 et
732 869 897 918 propter
942 868 985 906 id
1029 868 1164 918 ipsum
1199 868 1314 907 facile
1350 869 1560 907 excusatur
1595 869 1636 906 et
1669 879 1761 907 con·

186 926 335 966 stantia
379 927 489 964 caret
528 927 568 964 et
605 925 903 975 perspicuitate.
941 938 1180 975 quamquam
1214 925 1320 964 enim
1350 925 1419 964 ubi
1448 937 1498 964 ex
1535 924 1760 964 fabularum

185 984 422 1035 argumento
467 995 567 1032 quae
609 982 731 1021 series
786 982 1101 1034 fragmentorum
1150 982 1273 1021 fuerit
1310 982 1482 1022 divinari
1527 983 1662 1032 potest
1707 1003 1758 1010 —

185 1041 293 1091 quod
338 1041 380 1078 in
423 1039 630 1090 perpaucis
677 1039 811 1078 evenit
856 1061 906 1095 -ς
955 1040 1057 1079 hanc
1096 1040 1228 1090 ipsam
1276 1039 1384 1079 viam
1425 1041 1584 1079 secutus
1622 1040 1684 1078 est
1721 1040 1764 1078 et

185 1098 360 1138 voluisse
391 1109 482 1135 eum
521 1097 643 1135 etiam
679 1097 722 1135 in
760 1097 902 1135 ceteris
938 1099 1088 1136 certam
1125 1097 1327 1147 quandam
1363 1097 1495 1148 legem
1526 1109 1685 1137 servare
1715 1108 1763 1136 ex

187 1154 370 1205 vestigiis
402 1154 643 1204 quibusdam
673 1153 877 1192 interdum
907 1154 1114 1194 incohatae
1152 1156 1200 1194 ut
1228 1155 1286 1193 ita
1316 1154 1447 1193 dicam
1485 1153 1762 1204 dispositionis

188 1212 464 1263 cognoscitur:
505 1211 547 1250 in
582 1211 702 1261 longe
740 1210 923 1261 plurimis
963 1213 1096 1250 tamen
1134 1211 1218 1251 fere
1249 1211 1476 1262 desperavit
1505 1210 1661 1250 firmam
1691 1209 1761 1250 ali-

185 1282 305 1320 quam
336 1268 508 1307 inveniri
540 1280 657 1318 posse
696 1270 737 1307 et
775 1270 1026 1308 constantem
1056 1269 1253 1320 regulam.
1299 1270 1436 1319 itaque
1475 1270 1521 1307 ut
1555 1267 1763 1308 hominum

186 1327 395 1365 doctorum
416 1325 689 1364 commoditati
711 1326 972 1374 consulerem,
1005 1338 1257 1366 communem
1287 1326 1329 1365 in
1350 1325 1536 1365 omnibus
1565 1325 1763 1365 rationem

187 1386 346 1423 secutus
377 1396 466 1422 sum
496 1383 610 1431 hanc,
642 1384 687 1421 ut
718 1395 791 1432 pro
823 1383 1075 1434 singulorum
1096 1385 1320 1423 metrorum
1350 1383 1392 1422 in
1413 1382 1630 1422 comoediis
1649 1394 1763 1434 grae-

187 1441 242 1480 cis
284 1440 512 1490 frequentia
549 1440 722 1490 primum
762 1440 933 1479 iambica
970 1453 1160 1490 ponerem
1198 1441 1428 1492 fragmenta
1466 1441 1507 1479 et
1546 1438 1761 1488 trochaica,

185 1499 278 1549 post
307 1498 405 1536 haec
437 1496 692 1546 anapaestica
722 1499 763 1535 et
793 1496 1013 1548 dactylica,
1045 1497 1233 1548 deinceps
1272 1498 1434 1546 melica,
1475 1498 1563 1536 tum
1601 1509 1649 1536 ea
1677 1496 1762 1548 qui-

186 1555 260 1594 bus
293 1555 379 1594 sola
409 1554 573 1593 nomina
603 1554 667 1592 vel
697 1566 758 1593 res
788 1555 831 1593 in
852 1554 1069 1594 comoediis
1091 1557 1425 1594 commemoratae
1447 1554 1761 1603 continerentur,

185 1612 331 1650 ultimo
364 1611 534 1661 denique
565 1611 652 1650 loco
685 1611 843 1661 singula
874 1611 1070 1650 vocabula
1090 1613 1309 1652 secundum
1331 1613 1559 1651 litterarum
1581 1611 1788 1651 ordinem*

187 1669 355 1720 digesta.
407 1681 458 1707 ne
489 1671 623 1707 tamen
653 1681 700 1707 ex
723 1668 997 1708 Meinekianae
1026 1682 1215 1720 meaeque
1238 1669 1512 1717 dispositionis
1535 1669 1761 1719 discrepan-

186 1728 243 1766 tia
273 1725 530 1765 difficultates
561 1725 775 1773 orirentur,
811 1726 964 1765 indices
996 1726 1166 1777 singulis
1188 1727 1460 1767 voluminibus
1480 1739 1528 1766 eo
1559 1726 1646 1777 ipso
1667 1738 1761 1765 con·-

187 1783 278 1824 silio
309 1783 513 1822 confectos
544 1783 690 1822 addere
720 1783 924 1824 constitui.

301 1840 417 1880 novis
449 1840 632 1880 codicum
665 1839 855 1879 subsidiis
885 1840 1140 1881 adhuc'usus
1171 1854 1260 1881 sum
1290 1841 1432 1880 nullis:
1472 1853 1603 1891 neque
1632 1839 1682 1878 ab
1715 1851 1761 1879 eo

186 1898 256 1949 qui
286 1898 512 1949 fragmenta
541 1898 626 1936 edit
657 1910 704 1936 ex
734 1897 855 1937 variis
896 1898 1160 1948 scriptoribus
1191 1902 1376 1949 excerpta
1411 1899 1517 1938 iuste
1546 1897 1763 1948 quicquam

188 1955 299 1995 aliud
328 1955 527 2006 postulari
556 1956 692 2005 potest
721 1966 840 2004 quam
871 1957 918 1993 ut
949 1956 1112 2006 optimis
1143 1969 1243 2006 quae
1273 1957 1435 2006 praesto
1466 1957 1560 1995 sunt
1596 1955 1762 1993 illorum

187 2012 430 2052 editionibus
461 2025 581 2063 quam
611 2011 912 2062 religiosissime
948 2014 1099 2052 utatur.
1158 2026 1284 2052 unum
1323 2013 1492 2052 forsitan
1528 2012 1571 2051 in
1605 2011 1667 2051 his
1701 2023 1762 2050 re-

185 2069 322 2121 liquiis
352 2069 518 2109 edendis
547 2068 692 2107 merito
725 2068 899 2118 excipias
930 2069 1203 2118 Athenaeum,
1234 2070 1303 2121 qui
1332 2082 1574 2120 quamquam
1611 2067 1762 2108 uberri-

187 2139 275 2166 mus
306 2127 395 2166 fons
426 2128 488 2166 est
517 2127 849 2177 fragmentorum,
881 2127 1016 2165 tamen
1046 2127 1144 2177 quid
1165 2127 1383 2178 scripserit,
1406 2139 1496 2167 cum
1525 2126 1647 2166 codex
1677 2125 1763 2164 eius

186 2183 366 2223 Venetus
389 2184 613 2223 Marcianus
635 2180 727 2236 (A),
748 2195 852 2221 unus
874 2184 1054 2222 omnium
1075 2184 1252 2234 optimus
1266 2184 1591 2234 reliquorumque
1606 2194 1762 2234 parens,

187 2241 306 2280 hodie
335 2241 543 2292 neglectus
582 2241 723 2288 iaceat,
763 2240 831 2279 vix
860 2245 1029 2290 usquam
1059 2243 1232 2280 constat.
1284 2241 1354 2280 sed
1383 2253 1506 2291 quam
1536 2240 1633 2279 olim
1664 2251 1761 2279 con-

188 2311 368 2348 ceperam
405 2311 518 2349 spem
549 2297 816 2337 conlationem
855 2297 939 2336 eius
978 2310 1043 2336 me
1081 2300 1151 2337 aut
1187 2299 1319 2348 ipsum
1348 2299 1583 2348 paraturum
1613 2298 1684 2336 aut
1712 2296 1762 2336 ab

188 2355 276 2394 aliis
314 2358 571 2406 accepturum
607 2366 694 2394 esse
737 2376 788 2381 —
829 2366 922 2392 nam
961 2368 1082 2405 quam
1119 2355 1217 2394 olim
1256 2355 1333 2395 sibi
1372 2355 1545 2395 confecit
1587 2353 1763 2394 Cobetus

188 2425 328 2452 vereor
355 2425 405 2451 ne
435 2425 655 2463 numquam
682 2410 978 2462 philologorum
1005 2412 1048 2451 in
1076 2425 1171 2452 usus
1198 2414 1443 2463 perventura
1476 2412 1530 2451 sit
1566 2433 1641 2461 —,
1674 2423 1763 2450 eam

188 2470 374 2508 fortunae
405 2470 632 2520 iniquitate,
665 2469 714 2507 de
745 2480 823 2518 qua
852 2468 999 2520 longus
1030 2482 1115 2508 esse
1146 2470 1262 2521 nolo,
1294 2471 1452 2509 coactus
1484 2468 1624 2509 abieci.
1682 2480 1763 2520 qua

189 2527 231 2566 in
261 2540 304 2566 re
335 2527 439 2566 illud
468 2540 594 2565 unum
623 2539 687 2565 me
717 2525 957 2574 consolatur,
989 2527 1098 2576 quod
1128 2526 1162 2566 si
1192 2526 1289 2577 quid
1321 2529 1382 2567 est
1410 2527 1452 2566 in
1483 2526 1557 2565 hac
1583 2526 1762 2566 editione

191 2584 378 2633 ponderis
400 2585 441 2623 et
461 2584 668 2636 momenti,
687 2583 729 2622 id
752 2581 911 2622 etiamsi
942 2583 1099 2623 felicior
1119 2583 1285 2624 fuissem
1316 2585 1448 2623 tamen
1478 2583 1610 2634 magis
1639 2584 1683 2622 in
1705 2582 1762 2622 eis

192 2653 294 2690 quae
331 2640 496 2680 adsidua
532 2641 753 2680 multorum
792 2652 990 2680 annorum
1018 2640 1192 2680 lectione
1231 2643 1272 2679 et
1309 2640 1571 2680 meditatione
1600 2638 1763 2692 repperi

190 2710 310 2746 quam
339 2698 382 2736 in
413 2699 654 2738 adiumentis
685 2696 932 2737 extrinsecus
963 2698 1126 2738 adscitis
1157 2700 1399 2737 cerneretur.

305 2755 486 2794 codicum
515 2758 635 2806 atque
662 2755 734 2794 ubi
764 2766 864 2804 opus
895 2759 982 2794 erat
1019 2755 1241 2794 editionum
1276 2755 1527 2795 notationem
1556 2767 1644 2794 eam
1673 2754 1762 2794 ubi-

190 2824 267 2862 que
303 2812 473 2860 retinui,
515 2825 595 2863 qua
630 2810 841 2852 novissimi
879 2813 922 2851 et
961 2812 1246 2862 spectatissimi
1284 2812 1461 2852 editores
1506 2811 1570 2851 usi
1613 2813 1758 2852 essent.

190 2868 317 2908 veluti
359 2869 403 2909 in
448 2869 657 2910 Athenaeo
703 2868 751 2911 G.
795 2868 1068 2919 Dindorfium‚
1116 2869 1158 2908 in
1202 2869 1365 2909 Polluce
1416 2869 1664 2919 Bekkerum,
1717 2869 1761 2909 in
