1872 3224
617 198 949 234 ΦοΡΜοΦοΡοΙ
994 200 1170 237 IAMBOI
1596 204 1680 248 245

37 326 39 332 ·
95 300 286 341 nuntiata
315 313 414 341 esse.
453 303 653 368 quomodo
684 305 819 344 autem
849 305 944 345 haec
976 307 1109 346 omnia
1139 307 1187 346 de
1218 308 1372 349 Baccho
1405 307 1460 361 (v
1486 305 1530 363 2)
1560 324 1672 360 prae-

97 357 223 398 dicari
251 359 461 410 potuerint
491 361 638 400 neseio.

870 451 925 494 64

213 530 343 572 Schol.
382 531 590 583 Aristoph.
629 532 707 574 Av.
743 534 826 574 750
854 531 1049 603 μέμνηται
1081 534 1355 605 (Φρυνίχου
1386 542 1457 578 τοῦ
1485 540 1679 609 κωμικοῦ)

27 620 38 635 ,7
83 586 314 643 Ἕρμιππος
359 586 404 628 ἔν
445 588 725 643 Φορμοφόροις
764 586 819 638 ὥς
857 586 1041 645 ἀλλότρια
1083 589 1411 646 ὖποβαλλομένου
1454 595 1673 649 ποιήματα.

95 647 303 700 pertinent
330 647 427 687 haec
458 648 507 687 ad
538 649 700 688 mutuas
732 649 974 689 comicorum
1005 650 1327 692 obtrectationes.

871 796 926 839 65

211 878 356 918 Pollux
399 876 845 932 10,122Ἐρμιππος
876 876 929 918 ἐν
970 877 1245 934 Θεσμοφόροις
1283 879 1352 921 τὸν
1388 880 1582 922 κύαθον
1612 883 1679 924 και

95 932 171 988 τὴν
199 933 439 1007 οἰνοχόην
468 934 536 975 και
566 933 609 975 τὸ
637 934 850 988 λύχνιον
880 933 949 991 (fr.
974 936 1046 990 62)
1068 936 1134 977 καὶ
1156 936 1202 977 τὰ
1226 943 1388 979 τοιαῦτα
1410 938 1534 991 σκεύη
1560 943 1676 1007 χαλ-

95 991 178 1034 κίδ
187 1007 238 1032 ια
266 991 335 1033 καὶ
363 992 546 1045 χαλκίοι
576 995 708 1046 καλεῖ,
740 990 795 1042 ὥς
827 992 871 1033 ἐκ
901 996 1051 1046 χαλκοῦ
1081 994 1340 1048 πεποιημένα.
1385 993 1674 1085 Θεσμοφόροις]

36 1083 40 1085 >
93 1046 372 1105 Φορμοφόροις
404 1050 680 1092 casaubonus.

301 1208 641 1266 άπεὸημηκότες
867 1152 922 1195 66

196 1289 425 1346 ’Έρμιππος
471 1290 766 1346 Φορμοφόροις.
811 1294 982 1333 Bekker.
1022 1293 1173 1333 Anecd.
1215 1296 1319 1344 419,
1354 1296 1406 1335 26
1446 1298 1487 1334 et
1518 1296 1674 1336 Suidas.

93 1352 265 1393 Bekker.
297 1351 450 1392 Anecd.
485 1352 553 1400 79,
586 1352 639 1391 26
670 1346 993 1409 ἆπεδημηκότος·
1026 1349 1296 1403 Δημοσθένης
1327 1349 1426 1391 κατὰ
1458 1352 1676 1406 Λεπτίνου,

95 1407 296 1461 Ξενοφων
320 1403 769 1460 Ἀπομνημονευμάτων
799 1407 1103 1463 τρίτῳ.110(;[110
1134 1410 1240 1460 apud
1269 1410 1578 1450 Demosthenem
1608 1424 1674 1450 ne-

92 1480 171 1518 que
201 1467 308 1518 apud
337 1467 647 1517 Xenophontem
677 1467 889 1534 quicquam
910 1466 1107 1506 eiusmodi
1128 1469 1269 1507 exstat.
1321 1467 1493 1507 Lobeck.
1525 1467 1672 1520 Phryn.
1744 1479 1748 1494 ⁴

95 1525 177 1565 598
207 1524 298 1564 adn.
338 1526 408 1564 aut
444 1516 793 1576 άποδεδημηκότες
834 1523 1089 1564 scribendum
1126 1528 1197 1563 aut
1227 1524 1418 1564 barbarus
1448 1525 1559 1575 loqui
1591 1538 1671 1564 cre-

93 1581 247 1623 dendus
278 1584 351 1622 est.
404 1582 405 1585 ’

862 1669 916 1712 67

300 1727 547 1784 ἕπτυσχλοι

209 1809 427 1859 πολυτελὲς
464 1802 655 1864 ἆνδρεῖον
694 1806 940 1862 (ὑπόδημα),
977 1803 1026 1849 οὗ
1050 1808 1279 1862 Έρμιππος
1317 1808 1361 1849 ἐν
1398 1808 1675 1863 Φορμοφόροις

96 1867 354 1940 uvnpt‘ovs6st.
388 1869 491 1908 Poll.
526 1871 563 1918 7,
597 1869 664 1908 89.
697 1864 907 1919 ἕπτυσχλοι
937 1867 1166 1920 Bekkerus]
1197 1864 1388 1919 ῧποσχλοι
1408 1869 1457 1907 Α.
1490 1865 1674 1919 ύπισχλοι

97 1928 143 1968 O.
194 1924 375 1966 ἓπτύσκυ
406 1926 492 1968 cod.
534 1925 731 1976 Hesych„
780 1921 1022 1978 ἕπτυσκ(λ)υ
1060 1925 1114 1963 Μ.
1149 1925 1343 1964 Schmidt.
1393 1926 1508 1964 ‘latet
1545 1925 1673 1964 forma

96 1985 289 2025 Boeotica
332 1980 530 2022 ἕπτυσκλυ
574 1995 648 2033 pro
687 1979 898 2020 ἕπτυσκλοι
935 1983 1005 2021 aut
1041 1982 1116 2021 hoe
1153 1982 1215 2033 ips
1218 1983 1315 2021 um.'
1351 1982 1511 2021 Pollux
1543 1984 1585 2029 7,
1619 1983 1674 2022 80

95 2040 194 2094 μέρη
215 2032 489 2092 ὑποδημάτων
507 2042 677 2093 γλῶτται
696 2037 763 2078 καὶ
783 2034 1011 2090 καττύματα
1031 2035 1098 2076 καὶ
1121 2036 1145 2078 ὓ
1139 2036 1241 2090 σχλ
1253 2052 1307 2079 οι
1331 2039 1499 2079 Bekker.
1517 2038 1671 2079 Anecd.

93 2101 245 2151 16,11
278 2096 485 2149 ἔπτυσχλοι
515 2093 607 2161 (sic)
638 2095 784 2145 ὤφειλε
817 2092 859 2151 (ὃ
889 2094 966 2147 ὤφ.
997 2094 1144 2147 Bekk.)
1175 2094 1242 2134 διὰ
1272 2101 1343 2136 τοῦ
1365 2111 1395 2145 φ
1417 2094 1485 2135 καὶ
1505 2103 1537 2138 θ
1566 2093 1611 2148 (1.
1635 2109 1669 2135 e.

95 2153 362 2209 εφθυσχλοι)·
395 2152 462 2194 καὶ
491 2169 566 2222 γαρ
596 2146 640 2192 τὸ
668 2151 812 2206 ὕσχλος
843 2152 1076 2195 δασύνεται.
1109 2150 1191 2192 ἔστι
1221 2150 1265 2192 δὲ
1285 2158 1367 2192 των
1385 2151 1670 2205 ὑποδημάτων,

89 2211 194 2254 οθεν
223 2213 265 2253 οἷ
290 2210 451 2264 ἱμάντες
483 2207 719 2261 ἐξάπτονται
747 2208 846 2264 πρὸς
877 2208 920 2250 τὸ
951 2209 1134 2261 συνέχειν
1163 2208 1233 2250 τὸν
1252 2206 1369 2250 πόδα.
1399 2209 1545 2257 ὕσκλος
1567 2208 1612 2263 (i
1635 2223 1668 2249 e.

89 2269 182 2324 όχος
221 2268 395 2323 habena)
435 2282 582 2312 nomen
621 2269 816 2310 aeolicum
854 2282 933 2308 una
970 2281 1060 2308 cum
1099 2268 1244 2319 spiritu
1274 2269 1354 2307 leni
1384 2268 1426 2307 in
1457 2269 1667 2307 dialectum

92 2341 345 2370 communem
375 2327 586 2367 transiisse
617 2327 844 2378 suspicatur
873 2326 1048 2366 Lobeck.
1080 2325 1254 2376 Paralip.
1286 2326 1353 2365 34.

205 2386 419 2426 Praeterea
455 2385 506 2424 ad
543 2385 645 2424 hanc
675 2384 852 2423 fabulam
892 2384 942 2425 fr.
975 2384 1028 2422 82
1060 2382 1286 2422 referebant
1323 2382 1521 2433 Bergkius
1553 2382 1599 2420 R.
1632 2394 1664 2419 c.

91 2443 180 2484 Att.
213 2443 311 2485 325.
332 2444 356 2482 6
388 2444 431 2482 et
460 2442 700 2482 Meinekius.

790 2575 968 2610 IAMBOI

205 2660 477 2700 Nominantur
507 2660 627 2699 etiam
660 2659 833 2698 trimetri
863 2659 904 2696 et
933 2656 1172 2696 tetrametri.
1213 2655 1498 2705 probi-osorum
1529 2653 1665 2694 carmi-

92 2731 191 2757 num
221 2718 370 2757 librum
400 2717 717 2768 intellegendum
748 2728 833 2755 esse
864 2713 1086 2754 Meinekius
1117 2712 1262 2752 statuit
1299 2711 1319 2750 I
1351 2713 1417 2751 96.
1458 2712 1510 2751 cf.
1547 2711 1666 2750 Hem-

91 2775 261 2815 sterhus.
292 2774 501 2824 Aristoph.
531 2774 639 2814 Plut.
674 2775 755 2813 701
785 2787 825 2823 p.
860 2772 942 2810 234
972 2771 1083 2820 Lips.
1123 2782 1224 2819 quae
1253 2782 1495 2819 quamquam
1525 2769 1572 2807 ad
1604 2781 1665 2807 co-

90 2832 288 2872 moediam
331 2832 538 2882 antiquam
581 2843 664 2871 non
709 2830 930 2881 pertinent,
970 2829 1104 2867 tamen
1142 2827 1372 2877 fragmenta
1408 2826 1472 2865 hic
1513 2825 1664 2864 deside-

89 2889 170 2928 rari
199 2889 324 2928 nolui.
