1872 3224
761 251 993 287 ΟΛΚΑΔΕΣ
1574 261 1657 305 499

32 323 59 371 ··'-‚
94 349 173 392 tin.·
211 350 278 391 75.
322 350 427 391 Plat.
461 352 609 405 Theag.
655 355 731 394 129
750 370 784 395 a.
828 357 972 410 Bergk.
1018 360 1062 402 R.
1103 374 1134 400 ο.
1176 364 1260 403 Att.
1303 365 1432 415 97sq.
1479 367 1654 407 Mueller.

94 407 234 451 sarab.
265 409 349 448 334
363 421 422 460 sq.
1162 430 1178 446 ·

841 527 925 570 412

89 596 307 656 ἀράκους,
340 601 532 658 πυρούς,
564 604 801 661 πτισάνην,
833 607 1042 663 χόνδρον,
1074 611 1200 666 ζειάς,
1232 616 1375 667 αἴρας,
1407 615 1653 668 σεμίδαλιν.

58 738 59 741 ¹
208 683 384 725 Galenus
415 686 474 725 De
505 687 683 727 aliment.
715 690 851 729 facult.
887 694 923 740 1,
947 693 997 731 27
1023 691 1121 744 (ΙΠΙ
1152 696 1230 733 316
1262 696 1322 735 ed.
1345 696 1462 736 Basil.
1487 698 1542 737 VI
1573 700 1649 737 541

50 757 68 776 r
86 741 271 794 vKuehn.)
302 742 392 795 περὶ
421 739 597 796 άράκων.
631 743 702 796 τὴν
732 743 910 799 ὑστάτην
940 748 1141 802 συλλαβὴν
1169 756 1236 790 τοῦ
1267 757 1347 791 τῶν
1375 750 1535 805 ἆράκων
1563 751 1651 794 ὀνό-

90 812 214 852 ματος
245 797 314 839 διὰ
346 805 418 839 τοῦ
447 815 472 839 κ
503 800 778 855 γεγραμμένην
798 802 1031 858 εὑρίσκομεν
1062 805 1105 846 ἐν
1134 811 1217 856 ταῖς
1244 805 1547 861 Ἀριστοφάνους
1572 808 1652 850 Ὁλ-

91 854 226 908 κάσιν,
258 854 362 897 ἔνθα
394 857 522 910 φησίν
551 862 634 900 κτλ.
666 861 838 913 Hesych.
869 860 1030 915 ὅῖρακοι·
1062 862 1229 918 ὅσπριόν
1260 881 1307 905 τι.
1339 865 1380 906 τὸ
1406 865 1448 906 δὲ
1471 863 1566 907 αὐτὸ
1587 866 1651 907 καὶ

90 909 278 967 λάθυροι.
309 916 361 955 cf.
392 914 574 957 Pherecr.
611 920 691 958 188
723 924 764 959 et
795 920 1019 964 Schneider.
1051 923 1246 974 Theophr.
1278 924 1337 963 111
1367 926 1458 965 687.
1487 939 1574 965 cum
1607 926 1652 964 fr.

90 972 176 1012 413
206 973 304 1015 haec
334 975 535 1014 artissime
565 976 845 1028 coniungenda
874 991 957 1019 esse
988 983 1028 1019 et
1049 981 1199 1031 copiam
1221 981 1409 1021 frumenti
1430 995 1475 1021 ex
1497 983 1654 1021 Euboea

94 1029 252 1071 advecti
283 1031 500 1083 significari
531 1036 669 1073 censet
698 1034 908 1086 Bergkius.

841 1147 924 1190 413

122 1223 198 1266 καὶ
228 1224 464 1280 κολλύραν
494 1232 611 1268 τοῖσι
641 1229 842 1282 περῶσιν
872 1225 946 1270 διὰ
974 1225 1083 1270 τούν
1113 1231 1369 1284 Μαραθῶνι
1398 1236 1624 1284 τροπαῖον.

2 1318 12 1333 a
0 1039 25 1278 *Qvquwf-:vvp
2 994 13 1014 ἰ·
4 965 24 981 ῑ»
11 774 30 951 5

30 1132 43 1141 Ῑ

7 1353 16 1358 ,μ
206 1309 437 1349 Athenaeus
469 1310 507 1358 3,
543 1311 656 1349 Illa
685 1314 755 1361 τῆς
785 1306 829 1349 δὲ
867 1308 1058 1364 κολλύρας
1097 1309 1340 1363 καλουμένου
1375 1310 1496 1364 ἄρτου
1535 1311 1646 1365 (μνη-

0 1371 8 1403 R
90 1363 268 1418 μονεύει)
298 1362 590 1419 Ἀριστοφάνης
624 1399 631 1407 .
661 1397 670 1407 .
693 1397 702 1406 .
735 1365 779 1406 ἐν
810 1363 968 1407 Ὁλκάσι
989 1371 1085 1415 κτλ.
1145 1372 1243 1408 τοῖσι
1279 1370 1428 1421 Dindf.]
1459 1372 1551 1417 τοῖς.
1589 1383 1652 1408 πε-

11 1465 14 1468 ⁴
91 1422 236 1476 ρῶσιν]
269 1420 516 1476 γέρουσιν
544 1425 811 1475 probabiliter
831 1425 1039 1478 Bergkius.
1071 1423 1166 1465 τούν
1193 1449 1239 1455 -
1261 1424 1468 1479 τροπαῖον]
1500 1431 1569 1465 τοῦ·
1603 1449 1650 1454 -

93 1479 285 1534 τροπαίου
324 1482 541 1522 Elmsleius
586 1483 684 1522 Ach.
718 1483 822 1531 343,
869 1484 1081 1534 probatum
1118 1484 1221 1534 quod
1259 1484 1353 1523 satis
1398 1484 1530 1523 mirari
1575 1496 1654 1523 non

91 1550 257 1590 possum
288 1539 490 1579 Meinekio
523 1537 583 1592 (in
614 1540 678 1579 ed.
710 1538 876 1595 Athen.)
907 1543 947 1580 et
977 1540 1137 1590 Cobeto,
1176 1541 1243 1591 qui
1281 1542 1426 1580 Mnem.
1456 1540 1538 1580 IIII
1574 1541 1655 1579 280

94 1596 245 1636 ‘nemo'
289 1597 422 1648 inquit
459 1598 607 1648 ‘capiet
642 1611 835 1648 umquam
874 1599 968 1648 quid
1008 1599 1060 1638 sit
1094 1603 1221 1651 περᾶν
1258 1595 1324 1636 διὰ
1359 1595 1399 1637 τὸ
1441 1598 1654 1650 τροπαῖον’.

94 1654 179 1693 aio:
213 1653 283 1693 sed
312 1655 443 1694 multo
474 1655 607 1694 minus
637 1656 847 1706 quisquam
878 1656 1004 1707 capiet
1032 1655 1126 1706 quid
1158 1657 1211 1695 sit
1238 1660 1366 1707 περᾶν
1394 1653 1459 1693 διὰ
1480 1659 1549 1693 τοῦ
1570 1667 1653 1705 τρο-

95 1709 233 1751 παίου.
266 1712 422 1751 scilicet
451 1715 571 1762 poeta
602 1713 699 1751 dicit.
730 1714 927 1762 ‘collyram
958 1711 1154 1766 (debemus
1181 1714 1243 1752 vel
1264 1711 1471 1763 donamus)
1502 1713 1657 1773 senibuff

90 1772 254 1818 propter
283 1771 485 1822 uictoriam
515 1770 826 1810 Marathoniam.
859 1770 1002 1809 dicitur
1031 1772 1160 1810 autem
1199 1782 1279 1809 non
1316 1769 1440 1820 magis
1478 1770 1575 1807 bene
1615 1781 1656 1806 το

97 1826 338 1879 Μαραθῶνι
374 1840 495 1878 quam
533 1819 576 1865 τὸ
612 1824 657 1866 ἐν
686 1828 751 1867 Μ.
784 1829 981 1879 τροπαῖον.
1013 1828 1085 1878 Eq.
1120 1828 1226 1866 1334
1263 1827 1298 1865 R
1334 1827 1656 1877 τοῦμμαραθῶνι,

93 1883 119 1922 i.
151 1888 290 1924 ecto&
316 1880 356 1922 ’ν
387 1885 643 1937 Μαραθῶνι,
673 1897 718 1924 ac
748 1884 784 1922 V
813 1889 883 1922 τοῦ
909 1880 948 1922 ’ν
978 1885 1055 1934 Μ.,
1086 1884 1204 1934 Vesp.
1238 1885 1314 1922 711
1347 1887 1416 1921 τοῦ
1441 1878 1480 1920 ’ν
1510 1883 1655 1933 Μαρα-

92 1942 204 1980 θῶνι
234 1941 320 1981 RV.
353 1941 402 1980 cf.
436 1942 559 1982 Isocr.
591 1943 628 1990 8,
664 1943 729 1981 38.
761 1942 935 1992 Lycurg.
972 1942 1063 1980 104.
1105 1941 1289 1979 Aeschin.
1322 1940 1358 1987 2,
1391 1940 1456 1978 75.
1489 1940 1528 1987 3,
1560 1940 1654 1979 181.

97 1998 192 2038 186.
224 1998 433 2038 Demosth.
469 2001 532 2047 13,
565 2000 633 2038 22.
665 1999 843 2049 loquitur
873 1999 1013 2038 chorus
1043 1998 1203 2037 navium
1233 1996 1512 2036 onerariarum.

845 2121 929 2163 414

192 2201 432 2258 σκόμβροι,
463 2203 628 2255 κολίαι,
662 2202 821 2256 λεβίαι,
853 2199 1028 2257 μύλλοι,
1059 2198 1293 2254 σαπέρδαι,
1323 2196 1538 2246 θυννίδες

209 2286 440 2326 Athenaeus
480 2287 525 2335 3,
568 2285 682 2325 118d
718 2281 956 2336 μνημονεύει
994 2279 1038 2320 δὲ
1075 2282 1153 2320 τῶν
1195 2278 1353 2332 μύλλων
1388 2277 1454 2317 καὶ
1486 2275 1655 2330 Ἀριστο-

94 2340 230 2393 φάνης
276 2340 321 2382 ἐν
353 2339 515 2382 Ὁλκάσι
553 2344 633 2381 κτλ.
695 2340 822 2394 λεβίαι
860 2336 1105 2391 Dindorfius]
1146 2335 1279 2389 λέβιοι.
1338 2336 1479 2375 Pollux
1518 2336 1561 2383 6,
1601 2335 1654 2373 48

93 2394 301 2452 θύννοι,
331 2398 482 2449 κολίαι,
513 2396 727 2451 σαπέρδαι,
766 2397 914 2450 λεβίαι,
950 2395 1088 2448 μύλλοι
1126 2396 1209 2435 sine
1247 2394 1386 2441 dubio,
1417 2404 1653 2442 quamquam

93 2460 296 2498 auctorem
325 2471 408 2498 non
436 2458 631 2507 nominat,
664 2469 710 2494 ex
740 2456 813 2494 hoc
842 2456 927 2505 ipso
956 2467 1086 2493 versu.
1145 2452 1184 2490 in
1205 2451 1311 2490 exitu
1335 2462 1469 2488 versus
1490 2448 1653 2498 suppleo

94 2511 279 2567 ἄρκτοι.
310 2516 359 2554 cf.
391 2514 648 2554 Mnesimach.
681 2514 722 2563 4,
754 2513 820 2550 45.
855 2511 1054 2550 Archestr.
1086 2508 1230 2547 Athen.
1264 2508 1302 2553 3,
1330 2505 1416 2543 92d
1447 2503 1528 2554 (W.
1563 2504 1652 2542 Rib-

93 2572 209 2613 beck.
242 2574 311 2623 50,
344 2569 402 2626 2).
433 2572 600 2611 Aristot.
634 2570 682 2609 H.
705 2583 738 2608 a.
773 2571 810 2616 5,
846 2570 908 2606 17.
941 2566 1110 2605 Meinek.
1142 2564 1202 2602 III
1233 2564 1327 2602 574.
1357 2618 1365 2626 ·
1387 2560 1556 2624 κολίας
1595 2563 1655 2598 est

93 2630 266 2669 scomber
301 2630 501 2669 scombrus
540 2627 699 2667 Ouvieri
741 2624 847 2677 (Ind.
887 2621 1085 2671 A1·ist0t..).
1146 2621 1193 2659 cf.
1227 2618 1453 2658 Schneider.
1486 2618 1652 2655 Aristot.

95 2686 147 2726 H.
180 2700 216 2726 a.
248 2688 287 2735 8,
323 2689 390 2736 15,
422 2688 459 2727 2.
519 2685 641 2723 etiam
670 2683 838 2734 piscium
870 2692 1055 2730 magnum
1077 2689 1283 2716 numerum
1305 2687 1375 2713 sua
1393 2686 1511 2723 opera
1533 2673 1654 2711 Athe-

92 2756 165 2783 nas
194 2744 337 2783 advehi
368 2743 593 2794 gloriantur
623 2753 754 2779 naves.

846 2850 930 2892 415

97 2933 263 2991 σπυρὶς
294 2933 348 2978 οὐ
378 2933 516 2991 μικρὰ
547 2934 620 2977 καὶ
652 2934 867 2987 κωρυκίς,
897 2926 928 2982 ἦ
957 2926 1030 2968 καὶ
1060 2922 1164 2973 τούς
1193 2922 1438 3022 μα’ῐῑίζῖαέ
1469 2918 1644 2975 ἐγείρει·
