1872 3224
211 198 296 240 482
806 194 1197 229 ΑΡΙΣΤΟΦΑΝΟΤΣ

961 296 1044 338 341

415 354 589 410 βαρβός

323 436 509 503 μύστρον.
570 434 614 475 ἐν
647 434 1082 489 Θεσμοφοριαζούσαις.
1144 435 1379 487 Hesychius.
1406 449 1549 487 neque
1587 436 1638 476 de
1674 448 1790 477 voea-

211 497 305 535 bulo
336 497 422 545 ipso
453 496 609 534 constat
638 507 767 544 neque
797 506 877 559 fluo
909 495 1121 544 pertineat.
1170 506 1263 532 nam
1294 493 1418 532 verba
1447 490 1492 531 ἔν
1522 490 1793 546 Θεσμοφορια-

211 551 450 648 ζοιέσαιςΡᾶᾶ
481 552 655 602 glossam
695 551 875 602 proxime
914 551 1214 591 antecedentem
1251 545 1442 602 βάρβιτος
1477 549 1658 602 (Thesm.
1691 548 1792 605 137)
1855 559 1857 562 ’

210 624 254 650 re
276 612 336 648 ert
400 621 526 650 earso.
1861 621 1864 628 ·

958 719 1044 763 342

415 792 526 856 (άπὸ
559 801 670 856 τῶν)
702 800 941 855 βαυκίδων

322 881 344 922 ὅ
372 881 479 922 ἐστιν
509 878 612 930 εἶδος
643 878 914 934 ὑποδημάτων
941 878 1154 932 Ἰωνικῶν,
1193 876 1255 930 οἷς
1285 882 1332 921 αῖ
1353 878 1477 930 Ἰάδες
1516 887 1712 935 χρῶνται,
1742 876 1793 922 οὔ

209 939 276 979 καὶ
303 937 591 992 Ἀριστοφάνης
623 938 667 979 ἐν
702 939 1119 992 Θεσμοφοριαζούσαις
1141 937 1347 992 μέμνηται.
1399 941 1594 991 Aspasius
1617 941 1789 997 Aristot.

210 999 302 1037 Eth.
336 1000 437 1038 58a.
470 999 520 1038 of.
553 999 712 1037 Alexid.
747 999 892 1038 Athen.
930 1000 994 1047 13,
1026 999 1146 1038 568a
1178 994 1258 1051 (7).

600 1158 604 1165 ᾗ
963 1132 1047 1175 343

422 1188 715 1241 διαλέξασθαι

322 1270 613 1324 Ἀριστοφάνης
648 1271 1083 1324 Θεσμοφοριαζούσαις.
1117 1272 1287 1311 Bekker.
1322 1272 1473 1311 Aneed.
1507 1273 1578 1322 88,
1601 1273 1668 1312 28.
1700 1272 1791 1312 Pol-

212 1331 279 1369 lux
313 1332 361 1382 2,
397 1331 477 1369 125
512 1327 744 1381 ’Υπερείδης
783 1328 1047 1382 διειλεγμένος
1087 1326 1151 1368 ἐπὶ
1187 1325 1459 1381 ἀφροδισίων,
1499 1325 1790 1381 Ἀριστοφάνης

208 1386 252 1426 δὲ
283 1385 546 1436 διαλέξασθαι
573 1385 665 1438 ἔφη.
708 1388 878 1427 Bekker.
911 1388 1062 1427 Anecd.
1097 1389 1167 1434 37,
1203 1388 1230 1425 4
1261 1384 1543 1436 ὃιαλέξασθαι,
1585 1383 1633 1426 οὐ
1663 1384 1792 1438 μόνον

209 1443 482 1497 διαλεχθῆναι.
517 1445 687 1495 Hesych.
723 1441 1001 1496 διαλέγεσθαι·
1034 1442 1098 1483 ἐπὶ
1129 1449 1199 1482 τοῦ
1230 1442 1520 1491 συνουσιάζειν.

956 1578 1043 1621 344

415 1658 837 1714 ἐπανορθώσασθαι

321 1736 612 1794 Ἀριστοφάνης
644 1736 1071 1794 Θεσμοφοριαζούσαις.
1130 1741 1298 1783 Bekker.
1332 1741 1483 1780 Aneed.
1516 1742 1582 1790 96,
1617 1741 1684 1780 25.

323 1835 533 1874 Praeterea
562 1834 613 1873 ad
646 1834 1074 1885 Thesmophoriazusas
1103 1833 1154 1872 fr.
1187 1834 1268 1872 666
1300 1833 1424 1872 refert
1454 1832 1698 1872 Dindorfius.

870 1981 1110 2016 ΚΩΚΑΛΟΣ

323 2074 451 2114 Minos
482 2088 550 2114 rex
580 2068 801 2114 Daedalum
833 2075 875 2122 in
905 2074 1082 2115 Siciliam
1114 2073 1334 2125 fugientem
1365 2075 1524 2112 secutus
1546 2072 1596 2111 ad
1616 2071 1786 2123 Inycum

208 2133 272 2171 vel
303 2131 519 2179 Camieum,
551 2131 777 2171 Siculorum
809 2132 1016 2182 oppidum,
1048 2131 1249 2183 pervenit,
1282 2130 1351 2169 ubi
1383 2130 1549 2170 Cocalus
1578 2129 1784 2180 regnabat.

206 2190 240 2226 is
273 2189 495 2227 Daedalum
524 2189 691 2228 reddere
722 2190 851 2228 iussus
882 2201 972 2228 eum
1003 2189 1044 2228 id
1065 2202 1107 2228 se
1127 2189 1327 2231 facturum
1357 2186 1599 2233 simulasset,
1631 2184 1782 2238 magni·

206 2245 279 2285 fico
310 2246 486 2285 Minoem
515 2245 688 2296 hospitio
720 2245 887 2296 excepit,
920 2246 990 2285 sed
1019 2246 1222 2285 lavantem
1252 2245 1336 2285 sive
1374 2244 1458 2295 ipse
1496 2243 1580 2284 sive
1610 2243 1783 2283 filiarum

208 2315 295 2353 ope,
327 2316 426 2353 quas
458 2303 658 2342 Daedalus
689 2305 773 2342 arte
804 2315 876 2342 sua
905 2302 983 2342 sibi
1014 2303 1308 2351 conciliaverat,
1340 2301 1542 2353 oppressit
1571 2302 1612 2339 et
1641 2312 1784 2351 corpus

206 2358 464 2399 Cretensibus
502 2359 678 2399 reddidit
707 2373 842 2411 regem
882 2360 923 2398 in
961 2360 1103 2399 balneo
1140 2359 1308 2410 lapsum.
1332 2360 1374 2398 et
1413 2371 1516 2409 aqua
1553 2356 1682 2397 calida
1704 2367 1782 2396 'ex-

207 2418 400 2456 stinctum
431 2431 515 2457 esse
546 2430 752 2456 excusans.
813 2416 978 2456 Diodor.
1011 2418 1049 2465 4,
1085 2418 1152 2455 79.
1194 2415 1325 2455 Strab.
1359 2417 1398 2468 6,
1430 2416 1525 2454 273.
1566 2414 1710 2455 Athen.
1744 2416 1780 2463 1,

210 2476 302 2516 lOe.
346 2474 463 2513 Paus.
499 2476 543 2523 7,
574 2475 619 2523 4,
653 2475 691 2513 5.
739 2474 872 2514 Schol.
912 2473 1030 2513 Hom.
1070 2473 1118 2512 Il.
1152 2474 1197 2521 2,
1242 2474 1337 2511 145.
1382 2472 1536 2524 Hygin.
1574 2471 1671 2510 Fab.
1711 2471 1779 2509 44.

207 2530 392 2570 Grauert.
427 2532 530 2571 Mus.
562 2531 687 2570 Rhen.
718 2531 759 2570 II
781 2526 931 2584 (1828)
950 2530 1046 2572 507.
1078 2532 1117 2570 8.
1150 2530 1319 2571 Meinek.
1350 2529 1470 2568 Anal.
1490 2528 1587 2569 Ath.
1611 2529 1649 2567 6.
1679 2529 1781 2568 trac-

207 2590 361 2626 taverat
390 2589 492 2627 hano
522 2589 699 2627 fabulam
732 2587 949 2638 Sophocles
979 2588 1022 2627 in
1053 2586 1260 2636 Camioiis,
1301 2587 1448 2626 eomiee
1486 2586 1528 2624 in
1566 2585 1779 2629 ridiculum
1859 2618 1865 2619 ff

208 2644 368 2683 deflexit
398 2645 703 2695 Aristophanes.

322 2701 406 2741 Vit.
430 2702 637 2752 Aristoph.
658 2701 813 2740 XXVII
834 2703 856 2740 7
888 2701 1046 2743 Duebn.
1077 2704 1232 2752 πρῶτος
1263 2697 1307 2737 δὲ
1336 2697 1404 2737 καὶ
1434 2703 1518 2749 τῆς
1549 2695 1665 2745 νέας
1695 2711 1778 2736 κω-

204 2756 394 2810 μῳδίας
434 2755 503 2797 τὸν
533 2753 678 2816 τρόπον
707 2755 907 2806 ἐπέδειξεν
945 2755 990 2796 ἐν
1027 2772 1078 2811 τῳ
1119 2754 1310 2809 Κωκάλῳ.
1341 2755 1514 2795 XXVIII
1545 2757 1598 2795 69
1629 2753 1778 2808 εγραψε

207 2811 412 2863 Κώκαλον,
444 2812 488 2858 ἐν
517 2809 551 2869 ᾧ
581 2814 775 2867 εἰσάγει
806 2811 1009 2867 φθοραν
1039 2811 1121 2853 καὶ
1150 2810 1545 2865 άναγνωρισμὸν
1570 2811 1637 2851 καὶ
1656 2809 1777 2851 τᾶλλα

205 2869 338 2910 πάντα
379 2868 406 2909 α’
445 2855 608 2922 ἐζήλωσε
649 2871 904 2925 Μένανδρος.
943 2872 1180 2923 Argument.
1210 2871 1319 2909 Plut.
1350 2869 1433 2909 IIII
1469 2868 1698 2909 τελευταίαν
1733 2865 1778 2907 δὲ
