<?xml version="1.0" encoding="UTF-8"?>
<!DOCTYPE html PUBLIC "-//W3C//DTD XHTML 1.0 Transitional//EN"
    "http://www.w3.org/TR/xhtml1/DTD/xhtml1-transitional.dtd">
<html xmlns="http://www.w3.org/1999/xhtml" xml:lang="en" lang="en">
 <head>
  <title>
</title>
<meta http-equiv="Content-Type" content="text/html;charset=utf-8" />
  <meta name='ocr-system' content='tesseract 3.04.00' />
  <meta name='ocr-capabilities' content='ocr_page ocr_carea ocr_par ocr_line ocrx_word'/>
</head>
<body>
  <div class='ocr_page' id='page_1' title='image "./comicorumatticor01kockuoft_0374.png"; bbox 0 0 1872 3224; ppageno 0'>
   <div class='ocr_carea' id='block_1_1' title="bbox 187 137 1119 283">
    <p class='ocr_par' dir='ltr' id='par_1_1' title="bbox 187 137 1119 283">
     <span class='ocr_line' id='line_1_1' title="bbox 187 137 1119 188; baseline -0.008 -10"><span class='ocrx_word' id='word_1_1' title='bbox 187 144 273 188; x_wconf 85' lang='lat'><strong><em>344</em></strong></span> <span class='ocrx_word' id='word_1_2' title='bbox 818 137 1119 174; x_wconf 77' lang='grc' dir='ltr'><strong><em>ΕΤΠοΛιΔοΣ</em></strong></span> 
     </span>
     <span class='ocr_line' id='line_1_2' title="bbox 933 239 1018 283; baseline -0.012 0"><span class='ocrx_word' id='word_1_3' title='bbox 933 239 1018 283; x_wconf 88' lang='grc'><strong><em>319</em></strong></span> 
     </span>
    </p>
   </div>
   <div class='ocr_carea' id='block_1_2' title="bbox 392 317 1368 380">
    <p class='ocr_par' dir='ltr' id='par_1_2' title="bbox 392 317 1368 380">
     <span class='ocr_line' id='line_1_3' title="bbox 392 317 1368 380; baseline -0.005 -14"><span class='ocrx_word' id='word_1_4' title='bbox 392 325 448 380; x_wconf 85' lang='grc' dir='ltr'><strong><em>τῇ</em></strong></span> <span class='ocrx_word' id='word_1_5' title='bbox 478 321 592 378; x_wconf 80' lang='grc' dir='ltr'><strong><em>χειρὶ</em></strong></span> <span class='ocrx_word' id='word_1_6' title='bbox 622 323 767 364; x_wconf 74' lang='grc' dir='ltr'><strong><em>νῶσαι</em></strong></span> <span class='ocrx_word' id='word_1_7' title='bbox 797 318 1163 377; x_wconf 81' lang='grc' dir='ltr'><strong><em>μαλθακωτοὲτην</em></strong></span> <span class='ocrx_word' id='word_1_8' title='bbox 1193 317 1368 376; x_wconf 79' lang='grc' dir='ltr'><strong><em>κρόκην</em></strong></span> 
     </span>
    </p>
   </div>
   <div class='ocr_carea' id='block_1_3' title="bbox 191 398 1855 692">
    <p class='ocr_par' dir='ltr' id='par_1_3' title="bbox 191 398 1855 692">
     <span class='ocr_line' id='line_1_4' title="bbox 304 398 1855 456; baseline -0.003 -9"><span class='ocrx_word' id='word_1_9' title='bbox 304 406 539 447; x_wconf 74' lang='lat' dir='ltr'>Eustathius</span> <span class='ocrx_word' id='word_1_10' title='bbox 574 405 695 453; x_wconf 87' lang='grc'>1571,</span> <span class='ocrx_word' id='word_1_11' title='bbox 730 404 782 443; x_wconf 91' lang='grc'><strong><em>35</em></strong></span> <span class='ocrx_word' id='word_1_12' title='bbox 806 401 1000 451; x_wconf 75' lang='grc' dir='ltr'><strong><em>Εὔπολις.</em></strong></span> <span class='ocrx_word' id='word_1_13' title='bbox 1034 401 1178 456; x_wconf 82' lang='grc' dir='ltr'><strong><em>νῶσαι]</em></strong></span> <span class='ocrx_word' id='word_1_14' title='bbox 1202 404 1309 454; x_wconf 82' lang='grc' dir='ltr'><strong><em>νῆθε</em></strong></span> <span class='ocrx_word' id='word_1_15' title='bbox 1331 402 1463 443; x_wconf 87' lang='lat' dir='ltr'><strong>Schol.</strong></span> <span class='ocrx_word' id='word_1_16' title='bbox 1485 402 1608 443; x_wconf 90' lang='lat' dir='ltr'>Hom.</span> <span class='ocrx_word' id='word_1_17' title='bbox 1627 401 1705 444; x_wconf 87' lang='lat' dir='ltr'><strong><em>od.</em></strong></span> <span class='ocrx_word' id='word_1_18' title='bbox 1728 403 1767 453; x_wconf 85' lang='grc'><strong><em>7,</em></strong></span> <span class='ocrx_word' id='word_1_19' title='bbox 1846 398 1855 412; x_wconf 61' lang='lat'><strong>²</strong></span> 
     </span>
     <span class='ocr_line' id='line_1_5' title="bbox 193 459 1769 516; baseline -0.003 -11"><span class='ocrx_word' id='word_1_20' title='bbox 193 467 285 506; x_wconf 86' lang='lat'>104.</span> <span class='ocrx_word' id='word_1_21' title='bbox 308 469 429 516; x_wconf 88' lang='grc' dir='ltr'><strong><em>νῆσαι</em></strong></span> <span class='ocrx_word' id='word_1_22' title='bbox 458 462 695 502; x_wconf 86' lang='lat' dir='ltr'>Meinekius.</span> <span class='ocrx_word' id='word_1_23' title='bbox 717 474 800 500; x_wconf 87' lang='lat' dir='ltr'><strong><em>non</em></strong></span> <span class='ocrx_word' id='word_1_24' title='bbox 821 465 950 501; x_wconf 76' lang='lat' dir='ltr'>recte:</span> <span class='ocrx_word' id='word_1_25' title='bbox 984 461 1034 500; x_wconf 83' lang='lat' dir='ltr'><strong><em>cf.</em></strong></span> <span class='ocrx_word' id='word_1_26' title='bbox 1057 459 1198 500; x_wconf 73' lang='lat' dir='ltr'>Cobet.</span> <span class='ocrx_word' id='word_1_27' title='bbox 1214 460 1263 501; x_wconf 83' lang='lat' dir='ltr'><strong><em>N.</em></strong></span> <span class='ocrx_word' id='word_1_28' title='bbox 1284 460 1310 501; x_wconf 91' lang='lat' dir='ltr'><strong><em>l.</em></strong></span> <span class='ocrx_word' id='word_1_29' title='bbox 1334 462 1428 501; x_wconf 87' lang='grc'><strong>160.</strong></span> <span class='ocrx_word' id='word_1_30' title='bbox 1450 461 1600 500; x_wconf 82' lang='lat' dir='ltr'>Mnem.</span> <span class='ocrx_word' id='word_1_31' title='bbox 1630 473 1726 502; x_wconf 84' lang='lat' dir='ltr'><strong>nov.</strong></span> <span class='ocrx_word' id='word_1_32' title='bbox 1746 459 1769 500; x_wconf 94' lang='lat'>1</span> 
     </span>
     <span class='ocr_line' id='line_1_6' title="bbox 191 513 1772 615; baseline -0.003 -52"><span class='ocrx_word' id='word_1_33' title='bbox 191 523 371 563; x_wconf 83' lang='lat'>38—42.</span> <span class='ocrx_word' id='word_1_34' title='bbox 403 520 506 561; x_wconf 90' lang='lat' dir='ltr'><strong>Poll.</strong></span> <span class='ocrx_word' id='word_1_35' title='bbox 541 522 578 568; x_wconf 87' lang='lat'><strong><em>7,</em></strong></span> <span class='ocrx_word' id='word_1_36' title='bbox 612 520 664 559; x_wconf 87' lang='lat'><strong><em>32</em></strong></span> <span class='ocrx_word' id='word_1_37' title='bbox 699 517 900 570; x_wconf 86' lang='grc' dir='ltr'><strong><em>νήθουσιν</em></strong></span> <span class='ocrx_word' id='word_1_38' title='bbox 928 514 956 570; x_wconf 77' lang='grc' dir='ltr'><em>ἢ</em></span> <span class='ocrx_word' id='word_1_39' title='bbox 987 522 1129 558; x_wconf 82' lang='grc' dir='ltr'><strong><em>νῶσιν·</em></strong></span> <span class='ocrx_word' id='word_1_40' title='bbox 1170 515 1214 557; x_wconf 89' lang='grc' dir='ltr'><strong><em>τὸ</em></strong></span> <span class='ocrx_word' id='word_1_41' title='bbox 1235 515 1321 615; x_wconf 58' lang='grc' dir='ltr'><strong><em>1γὰρ</em></strong></span> <span class='ocrx_word' id='word_1_42' title='bbox 1360 514 1510 569; x_wconf 82' lang='grc' dir='ltr'><strong><em>νήθειν</em></strong></span> <span class='ocrx_word' id='word_1_43' title='bbox 1538 517 1581 558; x_wconf 78' lang='grc' dir='ltr'><strong><em>οἱ</em></strong></span> <span class='ocrx_word' id='word_1_44' title='bbox 1601 513 1772 558; x_wconf 70' lang='grc' dir='ltr'><strong><em>Ἀττικοὶ</em></strong></span> 
     </span>
     <span class='ocr_line' id='line_1_7' title="bbox 191 573 1769 630; baseline -0.003 -10"><span class='ocrx_word' id='word_1_45' title='bbox 191 583 278 620; x_wconf 81' lang='grc' dir='ltr'><strong><em>νεῖν</em></strong></span> <span class='ocrx_word' id='word_1_46' title='bbox 310 579 402 630; x_wconf 72' lang='lat' dir='ltr'>(scr,</span> <span class='ocrx_word' id='word_1_47' title='bbox 436 576 527 629; x_wconf 86' lang='grc' dir='ltr'><strong><em>νῆν)</em></strong></span> <span class='ocrx_word' id='word_1_48' title='bbox 558 573 755 629; x_wconf 85' lang='grc' dir='ltr'><strong><em>λέγουσιν.</em></strong></span> <span class='ocrx_word' id='word_1_49' title='bbox 791 578 856 626; x_wconf 92' lang='grc'><strong><em>10,</em></strong></span> <span class='ocrx_word' id='word_1_50' title='bbox 890 577 970 616; x_wconf 88' lang='grc'><strong><em>125</em></strong></span> <span class='ocrx_word' id='word_1_51' title='bbox 1003 573 1100 615; x_wconf 77' lang='grc' dir='ltr'><strong><em>ὄνον</em></strong></span> <span class='ocrx_word' id='word_1_52' title='bbox 1121 573 1188 627; x_wconf 80' lang='grc' dir='ltr'><strong><em>ἐφ’</em></strong></span> <span class='ocrx_word' id='word_1_53' title='bbox 1212 589 1234 614; x_wconf 93' lang='grc' dir='ltr'><strong><em>ο</em></strong></span> <span class='ocrx_word' id='word_1_54' title='bbox 1282 579 1393 617; x_wconf 79' lang='grc' dir='ltr'><strong><em>νῶσι.</em></strong></span> <span class='ocrx_word' id='word_1_55' title='bbox 1423 575 1562 628; x_wconf 82' lang='lat' dir='ltr'>Etym.</span> <span class='ocrx_word' id='word_1_56' title='bbox 1594 589 1647 616; x_wconf 89' lang='lat' dir='ltr'><strong><em>m.</em></strong></span> <span class='ocrx_word' id='word_1_57' title='bbox 1671 576 1769 628; x_wconf 78' lang='lat'>344,</span> 
     </span>
     <span class='ocr_line' id='line_1_8' title="bbox 192 630 1768 692; baseline -0.002 -15"><span class='ocrx_word' id='word_1_58' title='bbox 192 640 214 677; x_wconf 94' lang='grc'>1</span> <span class='ocrx_word' id='word_1_59' title='bbox 246 637 331 677; x_wconf 82' lang='lat' dir='ltr'>eod.</span> <span class='ocrx_word' id='word_1_60' title='bbox 363 635 482 675; x_wconf 84' lang='lat' dir='ltr'>Voss.</span> <span class='ocrx_word' id='word_1_61' title='bbox 515 632 631 685; x_wconf 64' lang='grc' dir='ltr'><strong><em>ἔνννη·</em></strong></span> <span class='ocrx_word' id='word_1_62' title='bbox 665 631 746 673; x_wconf 77' lang='grc' dir='ltr'><strong><em>ἔστι</em></strong></span> <span class='ocrx_word' id='word_1_63' title='bbox 776 633 834 673; x_wconf 83' lang='grc' dir='ltr'><em>νῶ</em></span> <span class='ocrx_word' id='word_1_64' title='bbox 866 631 908 674; x_wconf 86' lang='grc' dir='ltr'><strong><em>τὸ</em></strong></span> <span class='ocrx_word' id='word_1_65' title='bbox 939 636 1139 685; x_wconf 85' lang='grc' dir='ltr'><strong><em>σημαῖνον</em></strong></span> <span class='ocrx_word' id='word_1_66' title='bbox 1169 630 1212 672; x_wconf 85' lang='grc' dir='ltr'><strong><em>τὸ</em></strong></span> <span class='ocrx_word' id='word_1_67' title='bbox 1243 630 1360 685; x_wconf 85' lang='grc' dir='ltr'><strong><em>νήθω</em></strong></span> <span class='ocrx_word' id='word_1_68' title='bbox 1392 663 1401 673; x_wconf 93' lang='grc'><strong>.</strong></span> <span class='ocrx_word' id='word_1_69' title='bbox 1422 663 1433 674; x_wconf 90' lang='grc'><strong>.</strong></span> <span class='ocrx_word' id='word_1_70' title='bbox 1464 630 1532 673; x_wconf 81' lang='grc' dir='ltr'><strong><em>καὶ</em></strong></span> <span class='ocrx_word' id='word_1_71' title='bbox 1563 630 1629 674; x_wconf 74' lang='grc' dir='ltr'><strong><em>ἐπὶ</em></strong></span> <span class='ocrx_word' id='word_1_72' title='bbox 1657 630 1768 692; x_wconf 54' lang='lat'><strong><em>80⁰5,-</em></strong></span> 
     </span>
    </p>
   </div>
   <div class='ocr_carea' id='block_1_4' title="bbox 1770 0 1872 475">
    <p class='ocr_par' dir='ltr' id='par_1_4' title="bbox 1770 0 1872 475">
     <span class='ocr_line' id='line_1_9' title="bbox 1770 0 1872 475; baseline 0 2749"><span class='ocrx_word' id='word_1_73' title='bbox 1770 0 1872 475; x_wconf 95' lang='lat' dir='ltr'><strong><em> </em></strong></span> 
     </span>
    </p>
   </div>
   <div class='ocr_carea' id='block_1_5' title="bbox 189 686 1872 759">
    <p class='ocr_par' dir='ltr' id='par_1_5' title="bbox 189 675 1872 759">
     <span class='ocr_line' id='line_1_10' title="bbox 189 686 1872 759; baseline -0.001 -25"><span class='ocrx_word' id='word_1_74' title='bbox 189 709 257 746; x_wconf 82' lang='grc' dir='ltr'><strong><em>της</em></strong></span> <span class='ocrx_word' id='word_1_75' title='bbox 289 691 371 733; x_wconf 84' lang='grc' dir='ltr'><strong><em>ἐστὶ</em></strong></span> <span class='ocrx_word' id='word_1_76' title='bbox 401 690 592 745; x_wconf 80' lang='grc' dir='ltr'><strong><em>συζυγίας</em></strong></span> <span class='ocrx_word' id='word_1_77' title='bbox 623 690 691 730; x_wconf 87' lang='grc' dir='ltr'><strong><em>καὶ</em></strong></span> <span class='ocrx_word' id='word_1_78' title='bbox 721 689 786 730; x_wconf 79' lang='grc' dir='ltr'><strong><em>ἐπὶ</em></strong></span> <span class='ocrx_word' id='word_1_79' title='bbox 806 688 1015 739; x_wconf 81' lang='grc' dir='ltr'><strong><em>δευτέρας’</em></strong></span> <span class='ocrx_word' id='word_1_80' title='bbox 1046 689 1225 743; x_wconf 64' lang='grc' dir='ltr'><strong><em>νεόμενος</em></strong></span> <span class='ocrx_word' id='word_1_81' title='bbox 1246 686 1302 739; x_wconf 81' lang='grc' dir='ltr'><strong><em>ὥς</em></strong></span> <span class='ocrx_word' id='word_1_82' title='bbox 1322 688 1524 743; x_wconf 75' lang='grc' dir='ltr'><strong><em>κλώμενος</em></strong></span> <span class='ocrx_word' id='word_1_83' title='bbox 1557 720 1565 730; x_wconf 93' lang='grc'><strong>.</strong></span> <span class='ocrx_word' id='word_1_84' title='bbox 1587 721 1598 732; x_wconf 90' lang='grc'><strong>.</strong></span> <span class='ocrx_word' id='word_1_85' title='bbox 1624 721 1634 732; x_wconf 93' lang='grc'><em>.</em></span> <span class='ocrx_word' id='word_1_86' title='bbox 1666 688 1772 734; x_wconf 74' lang='grc' dir='ltr'><strong><em>ἔνων</em></strong></span> <span class='ocrx_word' id='word_1_87' title='bbox 1863 739 1872 759; x_wconf 50' lang='lat'><strong>¹</strong></span> 
     </span>
    </p>
   </div>
   <div class='ocr_carea' id='block_1_6' title="bbox 189 745 1772 918">
    <p class='ocr_par' dir='ltr' id='par_1_6' title="bbox 189 745 1772 918">
     <span class='ocr_line' id='line_1_11' title="bbox 189 745 1768 802; baseline -0.001 -11"><span class='ocrx_word' id='word_1_88' title='bbox 189 750 282 802; x_wconf 79' lang='grc' dir='ltr'><strong><em>ἔνης</em></strong></span> <span class='ocrx_word' id='word_1_89' title='bbox 321 748 392 800; x_wconf 77' lang='grc' dir='ltr'><strong><em>ἕνη</em></strong></span> <span class='ocrx_word' id='word_1_90' title='bbox 431 746 485 797; x_wconf 82' lang='grc' dir='ltr'><strong><em>ὡς</em></strong></span> <span class='ocrx_word' id='word_1_91' title='bbox 525 747 621 797; x_wconf 76' lang='grc' dir='ltr'><strong><em>ἔζων</em></strong></span> <span class='ocrx_word' id='word_1_92' title='bbox 656 746 743 798; x_wconf 76' lang='grc' dir='ltr'><strong><em>ἔζης</em></strong></span> <span class='ocrx_word' id='word_1_93' title='bbox 783 746 858 800; x_wconf 76' lang='grc' dir='ltr'><strong><em>ἔζη.</em></strong></span> <span class='ocrx_word' id='word_1_94' title='bbox 908 749 1083 801; x_wconf 80' lang='lat' dir='ltr'><strong>Hesyoh.</strong></span> <span class='ocrx_word' id='word_1_95' title='bbox 1116 753 1271 788; x_wconf 79' lang='grc' dir='ltr'><strong><em>νῶντα·</em></strong></span> <span class='ocrx_word' id='word_1_96' title='bbox 1303 745 1377 788; x_wconf 83' lang='grc' dir='ltr'><strong><em>τὸν</em></strong></span> <span class='ocrx_word' id='word_1_97' title='bbox 1406 746 1600 800; x_wconf 85' lang='grc' dir='ltr'><strong><em>νήθοντα.</em></strong></span> <span class='ocrx_word' id='word_1_98' title='bbox 1649 748 1768 790; x_wconf 74' lang='lat' dir='ltr'><strong>Phot.</strong></span> 
     </span>
     <span class='ocr_line' id='line_1_12' title="bbox 190 802 1770 860; baseline -0.001 -12"><span class='ocrx_word' id='word_1_99' title='bbox 190 805 366 860; x_wconf 73' lang='grc' dir='ltr'><strong><em>νεόμενος</em></strong></span> <span class='ocrx_word' id='word_1_100' title='bbox 382 820 390 828; x_wconf 92' lang='grc'><em>·</em></span> <span class='ocrx_word' id='word_1_101' title='bbox 425 803 446 847; x_wconf 84' lang='grc' dir='ltr'>ὁ</span> <span class='ocrx_word' id='word_1_102' title='bbox 476 802 716 858; x_wconf 83' lang='grc' dir='ltr'><strong><em>νηθόμενος.</em></strong></span> <span class='ocrx_word' id='word_1_103' title='bbox 749 809 869 857; x_wconf 76' lang='lat' dir='ltr'><strong>atque</strong></span> <span class='ocrx_word' id='word_1_104' title='bbox 901 809 1070 858; x_wconf 77' lang='lat' dir='ltr'><strong>uterque</strong></span> <span class='ocrx_word' id='word_1_105' title='bbox 1103 809 1188 846; x_wconf 85' lang='grc' dir='ltr'><strong><em>νεῖν</em></strong></span> <span class='ocrx_word' id='word_1_106' title='bbox 1216 807 1343 847; x_wconf 78' lang='lat' dir='ltr'><strong>habet</strong></span> <span class='ocrx_word' id='word_1_107' title='bbox 1372 807 1480 846; x_wconf 84' lang='lat' dir='ltr'>inter</span> <span class='ocrx_word' id='word_1_108' title='bbox 1510 802 1698 860; x_wconf 78' lang='grc' dir='ltr'><strong><em>νημερτές</em></strong></span> <span class='ocrx_word' id='word_1_109' title='bbox 1728 808 1770 849; x_wconf 73' lang='lat' dir='ltr'><strong><em>ot</em></strong></span> 
     </span>
     <span class='ocr_line' id='line_1_13' title="bbox 190 863 1772 918; baseline -0.001 -12"><span class='ocrx_word' id='word_1_110' title='bbox 190 865 380 918; x_wconf 84' lang='grc' dir='ltr'><strong><em>νηνεμία,</em></strong></span> <span class='ocrx_word' id='word_1_111' title='bbox 411 879 460 906; x_wconf 81' lang='lat' dir='ltr'><strong><em>ex</em></strong></span> <span class='ocrx_word' id='word_1_112' title='bbox 492 877 571 916; x_wconf 91' lang='lat' dir='ltr'><strong><em>quo</em></strong></span> <span class='ocrx_word' id='word_1_113' title='bbox 601 864 775 904; x_wconf 78' lang='lat' dir='ltr'>efficitur</span> <span class='ocrx_word' id='word_1_114' title='bbox 806 864 1061 904; x_wconf 80' lang='lat' dir='ltr'>scribendum</span> <span class='ocrx_word' id='word_1_115' title='bbox 1100 877 1187 904; x_wconf 82' lang='lat' dir='ltr'><strong>esse</strong></span> <span class='ocrx_word' id='word_1_116' title='bbox 1216 863 1307 916; x_wconf 83' lang='grc' dir='ltr'><strong><em>νῆν.</em></strong></span> <span class='ocrx_word' id='word_1_117' title='bbox 1357 863 1424 904; x_wconf 66' lang='lat' dir='ltr'><strong><em>vui</em></strong></span> <span class='ocrx_word' id='word_1_118' title='bbox 1436 874 1517 903; x_wconf 86' lang='grc' dir='ltr'><strong><em>σαι</em></strong></span> <span class='ocrx_word' id='word_1_119' title='bbox 1553 864 1678 918; x_wconf 82' lang='lat' dir='ltr'>igitur</span> <span class='ocrx_word' id='word_1_120' title='bbox 1706 866 1772 906; x_wconf 78' lang='lat' dir='ltr'><strong><em>est</em></strong></span> 
     </span>
    </p>
   </div>
   <div class='ocr_carea' id='block_1_7' title="bbox 190 924 1018 1019">
    <p class='ocr_par' dir='ltr' id='par_1_7' title="bbox 190 924 1018 1019">
     <span class='ocr_line' id='line_1_14' title="bbox 190 924 461 976; baseline -0.004 -12"><span class='ocrx_word' id='word_1_121' title='bbox 190 924 461 976; x_wconf 75' lang='lat' dir='ltr'>participium.</span> 
     </span>
     <span class='ocr_line' id='line_1_15' title="bbox 931 975 1018 1019; baseline 0 0"><span class='ocrx_word' id='word_1_122' title='bbox 931 975 1018 1019; x_wconf 82' lang='lat'><strong><em>320</em></strong></span> 
     </span>
    </p>
   </div>
   <div class='ocr_carea' id='block_1_8' title="bbox 397 1054 1516 1114">
    <p class='ocr_par' dir='ltr' id='par_1_8' title="bbox 397 1054 1516 1114">
     <span class='ocr_line' id='line_1_16' title="bbox 397 1054 1516 1114; baseline -0.001 -13"><span class='ocrx_word' id='word_1_123' title='bbox 397 1056 548 1114; x_wconf 77' lang='grc' dir='ltr'><strong><em>ὥσπερ</em></strong></span> <span class='ocrx_word' id='word_1_124' title='bbox 580 1055 749 1113; x_wconf 82' lang='grc' dir='ltr'><strong><em>ἀνέμου</em></strong></span> <span class='ocrx_word' id='word_1_125' title='bbox 778 1054 984 1113; x_wconf 83' lang='grc' dir='ltr'><strong><em>’ξαίφνης</em></strong></span> <span class='ocrx_word' id='word_1_126' title='bbox 1014 1054 1237 1112; x_wconf 79' lang='grc' dir='ltr'><strong><em>ἀσελγοῦς</em></strong></span> <span class='ocrx_word' id='word_1_127' title='bbox 1266 1057 1516 1114; x_wconf 79' lang='grc' dir='ltr'><strong><em>γενομένου</em></strong></span> 
     </span>
    </p>
   </div>
   <div class='ocr_carea' id='block_1_9' title="bbox 194 1133 1773 1422">
    <p class='ocr_par' dir='ltr' id='par_1_9' title="bbox 305 1133 1773 1196">
     <span class='ocr_line' id='line_1_17' title="bbox 305 1133 1773 1196; baseline 0.001 -15"><span class='ocrx_word' id='word_1_128' title='bbox 305 1142 474 1181; x_wconf 82' lang='lat' dir='ltr'><strong>Bekker.</strong></span> <span class='ocrx_word' id='word_1_129' title='bbox 505 1141 656 1181; x_wconf 83' lang='lat' dir='ltr'><strong>Anecd.</strong></span> <span class='ocrx_word' id='word_1_130' title='bbox 689 1141 785 1190; x_wconf 87' lang='grc'>451,</span> <span class='ocrx_word' id='word_1_131' title='bbox 821 1142 873 1180; x_wconf 92' lang='grc'><strong><em>10</em></strong></span> <span class='ocrx_word' id='word_1_132' title='bbox 909 1135 1094 1193; x_wconf 79' lang='grc' dir='ltr'><strong><em>ἀσελγές·</em></strong></span> <span class='ocrx_word' id='word_1_133' title='bbox 1134 1145 1218 1180; x_wconf 78' lang='grc' dir='ltr'><strong><em>πᾶν</em></strong></span> <span class='ocrx_word' id='word_1_134' title='bbox 1258 1138 1302 1180; x_wconf 85' lang='grc' dir='ltr'><strong><em>τὸ</em></strong></span> <span class='ocrx_word' id='word_1_135' title='bbox 1331 1133 1512 1194; x_wconf 82' lang='grc' dir='ltr'><strong><em>σφοδρὸν</em></strong></span> <span class='ocrx_word' id='word_1_136' title='bbox 1540 1138 1610 1181; x_wconf 79' lang='grc' dir='ltr'><strong><em>καὶ</em></strong></span> <span class='ocrx_word' id='word_1_137' title='bbox 1636 1140 1773 1196; x_wconf 86' lang='grc' dir='ltr'><strong><em>βίαιον</em></strong></span> 
     </span>
    </p>

    <p class='ocr_par' dir='ltr' id='par_1_10' title="bbox 194 1195 1772 1250">
     <span class='ocr_line' id='line_1_18' title="bbox 194 1195 1772 1250; baseline 0.002 -13"><span class='ocrx_word' id='word_1_138' title='bbox 194 1230 201 1239; x_wconf 94' lang='grc'><strong>.</strong></span> <span class='ocrx_word' id='word_1_139' title='bbox 237 1232 245 1242; x_wconf 86' lang='grc'><strong>.</strong></span> <span class='ocrx_word' id='word_1_140' title='bbox 284 1233 292 1241; x_wconf 86' lang='grc'><strong>.</strong></span> <span class='ocrx_word' id='word_1_141' title='bbox 323 1197 393 1238; x_wconf 87' lang='grc' dir='ltr'><strong><em>καὶ</em></strong></span> <span class='ocrx_word' id='word_1_142' title='bbox 430 1195 450 1238; x_wconf 88' lang='grc' dir='ltr'><strong>ὁ</strong></span> <span class='ocrx_word' id='word_1_143' title='bbox 480 1195 674 1250; x_wconf 86' lang='grc' dir='ltr'><strong><em>κωμικός·</em></strong></span> <span class='ocrx_word' id='word_1_144' title='bbox 718 1196 850 1250; x_wconf 82' lang='grc' dir='ltr'><strong><em>ὥσπερ</em></strong></span> <span class='ocrx_word' id='word_1_145' title='bbox 887 1199 969 1240; x_wconf 87' lang='grc' dir='ltr'><strong><em>κτλ.</em></strong></span> <span class='ocrx_word' id='word_1_146' title='bbox 1028 1198 1172 1239; x_wconf 85' lang='lat' dir='ltr'><strong>Pollux</strong></span> <span class='ocrx_word' id='word_1_147' title='bbox 1204 1201 1249 1249; x_wconf 91' lang='lat'><strong><em>1,</em></strong></span> <span class='ocrx_word' id='word_1_148' title='bbox 1284 1200 1363 1239; x_wconf 93' lang='lat'><strong><em>111</em></strong></span> <span class='ocrx_word' id='word_1_149' title='bbox 1405 1196 1590 1248; x_wconf 74' lang='grc' dir='ltr'><strong><em>Εὔπολις</em></strong></span> <span class='ocrx_word' id='word_1_150' title='bbox 1628 1196 1675 1240; x_wconf 80' lang='grc' dir='ltr'><strong><em>δὲ</em></strong></span> <span class='ocrx_word' id='word_1_151' title='bbox 1703 1197 1772 1240; x_wconf 73' lang='grc' dir='ltr'><strong><em>καὶ</em></strong></span> 
     </span>
    </p>

    <p class='ocr_par' dir='ltr' id='par_1_11' title="bbox 196 1249 1772 1311">
     <span class='ocr_line' id='line_1_19' title="bbox 196 1249 1772 1311; baseline 0.003 -17"><span class='ocrx_word' id='word_1_152' title='bbox 196 1254 347 1308; x_wconf 76' lang='grc' dir='ltr'><strong><em>ἄνεμον</em></strong></span> <span class='ocrx_word' id='word_1_153' title='bbox 377 1252 524 1308; x_wconf 82' lang='grc' dir='ltr'><strong><em>ἆσελγῆ</em></strong></span> <span class='ocrx_word' id='word_1_154' title='bbox 554 1249 638 1295; x_wconf 84' lang='grc' dir='ltr'><strong><em>εἶπε</em></strong></span> <span class='ocrx_word' id='word_1_155' title='bbox 669 1253 738 1295; x_wconf 90' lang='grc' dir='ltr'><strong><em>τὸν</em></strong></span> <span class='ocrx_word' id='word_1_156' title='bbox 773 1254 920 1306; x_wconf 90' lang='grc' dir='ltr'><strong><em>βίαιον.</em></strong></span> <span class='ocrx_word' id='word_1_157' title='bbox 981 1256 1206 1308; x_wconf 82' lang='lat' dir='ltr'><strong>Hesychius</strong></span> <span class='ocrx_word' id='word_1_158' title='bbox 1236 1254 1369 1310; x_wconf 79' lang='grc' dir='ltr'><strong><em>κριός’</em></strong></span> <span class='ocrx_word' id='word_1_159' title='bbox 1421 1251 1465 1297; x_wconf 86' lang='grc' dir='ltr'><strong><em>τὸ</em></strong></span> <span class='ocrx_word' id='word_1_160' title='bbox 1502 1254 1579 1311; x_wconf 79' lang='grc' dir='ltr'><strong><em>γὰρ</em></strong></span> <span class='ocrx_word' id='word_1_161' title='bbox 1608 1252 1772 1311; x_wconf 75' lang='grc' dir='ltr'><strong><em>ἀσελγὲς</em></strong></span> 
     </span>
    </p>

    <p class='ocr_par' dir='ltr' id='par_1_12' title="bbox 195 1307 1772 1422">
     <span class='ocr_line' id='line_1_20' title="bbox 240 1307 1772 1370; baseline 0.001 -17"><span class='ocrx_word' id='word_1_162' title='bbox 240 1344 249 1353; x_wconf 90' lang='grc'><strong>.</strong></span> <span class='ocrx_word' id='word_1_163' title='bbox 286 1346 293 1354; x_wconf 93' lang='grc'><em>.</em></span> <span class='ocrx_word' id='word_1_164' title='bbox 326 1311 435 1352; x_wconf 75' lang='grc' dir='ltr'><strong><em>ἔστιν</em></strong></span> <span class='ocrx_word' id='word_1_165' title='bbox 475 1311 538 1352; x_wconf 81' lang='grc' dir='ltr'><strong><em>ὅτε</em></strong></span> <span class='ocrx_word' id='word_1_166' title='bbox 569 1311 636 1353; x_wconf 84' lang='grc' dir='ltr'><strong><em>καὶ</em></strong></span> <span class='ocrx_word' id='word_1_167' title='bbox 673 1310 737 1352; x_wconf 78' lang='grc' dir='ltr'><strong><em>ἐπὶ</em></strong></span> <span class='ocrx_word' id='word_1_168' title='bbox 767 1317 839 1352; x_wconf 84' lang='grc' dir='ltr'><strong><em>τοῦ</em></strong></span> <span class='ocrx_word' id='word_1_169' title='bbox 875 1307 1059 1365; x_wconf 74' lang='grc' dir='ltr'><strong><em>μεγάλου.</em></strong></span> <span class='ocrx_word' id='word_1_170' title='bbox 1109 1312 1177 1353; x_wconf 85' lang='grc' dir='ltr'><strong><em>καὶ</em></strong></span> <span class='ocrx_word' id='word_1_171' title='bbox 1204 1311 1281 1368; x_wconf 78' lang='grc' dir='ltr'><strong><em>γὰρ</em></strong></span> <span class='ocrx_word' id='word_1_172' title='bbox 1300 1311 1452 1367; x_wconf 70' lang='grc' dir='ltr'><strong><em>ἄνεμον</em></strong></span> <span class='ocrx_word' id='word_1_173' title='bbox 1470 1310 1619 1370; x_wconf 78' lang='grc' dir='ltr'><strong><em>ἀσελγῆ</em></strong></span> <span class='ocrx_word' id='word_1_174' title='bbox 1638 1311 1772 1368; x_wconf 79' lang='grc' dir='ltr'><strong><em>λέγου-</em></strong></span> 
     </span>
     <span class='ocr_line' id='line_1_21' title="bbox 195 1367 1697 1422; baseline 0.002 -13"><span class='ocrx_word' id='word_1_175' title='bbox 195 1380 274 1421; x_wconf 90' lang='grc' dir='ltr'><strong><em>σιν,</em></strong></span> <span class='ocrx_word' id='word_1_176' title='bbox 306 1367 361 1418; x_wconf 75' lang='grc' dir='ltr'><strong><em>ὥς</em></strong></span> <span class='ocrx_word' id='word_1_177' title='bbox 392 1367 586 1418; x_wconf 73' lang='grc' dir='ltr'><strong><em>Εὔπολις.</em></strong></span> <span class='ocrx_word' id='word_1_178' title='bbox 620 1372 662 1411; x_wconf 73' lang='lat' dir='ltr'><strong><em>et</em></strong></span> <span class='ocrx_word' id='word_1_179' title='bbox 692 1371 838 1411; x_wconf 78' lang='lat' dir='ltr'>omisso</span> <span class='ocrx_word' id='word_1_180' title='bbox 871 1371 1082 1422; x_wconf 86' lang='lat' dir='ltr'>Eupolidis</span> <span class='ocrx_word' id='word_1_181' title='bbox 1112 1373 1275 1413; x_wconf 83' lang='lat' dir='ltr'>nomine</span> <span class='ocrx_word' id='word_1_182' title='bbox 1305 1373 1423 1414; x_wconf 86' lang='lat' dir='ltr'>Prov.</span> <span class='ocrx_word' id='word_1_183' title='bbox 1454 1373 1570 1414; x_wconf 89' lang='lat' dir='ltr'><strong>Bodl.</strong></span> <span class='ocrx_word' id='word_1_184' title='bbox 1601 1373 1697 1414; x_wconf 84' lang='lat'><strong>556.</strong></span> 
     </span>
    </p>
   </div>
   <div class='ocr_carea' id='block_1_10' title="bbox 401 1482 1391 1619">
    <p class='ocr_par' dir='ltr' id='par_1_13' title="bbox 401 1482 1391 1619">
     <span class='ocr_line' id='line_1_22' title="bbox 942 1482 1025 1525; baseline -0.012 0"><span class='ocrx_word' id='word_1_185' title='bbox 942 1482 1025 1525; x_wconf 83' lang='lat'><strong><em>321</em></strong></span> 
     </span>
     <span class='ocr_line' id='line_1_23' title="bbox 401 1555 1391 1619; baseline 0.004 -15"><span class='ocrx_word' id='word_1_186' title='bbox 401 1563 476 1605; x_wconf 84' lang='grc' dir='ltr'><strong><em>καὶ</em></strong></span> <span class='ocrx_word' id='word_1_187' title='bbox 506 1560 564 1618; x_wconf 81' lang='grc' dir='ltr'><strong><em>μὴ</em></strong></span> <span class='ocrx_word' id='word_1_188' title='bbox 596 1559 846 1618; x_wconf 86' lang='grc' dir='ltr'><strong><em>πονηρούς,</em></strong></span> <span class='ocrx_word' id='word_1_189' title='bbox 880 1555 914 1605; x_wconf 76' lang='grc' dir='ltr'><em>ὦ</em></span> <span class='ocrx_word' id='word_1_190' title='bbox 947 1562 1139 1619; x_wconf 84' lang='grc' dir='ltr'><strong><em>πονήρα,</em></strong></span> <span class='ocrx_word' id='word_1_191' title='bbox 1171 1563 1391 1619; x_wconf 83' lang='grc' dir='ltr'><strong><em>προξένει.</em></strong></span> 
     </span>
    </p>
   </div>
   <div class='ocr_carea' id='block_1_11' title="bbox 191 1641 1773 2047">
    <p class='ocr_par' dir='ltr' id='par_1_14' title="bbox 191 1641 1773 2047">
     <span class='ocr_line' id='line_1_24' title="bbox 307 1641 1765 1704; baseline 0.005 -20"><span class='ocrx_word' id='word_1_192' title='bbox 307 1645 438 1686; x_wconf 77' lang='lat' dir='ltr'>eram.</span> <span class='ocrx_word' id='word_1_193' title='bbox 469 1646 624 1686; x_wconf 85' lang='lat' dir='ltr'><strong>Anecd.</strong></span> <span class='ocrx_word' id='word_1_194' title='bbox 657 1644 731 1686; x_wconf 79' lang='lat' dir='ltr'><strong><em>Ox,</em></strong></span> <span class='ocrx_word' id='word_1_195' title='bbox 762 1645 783 1684; x_wconf 95' lang='lat' dir='ltr'>I</span> <span class='ocrx_word' id='word_1_196' title='bbox 813 1646 894 1685; x_wconf 85' lang='lat'><strong><em>372</em></strong></span> <span class='ocrx_word' id='word_1_197' title='bbox 937 1641 958 1684; x_wconf 85' lang='grc' dir='ltr'>ὃ</span> <span class='ocrx_word' id='word_1_198' title='bbox 996 1643 1095 1685; x_wconf 82' lang='grc' dir='ltr'><strong><em>κατὰ</em></strong></span> <span class='ocrx_word' id='word_1_199' title='bbox 1127 1644 1268 1700; x_wconf 87' lang='grc' dir='ltr'><strong><em>ψυχὴν</em></strong></span> <span class='ocrx_word' id='word_1_200' title='bbox 1305 1645 1517 1704; x_wconf 84' lang='grc' dir='ltr'><strong><em>(πονηρὸς)</em></strong></span> <span class='ocrx_word' id='word_1_201' title='bbox 1550 1643 1765 1702; x_wconf 80' lang='grc' dir='ltr'><strong><em>ὀξυτόνως,</em></strong></span> 
     </span>
     <span class='ocr_line' id='line_1_25' title="bbox 194 1699 1772 1760; baseline 0.004 -17"><span class='ocrx_word' id='word_1_202' title='bbox 194 1699 215 1742; x_wconf 89' lang='grc' dir='ltr'>ὁ</span> <span class='ocrx_word' id='word_1_203' title='bbox 246 1701 291 1743; x_wconf 82' lang='grc' dir='ltr'><strong><em>δὲ</em></strong></span> <span class='ocrx_word' id='word_1_204' title='bbox 319 1699 419 1742; x_wconf 76' lang='grc' dir='ltr'><strong><em>κατὰ</em></strong></span> <span class='ocrx_word' id='word_1_205' title='bbox 451 1708 564 1754; x_wconf 81' lang='grc' dir='ltr'><strong><em>σῶμα</em></strong></span> <span class='ocrx_word' id='word_1_206' title='bbox 601 1699 978 1755; x_wconf 80' lang='grc' dir='ltr'><strong><em>προπαροξυτόνως·</em></strong></span> <span class='ocrx_word' id='word_1_207' title='bbox 1018 1702 1085 1743; x_wconf 84' lang='grc' dir='ltr'><strong><em>καὶ</em></strong></span> <span class='ocrx_word' id='word_1_208' title='bbox 1122 1701 1220 1757; x_wconf 84' lang='grc' dir='ltr'><strong><em>παρ’</em></strong></span> <span class='ocrx_word' id='word_1_209' title='bbox 1254 1701 1459 1746; x_wconf 80' lang='grc' dir='ltr'><strong><em>Εὐπόλιδι</em></strong></span> <span class='ocrx_word' id='word_1_210' title='bbox 1498 1703 1543 1747; x_wconf 81' lang='grc' dir='ltr'><strong><em>τὸ</em></strong></span> <span class='ocrx_word' id='word_1_211' title='bbox 1583 1706 1772 1760; x_wconf 82' lang='grc' dir='ltr'><strong><em>θηλυκὸν</em></strong></span> 
     </span>
     <span class='ocr_line' id='line_1_26' title="bbox 191 1757 1770 1820; baseline 0.004 -21"><span class='ocrx_word' id='word_1_212' title='bbox 191 1760 369 1814; x_wconf 84' lang='grc' dir='ltr'><strong><em>πονήρα·</em></strong></span> <span class='ocrx_word' id='word_1_213' title='bbox 403 1758 471 1800; x_wconf 83' lang='grc' dir='ltr'><strong><em>καὶ</em></strong></span> <span class='ocrx_word' id='word_1_214' title='bbox 498 1757 552 1812; x_wconf 86' lang='grc' dir='ltr'><strong><em>μὴ</em></strong></span> <span class='ocrx_word' id='word_1_215' title='bbox 572 1762 654 1800; x_wconf 87' lang='grc' dir='ltr'><strong><em>κτλ.</em></strong></span> <span class='ocrx_word' id='word_1_216' title='bbox 686 1758 729 1800; x_wconf 91' lang='grc' dir='ltr'><strong><em>τὸ</em></strong></span> <span class='ocrx_word' id='word_1_217' title='bbox 758 1757 833 1812; x_wconf 82' lang='grc' dir='ltr'><strong><em>μὲν</em></strong></span> <span class='ocrx_word' id='word_1_218' title='bbox 861 1758 1053 1813; x_wconf 83' lang='grc' dir='ltr'><strong><em>πρότερον</em></strong></span> <span class='ocrx_word' id='word_1_219' title='bbox 1074 1757 1297 1813; x_wconf 81' lang='grc' dir='ltr'><strong><em>ὀξύνοντες,</em></strong></span> <span class='ocrx_word' id='word_1_220' title='bbox 1328 1762 1372 1803; x_wconf 89' lang='grc' dir='ltr'><strong><em>τὸ</em></strong></span> <span class='ocrx_word' id='word_1_221' title='bbox 1402 1762 1447 1804; x_wconf 84' lang='grc' dir='ltr'><strong><em>δὲ</em></strong></span> <span class='ocrx_word' id='word_1_222' title='bbox 1478 1762 1543 1804; x_wconf 78' lang='grc' dir='ltr'><strong><em>ἐπὶ</em></strong></span> <span class='ocrx_word' id='word_1_223' title='bbox 1575 1769 1646 1818; x_wconf 84' lang='grc' dir='ltr'><strong><em>τῆς</em></strong></span> <span class='ocrx_word' id='word_1_224' title='bbox 1667 1779 1770 1820; x_wconf 80' lang='grc' dir='ltr'><strong><em>προ-</em></strong></span> 
     </span>
     <span class='ocr_line' id='line_1_27' title="bbox 191 1812 1769 1876; baseline 0.004 -19"><span class='ocrx_word' id='word_1_225' title='bbox 191 1816 409 1871; x_wconf 84' lang='grc' dir='ltr'><strong><em>μνηστρίας</em></strong></span> <span class='ocrx_word' id='word_1_226' title='bbox 441 1816 483 1857; x_wconf 86' lang='grc' dir='ltr'><strong><em>τὸ</em></strong></span> <span class='ocrx_word' id='word_1_227' title='bbox 515 1812 705 1870; x_wconf 83' lang='grc' dir='ltr'><strong><em>δεύτερον</em></strong></span> <span class='ocrx_word' id='word_1_228' title='bbox 733 1817 1063 1870; x_wconf 85' lang='grc' dir='ltr'><strong><em>βαρυτονοῦντες.</em></strong></span> <span class='ocrx_word' id='word_1_229' title='bbox 1115 1818 1196 1859; x_wconf 71' lang='grc' dir='ltr'><strong><em>τῶν</em></strong></span> <span class='ocrx_word' id='word_1_230' title='bbox 1232 1817 1311 1872; x_wconf 82' lang='grc' dir='ltr'><strong><em>μὲν</em></strong></span> <span class='ocrx_word' id='word_1_231' title='bbox 1347 1813 1423 1875; x_wconf 71' lang='grc' dir='ltr'><strong><em>γὰρ</em></strong></span> <span class='ocrx_word' id='word_1_232' title='bbox 1463 1816 1554 1871; x_wconf 77' lang='grc' dir='ltr'><strong><em>τοὺς</em></strong></span> <span class='ocrx_word' id='word_1_233' title='bbox 1595 1817 1769 1876; x_wconf 81' lang='grc' dir='ltr'><strong><em>τρόπους</em></strong></span> 
     </span>
     <span class='ocr_line' id='line_1_28' title="bbox 191 1871 1773 1937; baseline 0.005 -23"><span class='ocrx_word' id='word_1_234' title='bbox 191 1872 418 1928; x_wconf 84' lang='grc' dir='ltr'><strong><em>ὁριζόμενος</em></strong></span> <span class='ocrx_word' id='word_1_235' title='bbox 439 1871 460 1912; x_wconf 84' lang='grc' dir='ltr'><em>ὃ</em></span> <span class='ocrx_word' id='word_1_236' title='bbox 483 1874 622 1927; x_wconf 87' lang='grc' dir='ltr'><strong><em>δῆμος,</em></strong></span> <span class='ocrx_word' id='word_1_237' title='bbox 643 1880 713 1927; x_wconf 86' lang='grc' dir='ltr'><strong><em>τῆς</em></strong></span> <span class='ocrx_word' id='word_1_238' title='bbox 735 1873 779 1914; x_wconf 87' lang='grc' dir='ltr'><strong><em>δὲ</em></strong></span> <span class='ocrx_word' id='word_1_239' title='bbox 800 1875 1019 1927; x_wconf 86' lang='grc' dir='ltr'><strong><em>αἰτιατικῆς</em></strong></span> <span class='ocrx_word' id='word_1_240' title='bbox 1039 1875 1229 1928; x_wconf 82' lang='lat' dir='ltr'>(Meinek.</span> <span class='ocrx_word' id='word_1_241' title='bbox 1248 1876 1440 1932; x_wconf 79' lang='grc' dir='ltr'><strong><em>αἰτιᾶται)</em></strong></span> <span class='ocrx_word' id='word_1_242' title='bbox 1458 1876 1513 1928; x_wconf 80' lang='grc' dir='ltr'><strong><em>ὡς</em></strong></span> <span class='ocrx_word' id='word_1_243' title='bbox 1531 1878 1576 1920; x_wconf 83' lang='grc' dir='ltr'><strong><em>ἐν</em></strong></span> <span class='ocrx_word' id='word_1_244' title='bbox 1594 1880 1773 1937; x_wconf 76' lang='grc' dir='ltr'><strong><em>λοιδορίᾳ</em></strong></span> 
     </span>
     <span class='ocr_line' id='line_1_29' title="bbox 199 1929 1771 1984; baseline 0.006 -12"><span class='ocrx_word' id='word_1_245' title='bbox 199 1929 271 1984; x_wconf 78' lang='grc' dir='ltr'><strong><em>τὴν</em></strong></span> <span class='ocrx_word' id='word_1_246' title='bbox 300 1931 438 1984; x_wconf 83' lang='grc' dir='ltr'><strong><em>τύχην.</em></strong></span> <span class='ocrx_word' id='word_1_247' title='bbox 471 1933 685 1975; x_wconf 82' lang='lat' dir='ltr'>Herodian.</span> <span class='ocrx_word' id='word_1_248' title='bbox 714 1933 734 1972; x_wconf 96' lang='lat' dir='ltr'>I</span> <span class='ocrx_word' id='word_1_249' title='bbox 766 1934 820 1973; x_wconf 84' lang='lat'><strong><em>20</em></strong></span> <span class='ocrx_word' id='word_1_250' title='bbox 859 1933 950 1974; x_wconf 80' lang='lat' dir='ltr'><strong>adn.</strong></span> <span class='ocrx_word' id='word_1_251' title='bbox 983 1934 1120 1976; x_wconf 77' lang='lat' dir='ltr'><strong>Lentz.</strong></span> <span class='ocrx_word' id='word_1_252' title='bbox 1170 1934 1505 1978; x_wconf 78' lang='lat' dir='ltr'><strong><em>Wilamowitzius</em></strong></span> <span class='ocrx_word' id='word_1_253' title='bbox 1543 1938 1643 1979; x_wconf 83' lang='lat' dir='ltr'>Obs.</span> <span class='ocrx_word' id='word_1_254' title='bbox 1682 1940 1771 1981; x_wconf 77' lang='lat' dir='ltr'>crit.</span> 
     </span>
     <span class='ocr_line' id='line_1_30' title="bbox 196 1990 1773 2047; baseline 0.006 -18"><span class='ocrx_word' id='word_1_255' title='bbox 196 1993 264 2031; x_wconf 87' lang='lat'><strong><em>49.</em></strong></span> <span class='ocrx_word' id='word_1_256' title='bbox 297 1992 351 2032; x_wconf 89' lang='lat'><strong><em>50</em></strong></span> <span class='ocrx_word' id='word_1_257' title='bbox 381 1991 430 2029; x_wconf 83' lang='lat' dir='ltr'><strong><em>ad</em></strong></span> <span class='ocrx_word' id='word_1_258' title='bbox 462 1991 624 2030; x_wconf 86' lang='lat' dir='ltr'>Amicos</span> <span class='ocrx_word' id='word_1_259' title='bbox 656 2004 746 2030; x_wconf 84' lang='lat' dir='ltr'><strong><em>oum</em></strong></span> <span class='ocrx_word' id='word_1_260' title='bbox 777 1991 826 2030; x_wconf 86' lang='lat' dir='ltr'><strong><em>fr.</em></strong></span> <span class='ocrx_word' id='word_1_261' title='bbox 849 1991 930 2030; x_wconf 86' lang='grc'><strong><em>265</em></strong></span> <span class='ocrx_word' id='word_1_262' title='bbox 950 1993 1207 2032; x_wconf 78' lang='lat' dir='ltr'>coniunctum</span> <span class='ocrx_word' id='word_1_263' title='bbox 1228 1994 1368 2046; x_wconf 80' lang='lat' dir='ltr'><strong>refert,</strong></span> <span class='ocrx_word' id='word_1_264' title='bbox 1391 1990 1411 2034; x_wconf 88' lang='grc' dir='ltr'>ὁ</span> <span class='ocrx_word' id='word_1_265' title='bbox 1434 1995 1573 2047; x_wconf 86' lang='grc' dir='ltr'><strong><em>Δῆμος</em></strong></span> <span class='ocrx_word' id='word_1_266' title='bbox 1595 1997 1773 2038; x_wconf 81' lang='lat' dir='ltr'>scribens</span> 
     </span>
    </p>
   </div>
   <div class='ocr_carea' id='block_1_12' title="bbox 195 2044 1776 2164">
    <p class='ocr_par' dir='ltr' id='par_1_15' title="bbox 195 2044 1776 2164">
     <span class='ocr_line' id='line_1_31' title="bbox 195 2044 1776 2103; baseline 0.006 -16"><span class='ocrx_word' id='word_1_267' title='bbox 195 2061 267 2099; x_wconf 91' lang='lat' dir='ltr'><strong><em>pro</em></strong></span> <span class='ocrx_word' id='word_1_268' title='bbox 299 2044 319 2086; x_wconf 88' lang='grc' dir='ltr'>ὁ</span> <span class='ocrx_word' id='word_1_269' title='bbox 350 2046 487 2099; x_wconf 88' lang='grc' dir='ltr'><strong><em>δῆμος.</em></strong></span> <span class='ocrx_word' id='word_1_270' title='bbox 550 2047 714 2087; x_wconf 75' lang='lat' dir='ltr'>‘Demus</span> <span class='ocrx_word' id='word_1_271' title='bbox 752 2049 859 2098; x_wconf 84' lang='lat' dir='ltr'><strong>apud</strong></span> <span class='ocrx_word' id='word_1_272' title='bbox 896 2049 1030 2088; x_wconf 85' lang='lat' dir='ltr'><strong>lenam</strong></span> <span class='ocrx_word' id='word_1_273' title='bbox 1070 2050 1245 2101; x_wconf 82' lang='lat' dir='ltr'><strong>aliquam</strong></span> <span class='ocrx_word' id='word_1_274' title='bbox 1284 2054 1442 2103; x_wconf 71' lang='lat' dir='ltr'><strong>prostat</strong></span> <span class='ocrx_word' id='word_1_275' title='bbox 1471 2054 1514 2092; x_wconf 91' lang='lat' dir='ltr'><strong><em>in</em></strong></span> <span class='ocrx_word' id='word_1_276' title='bbox 1550 2054 1705 2095; x_wconf 81' lang='lat' dir='ltr'>fornice</span> <span class='ocrx_word' id='word_1_277' title='bbox 1734 2057 1776 2096; x_wconf 77' lang='lat' dir='ltr'><strong><em>et</em></strong></span> 
     </span>
     <span class='ocr_line' id='line_1_32' title="bbox 197 2105 1772 2164; baseline 0.006 -21"><span class='ocrx_word' id='word_1_278' title='bbox 197 2105 326 2145; x_wconf 73' lang='lat' dir='ltr'>iratus</span> <span class='ocrx_word' id='word_1_279' title='bbox 357 2107 419 2144; x_wconf 73' lang='lat' dir='ltr'><strong><em>est</em></strong></span> <span class='ocrx_word' id='word_1_280' title='bbox 449 2105 498 2143; x_wconf 87' lang='lat' dir='ltr'><strong><em>ad</em></strong></span> <span class='ocrx_word' id='word_1_281' title='bbox 529 2118 569 2145; x_wconf 87' lang='lat' dir='ltr'><strong><em>se</em></strong></span> <span class='ocrx_word' id='word_1_282' title='bbox 600 2105 760 2144; x_wconf 80' lang='lat' dir='ltr'><strong>admitti</strong></span> <span class='ocrx_word' id='word_1_283' title='bbox 789 2105 971 2146; x_wconf 84' lang='lat' dir='ltr'>homines</span> <span class='ocrx_word' id='word_1_284' title='bbox 1000 2107 1210 2157; x_wconf 62' lang='lat' dir='ltr'>plebeios?</span> <span class='ocrx_word' id='word_1_285' title='bbox 1262 2110 1311 2149; x_wconf 84' lang='lat' dir='ltr'><strong><em>of.</em></strong></span> <span class='ocrx_word' id='word_1_286' title='bbox 1346 2111 1441 2150; x_wconf 86' lang='lat'><strong>213.</strong></span> <span class='ocrx_word' id='word_1_287' title='bbox 1491 2124 1594 2162; x_wconf 78' lang='lat' dir='ltr'><strong>quae</strong></span> <span class='ocrx_word' id='word_1_288' title='bbox 1637 2112 1772 2164; x_wconf 85' lang='lat' dir='ltr'>opinio</span> 
     </span>
    </p>
   </div>
   <div class='ocr_carea' id='block_1_13' title="bbox 197 2162 1804 2259">
    <p class='ocr_par' dir='ltr' id='par_1_16' title="bbox 197 2162 1804 2259">
     <span class='ocr_line' id='line_1_33' title="bbox 197 2162 1804 2220; baseline 0.006 -19"><span class='ocrx_word' id='word_1_289' title='bbox 197 2165 243 2202; x_wconf 75' lang='lat' dir='ltr'><strong><em>ut</em></strong></span> <span class='ocrx_word' id='word_1_290' title='bbox 277 2162 522 2211; x_wconf 75' lang='lat' dir='ltr'>firmaretur,</span> <span class='ocrx_word' id='word_1_291' title='bbox 560 2164 678 2201; x_wconf 77' lang='lat' dir='ltr'><strong>antea</strong></span> <span class='ocrx_word' id='word_1_292' title='bbox 715 2163 838 2202; x_wconf 81' lang='lat' dir='ltr'>verba</span> <span class='ocrx_word' id='word_1_293' title='bbox 877 2165 1128 2214; x_wconf 77' lang='lat' dir='ltr'>grammatici</span> <span class='ocrx_word' id='word_1_294' title='bbox 1164 2167 1415 2206; x_wconf 82' lang='lat' dir='ltr'>emendanda</span> <span class='ocrx_word' id='word_1_295' title='bbox 1454 2171 1568 2208; x_wconf 76' lang='lat' dir='ltr'><strong>erant</strong></span> <span class='ocrx_word' id='word_1_296' title='bbox 1607 2165 1804 2220; x_wconf 76' lang='lat' dir='ltr'>prorsus&#39;</span> 
     </span>
     <span class='ocr_line' id='line_1_34' title="bbox 197 2219 375 2259; baseline -0.006 0"><span class='ocrx_word' id='word_1_297' title='bbox 197 2219 375 2259; x_wconf 82' lang='lat' dir='ltr'><strong>obscura.</strong></span> 
     </span>
    </p>
   </div>
   <div class='ocr_carea' id='block_1_14' title="bbox 402 2350 1320 2414">
    <p class='ocr_par' dir='ltr' id='par_1_17' title="bbox 402 2350 1320 2414">
     <span class='ocr_line' id='line_1_35' title="bbox 402 2350 1320 2414; baseline 0.005 -18"><span class='ocrx_word' id='word_1_298' title='bbox 402 2350 490 2408; x_wconf 74' lang='grc' dir='ltr'><strong><em>ἐγώ</em></strong></span> <span class='ocrx_word' id='word_1_299' title='bbox 522 2350 563 2395; x_wconf 90' lang='grc' dir='ltr'><strong><em>δ’</em></strong></span> <span class='ocrx_word' id='word_1_300' title='bbox 597 2351 812 2405; x_wconf 78' lang='grc' dir='ltr'><strong><em>ἄδειπνος</em></strong></span> <span class='ocrx_word' id='word_1_301' title='bbox 843 2353 1033 2410; x_wconf 81' lang='grc' dir='ltr'><strong><em>ἑσπέρας</em></strong></span> <span class='ocrx_word' id='word_1_302' title='bbox 1062 2353 1320 2414; x_wconf 75' lang='grc' dir='ltr'><strong><em>ηὐλιξόμην.</em></strong></span> 
     </span>
    </p>
   </div>
   <div class='ocr_carea' id='block_1_15' title="bbox 194 2435 1766 2652">
    <p class='ocr_par' dir='ltr' id='par_1_18' title="bbox 194 2435 1766 2652">
     <span class='ocr_line' id='line_1_36' title="bbox 309 2435 1766 2498; baseline 0.008 -24"><span class='ocrx_word' id='word_1_303' title='bbox 309 2437 476 2475; x_wconf 84' lang='lat' dir='ltr'><strong>Bekker.</strong></span> <span class='ocrx_word' id='word_1_304' title='bbox 508 2437 657 2477; x_wconf 79' lang='lat' dir='ltr'><strong>Aneed.</strong></span> <span class='ocrx_word' id='word_1_305' title='bbox 691 2438 788 2487; x_wconf 81' lang='lat'>463,</span> <span class='ocrx_word' id='word_1_306' title='bbox 824 2439 874 2478; x_wconf 92' lang='grc'><strong><em>18</em></strong></span> <span class='ocrx_word' id='word_1_307' title='bbox 912 2435 1110 2486; x_wconf 81' lang='grc' dir='ltr'><strong><em>αὐλίζεται</em></strong></span> <span class='ocrx_word' id='word_1_308' title='bbox 1148 2438 1192 2479; x_wconf 90' lang='grc' dir='ltr'><strong><em>τὸ</em></strong></span> <span class='ocrx_word' id='word_1_309' title='bbox 1230 2438 1274 2481; x_wconf 84' lang='grc' dir='ltr'><strong><em>ἐν</em></strong></span> <span class='ocrx_word' id='word_1_310' title='bbox 1303 2438 1408 2498; x_wconf 81' lang='grc' dir='ltr'><strong><em>αὐλῇ</em></strong></span> <span class='ocrx_word' id='word_1_311' title='bbox 1445 2441 1660 2497; x_wconf 85' lang='grc' dir='ltr'><strong><em>διατρίβει,</em></strong></span> <span class='ocrx_word' id='word_1_312' title='bbox 1696 2443 1766 2485; x_wconf 75' lang='grc' dir='ltr'><strong><em>καὶ</em></strong></span> 
     </span>
     <span class='ocr_line' id='line_1_37' title="bbox 194 2491 1760 2557; baseline 0.008 -26"><span class='ocrx_word' id='word_1_313' title='bbox 194 2491 303 2539; x_wconf 85' lang='grc' dir='ltr'><strong><em>ἰδίως</em></strong></span> <span class='ocrx_word' id='word_1_314' title='bbox 345 2491 388 2532; x_wconf 85' lang='grc' dir='ltr'><strong><em>τὸ</em></strong></span> <span class='ocrx_word' id='word_1_315' title='bbox 433 2494 616 2546; x_wconf 85' lang='grc' dir='ltr'><strong><em>κοιμᾶται</em></strong></span> <span class='ocrx_word' id='word_1_316' title='bbox 660 2493 842 2543; x_wconf 82' lang='grc' dir='ltr'><strong><em>Εὔπολίς</em></strong></span> <span class='ocrx_word' id='word_1_317' title='bbox 872 2506 1017 2548; x_wconf 85' lang='grc' dir='ltr'><strong><em>φησιν·</em></strong></span> <span class='ocrx_word' id='word_1_318' title='bbox 1051 2494 1126 2550; x_wconf 78' lang='grc' dir='ltr'><strong><em>ἐγώ</em></strong></span> <span class='ocrx_word' id='word_1_319' title='bbox 1157 2499 1240 2539; x_wconf 83' lang='grc' dir='ltr'><strong><em>κτλ.</em></strong></span> <span class='ocrx_word' id='word_1_320' title='bbox 1300 2495 1521 2554; x_wconf 82' lang='grc' dir='ltr'><strong><em>ηὕλιζόμην</em></strong></span> <span class='ocrx_word' id='word_1_321' title='bbox 1559 2501 1760 2557; x_wconf 82' lang='lat' dir='ltr'>Meinek.]</span> 
     </span>
     <span class='ocr_line' id='line_1_38' title="bbox 197 2547 1029 2652; baseline 0.008 -64"><span class='ocrx_word' id='word_1_322' title='bbox 197 2547 426 2603; x_wconf 80' lang='grc' dir='ltr'><strong><em>αὖλιζόμην.</em></strong></span> <span class='ocrx_word' id='word_1_323' title='bbox 945 2609 1029 2652; x_wconf 74' lang='grc'><strong><em>323</em></strong></span> 
     </span>
    </p>
   </div>
   <div class='ocr_carea' id='block_1_16' title="bbox 404 2683 1431 2748">
    <p class='ocr_par' dir='ltr' id='par_1_19' title="bbox 404 2683 1431 2748">
     <span class='ocr_line' id='line_1_39' title="bbox 404 2683 1431 2748; baseline 0.008 -21"><span class='ocrx_word' id='word_1_324' title='bbox 404 2683 459 2727; x_wconf 82' lang='grc' dir='ltr'><strong><em>οὐ</em></strong></span> <span class='ocrx_word' id='word_1_325' title='bbox 487 2685 579 2742; x_wconf 78' lang='grc' dir='ltr'><strong><em>γὰρ</em></strong></span> <span class='ocrx_word' id='word_1_326' title='bbox 610 2685 788 2739; x_wconf 80' lang='grc' dir='ltr'><strong><em>κατάξει</em></strong></span> <span class='ocrx_word' id='word_1_327' title='bbox 818 2687 896 2743; x_wconf 86' lang='grc' dir='ltr'><strong><em>τῆς</em></strong></span> <span class='ocrx_word' id='word_1_328' title='bbox 926 2692 1127 2746; x_wconf 86' lang='grc' dir='ltr'><strong><em>κεφαλῆς</em></strong></span> <span class='ocrx_word' id='word_1_329' title='bbox 1155 2688 1211 2734; x_wconf 77' lang='grc' dir='ltr'><strong><em>τὰ</em></strong></span> <span class='ocrx_word' id='word_1_330' title='bbox 1241 2691 1431 2748; x_wconf 80' lang='grc' dir='ltr'><strong><em>ῥήματα.</em></strong></span> 
     </span>
    </p>
   </div>
   <div class='ocr_carea' id='block_1_17' title="bbox 200 2768 1767 2890">
    <p class='ocr_par' dir='ltr' id='par_1_20' title="bbox 200 2768 1767 2890">
     <span class='ocr_line' id='line_1_40' title="bbox 313 2768 1767 2828; baseline 0.008 -22"><span class='ocrx_word' id='word_1_331' title='bbox 313 2768 561 2810; x_wconf 80' lang='lat' dir='ltr'>Herodianus</span> <span class='ocrx_word' id='word_1_332' title='bbox 590 2771 714 2812; x_wconf 82' lang='lat' dir='ltr'>Piers.</span> <span class='ocrx_word' id='word_1_333' title='bbox 746 2786 784 2822; x_wconf 90' lang='lat' dir='ltr'><strong><em>p.</em></strong></span> <span class='ocrx_word' id='word_1_334' title='bbox 807 2772 890 2812; x_wconf 87' lang='lat'><strong><em>448</em></strong></span> <span class='ocrx_word' id='word_1_335' title='bbox 921 2770 1092 2826; x_wconf 84' lang='grc' dir='ltr'><strong><em>κατέαγα</em></strong></span> <span class='ocrx_word' id='word_1_336' title='bbox 1123 2779 1192 2826; x_wconf 87' lang='grc' dir='ltr'><strong><em>τῆς</em></strong></span> <span class='ocrx_word' id='word_1_337' title='bbox 1219 2777 1421 2828; x_wconf 83' lang='grc' dir='ltr'><strong><em>κεφαλῆς,</em></strong></span> <span class='ocrx_word' id='word_1_338' title='bbox 1444 2772 1500 2816; x_wconf 80' lang='grc' dir='ltr'><strong><em>οὗ</em></strong></span> <span class='ocrx_word' id='word_1_339' title='bbox 1528 2773 1612 2828; x_wconf 81' lang='grc' dir='ltr'><strong><em>μὴν</em></strong></span> <span class='ocrx_word' id='word_1_340' title='bbox 1630 2773 1767 2818; x_wconf 75' lang='grc' dir='ltr'><strong><em>πᾶσαν</em></strong></span> 
     </span>
     <span class='ocr_line' id='line_1_41' title="bbox 200 2821 1766 2890; baseline 0.008 -28"><span class='ocrx_word' id='word_1_341' title='bbox 200 2821 273 2875; x_wconf 85' lang='grc' dir='ltr'><strong><em>τὴν</em></strong></span> <span class='ocrx_word' id='word_1_342' title='bbox 302 2824 483 2877; x_wconf 83' lang='grc' dir='ltr'><strong><em>κεφαλὴν</em></strong></span> <span class='ocrx_word' id='word_1_343' title='bbox 511 2823 608 2866; x_wconf 73' lang='grc' dir='ltr'><strong><em>ἀλλὰ</em></strong></span> <span class='ocrx_word' id='word_1_344' title='bbox 638 2827 753 2881; x_wconf 85' lang='grc' dir='ltr'><strong><em>μέρος</em></strong></span> <span class='ocrx_word' id='word_1_345' title='bbox 783 2843 820 2867; x_wconf 91' lang='grc' dir='ltr'><strong><em>τι</em></strong></span> <span class='ocrx_word' id='word_1_346' title='bbox 849 2825 985 2881; x_wconf 79' lang='grc' dir='ltr'><strong><em>αὐτῆς.</em></strong></span> <span class='ocrx_word' id='word_1_347' title='bbox 1038 2829 1218 2880; x_wconf 77' lang='grc' dir='ltr'><strong><em>Εὔπολις</em></strong></span> <span class='ocrx_word' id='word_1_348' title='bbox 1248 2834 1330 2876; x_wconf 87' lang='grc' dir='ltr'><strong><em>κτλ,</em></strong></span> <span class='ocrx_word' id='word_1_349' title='bbox 1380 2832 1540 2883; x_wconf 80' lang='grc' dir='ltr'><strong><em>κατάξει</em></strong></span> <span class='ocrx_word' id='word_1_350' title='bbox 1579 2832 1766 2890; x_wconf 56' lang='lat' dir='ltr'>Person]</span> 
     </span>
    </p>
   </div>
  </div>
 </body>
</html>
