<?xml version="1.0" encoding="UTF-8"?>
<!DOCTYPE html PUBLIC "-//W3C//DTD XHTML 1.0 Transitional//EN"
    "http://www.w3.org/TR/xhtml1/DTD/xhtml1-transitional.dtd">
<html xmlns="http://www.w3.org/1999/xhtml" xml:lang="en" lang="en">
 <head>
  <title>
</title>
<meta http-equiv="Content-Type" content="text/html;charset=utf-8" />
  <meta name='ocr-system' content='tesseract 3.04.00' />
  <meta name='ocr-capabilities' content='ocr_page ocr_carea ocr_par ocr_line ocrx_word'/>
</head>
<body>
  <div class='ocr_page' id='page_1' title='image "./comicorumatticor01kockuoft_0132.png"; bbox 0 0 1872 3224; ppageno 0'>
   <div class='ocr_carea' id='block_1_1' title="bbox 234 131 1126 188">
    <p class='ocr_par' dir='ltr' id='par_1_1' title="bbox 234 131 1126 188">
     <span class='ocr_line' id='line_1_1' title="bbox 234 131 1126 188; baseline -0.028 0"><span class='ocrx_word' id='word_1_1' title='bbox 234 145 313 188; x_wconf 82' lang='lat'><em>102</em></span> <span class='ocrx_word' id='word_1_2' title='bbox 628 166 631 168; x_wconf 80' lang='grc'><em>.</em></span> <span class='ocrx_word' id='word_1_3' title='bbox 878 131 1126 168; x_wconf 75' lang='grc' dir='ltr'><em>ΚΡΑΤιΝοΤ</em></span> 
     </span>
    </p>
   </div>
   <div class='ocr_carea' id='block_1_2' title="bbox 234 228 1872 639">
    <p class='ocr_par' dir='ltr' id='par_1_2' title="bbox 234 228 1872 639">
     <span class='ocr_line' id='line_1_2' title="bbox 235 228 1791 298; baseline -0.014 -9"><span class='ocrx_word' id='word_1_4' title='bbox 235 251 323 298; x_wconf 85' lang='lat' dir='ltr'><strong>det,</strong></span> <span class='ocrx_word' id='word_1_5' title='bbox 354 259 488 288; x_wconf 85' lang='lat' dir='ltr'><strong>veram</strong></span> <span class='ocrx_word' id='word_1_6' title='bbox 507 244 694 284; x_wconf 81' lang='lat' dir='ltr'>musicam</span> <span class='ocrx_word' id='word_1_7' title='bbox 714 242 781 282; x_wconf 82' lang='lat' dir='ltr'><strong>vix</strong></span> <span class='ocrx_word' id='word_1_8' title='bbox 804 251 991 288; x_wconf 85' lang='lat' dir='ltr'><strong>umquam</strong></span> <span class='ocrx_word' id='word_1_9' title='bbox 1014 236 1159 283; x_wconf 82' lang='lat' dir='ltr'><strong>discat,</strong></span> <span class='ocrx_word' id='word_1_10' title='bbox 1192 233 1367 284; x_wconf 85' lang='lat' dir='ltr'><strong>Bergkio</strong></span> <span class='ocrx_word' id='word_1_11' title='bbox 1388 230 1594 271; x_wconf 86' lang='lat' dir='ltr'><strong>adsentior</strong></span> <span class='ocrx_word' id='word_1_12' title='bbox 1613 229 1657 270; x_wconf 84' lang='lat' dir='ltr'><strong>in</strong></span> <span class='ocrx_word' id='word_1_13' title='bbox 1675 228 1791 298; x_wconf 48' lang='lat' dir='ltr'><strong>P&#39;oet.</strong></span> 
     </span>
     <span class='ocr_line' id='line_1_3' title="bbox 234 286 1859 358; baseline -0.015 -13"><span class='ocrx_word' id='word_1_14' title='bbox 234 308 311 358; x_wconf 82' lang='lat' dir='ltr'><strong>lyr.</strong></span> <span class='ocrx_word' id='word_1_15' title='bbox 350 305 412 343; x_wconf 90' lang='lat' dir='ltr'><strong>ed.</strong></span> <span class='ocrx_word' id='word_1_16' title='bbox 449 303 572 341; x_wconf 84' lang='lat' dir='ltr'><strong>altera</strong></span> <span class='ocrx_word' id='word_1_17' title='bbox 622 300 728 338; x_wconf 88' lang='grc'><strong>1083</strong></span> <span class='ocrx_word' id='word_1_18' title='bbox 776 295 964 336; x_wconf 77' lang='lat' dir='ltr'>scribenti</span> <span class='ocrx_word' id='word_1_19' title='bbox 1007 289 1205 344; x_wconf 81' lang='grc' dir='ltr'><em>μουσικήν</em></span> <span class='ocrx_word' id='word_1_20' title='bbox 1238 287 1272 328; x_wconf 81' lang='grc' dir='ltr'><em>τ’</em></span> <span class='ocrx_word' id='word_1_21' title='bbox 1317 287 1516 338; x_wconf 86' lang='grc' dir='ltr'><em>Οἰωνίχου</em></span> <span class='ocrx_word' id='word_1_22' title='bbox 1542 286 1548 334; x_wconf 84' lang='grc' dir='ltr'>Ι</span> <span class='ocrx_word' id='word_1_23' title='bbox 1573 287 1793 338; x_wconf 76' lang='grc' dir='ltr'><em>μανθανει,</em></span> <span class='ocrx_word' id='word_1_24' title='bbox 1858 291 1859 294; x_wconf 76' lang='grc'>’</span> 
     </span>
     <span class='ocr_line' id='line_1_4' title="bbox 234 341 1794 413; baseline -0.013 -11"><span class='ocrx_word' id='word_1_25' title='bbox 234 363 338 413; x_wconf 89' lang='lat' dir='ltr'><strong>quod</strong></span> <span class='ocrx_word' id='word_1_26' title='bbox 378 362 539 411; x_wconf 88' lang='lat' dir='ltr'><strong>propter</strong></span> <span class='ocrx_word' id='word_1_27' title='bbox 573 359 804 407; x_wconf 84' lang='lat' dir='ltr'><strong>perpetuam</strong></span> <span class='ocrx_word' id='word_1_28' title='bbox 837 351 1027 393; x_wconf 85' lang='lat' dir='ltr'><strong>Oeoniohi</strong></span> <span class='ocrx_word' id='word_1_29' title='bbox 1057 363 1146 389; x_wconf 83' lang='lat' dir='ltr'><em>cum</em></span> <span class='ocrx_word' id='word_1_30' title='bbox 1178 348 1437 399; x_wconf 83' lang='lat' dir='ltr'><strong>Polymnesto</strong></span> <span class='ocrx_word' id='word_1_31' title='bbox 1468 346 1698 384; x_wconf 73' lang='lat' dir='ltr'><strong>societatem</strong></span> <span class='ocrx_word' id='word_1_32' title='bbox 1727 341 1794 396; x_wconf 71' lang='lat' dir='ltr'>(of.</span> 
     </span>
     <span class='ocr_line' id='line_1_5' title="bbox 236 389 1872 469; baseline -0.012 -10"><span class='ocrx_word' id='word_1_33' title='bbox 236 419 405 469; x_wconf 85' lang='lat' dir='ltr'><strong>Hesych.</strong></span> <span class='ocrx_word' id='word_1_34' title='bbox 438 413 632 464; x_wconf 86' lang='grc' dir='ltr'><em>Οἰωνίχου</em></span> <span class='ocrx_word' id='word_1_35' title='bbox 661 407 864 464; x_wconf 83' lang='grc' dir='ltr'><em>μουσεῖον)</em></span> <span class='ocrx_word' id='word_1_36' title='bbox 900 408 1114 448; x_wconf 84' lang='lat' dir='ltr'>admodum</span> <span class='ocrx_word' id='word_1_37' title='bbox 1143 405 1350 456; x_wconf 81' lang='lat' dir='ltr'>probabile</span> <span class='ocrx_word' id='word_1_38' title='bbox 1380 403 1552 442; x_wconf 85' lang='lat' dir='ltr'><strong>videtur.</strong></span> <span class='ocrx_word' id='word_1_39' title='bbox 1590 402 1795 452; x_wconf 69' lang='lat' dir='ltr'><strong>praeterea</strong></span> <span class='ocrx_word' id='word_1_40' title='bbox 1864 389 1872 447; x_wconf 63' lang='lat' dir='ltr'>l</span> 
     </span>
     <span class='ocr_line' id='line_1_6' title="bbox 236 455 1872 519; baseline -0.011 -4"><span class='ocrx_word' id='word_1_41' title='bbox 236 474 522 515; x_wconf 83' lang='lat' dir='ltr'><strong>Herwerdenus</strong></span> <span class='ocrx_word' id='word_1_42' title='bbox 552 471 654 510; x_wconf 89' lang='lat' dir='ltr'>Nov.</span> <span class='ocrx_word' id='word_1_43' title='bbox 685 469 772 508; x_wconf 82' lang='lat' dir='ltr'><strong>add.</strong></span> <span class='ocrx_word' id='word_1_44' title='bbox 806 468 892 506; x_wconf 84' lang='lat' dir='ltr'><strong>erit.</strong></span> <span class='ocrx_word' id='word_1_45' title='bbox 925 467 970 514; x_wconf 89' lang='lat'><em>3,</em></span> <span class='ocrx_word' id='word_1_46' title='bbox 1010 464 1117 515; x_wconf 87' lang='lat' dir='ltr'><strong>quod</strong></span> <span class='ocrx_word' id='word_1_47' title='bbox 1154 464 1282 502; x_wconf 84' lang='lat' dir='ltr'><strong>forma</strong></span> <span class='ocrx_word' id='word_1_48' title='bbox 1318 460 1432 501; x_wconf 86' lang='lat' dir='ltr'><strong>verbi</strong></span> <span class='ocrx_word' id='word_1_49' title='bbox 1467 455 1615 498; x_wconf 77' lang='grc' dir='ltr'><em>ἀείδειν</em></span> <span class='ocrx_word' id='word_1_50' title='bbox 1653 458 1795 503; x_wconf 74' lang='lat' dir='ltr'><strong>comici</strong></span> <span class='ocrx_word' id='word_1_51' title='bbox 1869 472 1872 519; x_wconf 63' lang='lat' dir='ltr'>j</span> 
     </span>
     <span class='ocr_line' id='line_1_7' title="bbox 235 515 1795 573; baseline -0.009 -2"><span class='ocrx_word' id='word_1_52' title='bbox 235 546 313 571; x_wconf 88' lang='lat' dir='ltr'><em>non</em></span> <span class='ocrx_word' id='word_1_53' title='bbox 343 533 508 569; x_wconf 80' lang='lat' dir='ltr'><strong>utantur</strong></span> <span class='ocrx_word' id='word_1_54' title='bbox 536 528 613 567; x_wconf 87' lang='lat' dir='ltr'><strong>nisi</strong></span> <span class='ocrx_word' id='word_1_55' title='bbox 642 527 683 565; x_wconf 90' lang='lat' dir='ltr'><strong>in</strong></span> <span class='ocrx_word' id='word_1_56' title='bbox 714 525 881 565; x_wconf 83' lang='lat' dir='ltr'><strong>chorieis</strong></span> <span class='ocrx_word' id='word_1_57' title='bbox 912 522 1074 573; x_wconf 87' lang='lat' dir='ltr'><strong>(Eupol.</strong></span> <span class='ocrx_word' id='word_1_58' title='bbox 1109 522 1202 571; x_wconf 87' lang='lat'><strong>139,</strong></span> <span class='ocrx_word' id='word_1_59' title='bbox 1235 516 1278 572; x_wconf 84' lang='lat'><em>2)</em></span> <span class='ocrx_word' id='word_1_60' title='bbox 1317 521 1358 558; x_wconf 89' lang='lat' dir='ltr'><strong>et</strong></span> <span class='ocrx_word' id='word_1_61' title='bbox 1388 516 1683 557; x_wconf 76' lang='lat' dir='ltr'><strong>imitationibus</strong></span> <span class='ocrx_word' id='word_1_62' title='bbox 1710 515 1795 559; x_wconf 83' lang='lat' dir='ltr'><em>Ho-</em></span> 
     </span>
     <span class='ocr_line' id='line_1_8' title="bbox 236 570 1671 639; baseline -0.011 -11"><span class='ocrx_word' id='word_1_63' title='bbox 236 589 389 628; x_wconf 83' lang='lat' dir='ltr'><strong>mericis</strong></span> <span class='ocrx_word' id='word_1_64' title='bbox 420 584 623 639; x_wconf 82' lang='lat' dir='ltr'><strong>(Menand.</strong></span> <span class='ocrx_word' id='word_1_65' title='bbox 655 584 761 622; x_wconf 88' lang='lat' dir='ltr'><strong>Plut.</strong></span> <span class='ocrx_word' id='word_1_66' title='bbox 793 582 892 621; x_wconf 85' lang='lat' dir='ltr'><strong>Mor.</strong></span> <span class='ocrx_word' id='word_1_67' title='bbox 927 582 977 619; x_wconf 88' lang='grc'><em>19</em></span> <span class='ocrx_word' id='word_1_68' title='bbox 990 578 1051 632; x_wconf 88' lang='lat' dir='ltr'><em>a),</em></span> <span class='ocrx_word' id='word_1_69' title='bbox 1085 574 1390 628; x_wconf 78' lang='grc' dir='ltr'><em>Πολυμνήστεια</em></span> <span class='ocrx_word' id='word_1_70' title='bbox 1422 570 1464 613; x_wconf 88' lang='grc' dir='ltr'><em>δ’</em></span> <span class='ocrx_word' id='word_1_71' title='bbox 1495 571 1602 630; x_wconf 77' lang='grc' dir='ltr'><em>ᾄδει.</em></span> <span class='ocrx_word' id='word_1_72' title='bbox 1667 590 1671 594; x_wconf 94' lang='grc'><em>·</em></span> 
     </span>
    </p>
   </div>
   <div class='ocr_carea' id='block_1_3' title="bbox 1827 0 1872 388">
    <p class='ocr_par' dir='ltr' id='par_1_3' title="bbox 1827 0 1872 388">
     <span class='ocr_line' id='line_1_9' title="bbox 1827 0 1872 388; baseline 0 2836"><span class='ocrx_word' id='word_1_73' title='bbox 1827 0 1872 388; x_wconf 95' lang='lat' dir='ltr'><em> </em></span> 
     </span>
    </p>
   </div>
   <div class='ocr_carea' id='block_1_4' title="bbox 973 700 1056 743">
    <p class='ocr_par' dir='ltr' id='par_1_4' title="bbox 973 700 1056 743">
     <span class='ocr_line' id='line_1_10' title="bbox 973 700 1056 743; baseline 0 0"><span class='ocrx_word' id='word_1_74' title='bbox 973 700 1056 743; x_wconf 86' lang='grc'><em>306</em></span> 
     </span>
    </p>
   </div>
   <div class='ocr_carea' id='block_1_5' title="bbox 285 777 1739 911">
    <p class='ocr_par' dir='ltr' id='par_1_5' title="bbox 285 777 1739 911">
     <span class='ocr_line' id='line_1_11' title="bbox 820 777 1670 837; baseline -0.005 -12"><span class='ocrx_word' id='word_1_75' title='bbox 820 780 1151 837; x_wconf 80' lang='grc' dir='ltr'><em>άφυπνίζεσθαι</em></span> <span class='ocrx_word' id='word_1_76' title='bbox 1182 777 1266 835; x_wconf 86' lang='grc' dir='ltr'><em>χρὴ</em></span> <span class='ocrx_word' id='word_1_77' title='bbox 1295 777 1444 821; x_wconf 86' lang='grc' dir='ltr'><em>πάντα</em></span> <span class='ocrx_word' id='word_1_78' title='bbox 1473 778 1670 835; x_wconf 83' lang='grc' dir='ltr'><em>θεατήν,</em></span> 
     </span>
     <span class='ocr_line' id='line_1_12' title="bbox 285 844 1739 911; baseline -0.006 -12"><span class='ocrx_word' id='word_1_79' title='bbox 285 854 370 899; x_wconf 79' lang='grc' dir='ltr'><em>ἀπὸ</em></span> <span class='ocrx_word' id='word_1_80' title='bbox 402 854 484 911; x_wconf 80' lang='grc' dir='ltr'><em>μὲν</em></span> <span class='ocrx_word' id='word_1_81' title='bbox 513 851 757 909; x_wconf 77' lang='grc' dir='ltr'><em>βλεφάρων</em></span> <span class='ocrx_word' id='word_1_82' title='bbox 788 849 1112 906; x_wconf 80' lang='grc' dir='ltr'><em>αὐθημερινῶν</em></span> <span class='ocrx_word' id='word_1_83' title='bbox 1142 847 1342 904; x_wconf 78' lang='grc' dir='ltr'><em>ποιητῶν</em></span> <span class='ocrx_word' id='word_1_84' title='bbox 1373 850 1518 904; x_wconf 87' lang='grc' dir='ltr'><em>λῆρον</em></span> <span class='ocrx_word' id='word_1_85' title='bbox 1548 844 1739 904; x_wconf 74' lang='grc' dir='ltr'><em>ἀφέντα.</em></span> 
     </span>
    </p>
   </div>
   <div class='ocr_carea' id='block_1_6' title="bbox 238 921 1825 1507">
    <p class='ocr_par' dir='ltr' id='par_1_6' title="bbox 238 921 1825 1507">
     <span class='ocr_line' id='line_1_13' title="bbox 348 921 1796 1003; baseline -0.004 -14"><span class='ocrx_word' id='word_1_86' title='bbox 348 949 545 989; x_wconf 77' lang='lat' dir='ltr'><strong>Aristides</strong></span> <span class='ocrx_word' id='word_1_87' title='bbox 565 949 631 996; x_wconf 88' lang='grc'><em>49,</em></span> <span class='ocrx_word' id='word_1_88' title='bbox 655 949 735 987; x_wconf 83' lang='grc'><em>386</em></span> <span class='ocrx_word' id='word_1_89' title='bbox 767 947 865 986; x_wconf 85' lang='lat' dir='ltr'><strong>extr.</strong></span> <span class='ocrx_word' id='word_1_90' title='bbox 894 942 938 983; x_wconf 82' lang='grc' dir='ltr'><em>ἐν</em></span> <span class='ocrx_word' id='word_1_91' title='bbox 967 940 1066 997; x_wconf 78' lang='grc' dir='ltr'><em>ἀρχῇ</em></span> <span class='ocrx_word' id='word_1_92' title='bbox 1097 942 1167 982; x_wconf 84' lang='grc' dir='ltr'><em>τοῦ</em></span> <span class='ocrx_word' id='word_1_93' title='bbox 1197 941 1394 995; x_wconf 79' lang='grc' dir='ltr'><em>δράματος</em></span> <span class='ocrx_word' id='word_1_94' title='bbox 1423 921 1796 1003; x_wconf 51' lang='grc' dir='ltr'><em>μεγαλαυχψενος</em></span> 
     </span>
     <span class='ocr_line' id='line_1_14' title="bbox 238 995 1799 1059; baseline -0.003 -14"><span class='ocrx_word' id='word_1_95' title='bbox 238 1004 290 1054; x_wconf 81' lang='grc' dir='ltr'><em>ὡς</em></span> <span class='ocrx_word' id='word_1_96' title='bbox 311 995 514 1059; x_wconf 73' lang='grc' dir='ltr'><em>προφήτης</em></span> <span class='ocrx_word' id='word_1_97' title='bbox 534 1001 788 1056; x_wconf 79' lang='grc' dir='ltr'><em>προαγορεύει</em></span> <span class='ocrx_word' id='word_1_98' title='bbox 808 1000 938 1041; x_wconf 78' lang='grc' dir='ltr'><em>τοιάδε</em></span> <span class='ocrx_word' id='word_1_99' title='bbox 953 1013 961 1022; x_wconf 90' lang='grc'><em>·</em></span> <span class='ocrx_word' id='word_1_100' title='bbox 983 996 1283 1051; x_wconf 81' lang='grc' dir='ltr'><em>ἆφυπνίζεσθαι</em></span> <span class='ocrx_word' id='word_1_101' title='bbox 1306 1030 1315 1040; x_wconf 95' lang='grc'><strong>.</strong></span> <span class='ocrx_word' id='word_1_102' title='bbox 1341 1030 1350 1040; x_wconf 97' lang='grc'><strong>.</strong></span> <span class='ocrx_word' id='word_1_103' title='bbox 1376 1031 1385 1040; x_wconf 91' lang='grc'><em>.</em></span> <span class='ocrx_word' id='word_1_104' title='bbox 1408 995 1575 1050; x_wconf 76' lang='grc' dir='ltr'><em>ἀφέντα,</em></span> <span class='ocrx_word' id='word_1_105' title='bbox 1597 997 1732 1053; x_wconf 72' lang='grc' dir='ltr'><em>ὥσπερ</em></span> <span class='ocrx_word' id='word_1_106' title='bbox 1753 997 1799 1041; x_wconf 71' lang='grc' dir='ltr'><em>ἓν</em></span> 
     </span>
     <span class='ocr_line' id='line_1_15' title="bbox 239 1055 1797 1116; baseline -0.003 -13"><span class='ocrx_word' id='word_1_107' title='bbox 239 1062 368 1116; x_wconf 78' lang='grc' dir='ltr'><em>ἐκείνῃ</em></span> <span class='ocrx_word' id='word_1_108' title='bbox 398 1068 443 1116; x_wconf 80' lang='grc' dir='ltr'><em>τῇ</em></span> <span class='ocrx_word' id='word_1_109' title='bbox 475 1059 599 1115; x_wconf 74' lang='grc' dir='ltr'><em>ἡμέρᾳ</em></span> <span class='ocrx_word' id='word_1_110' title='bbox 629 1059 779 1112; x_wconf 82' lang='grc' dir='ltr'><em>μέλλων</em></span> <span class='ocrx_word' id='word_1_111' title='bbox 808 1057 989 1106; x_wconf 76' lang='grc' dir='ltr'><em>ἅπαντας</em></span> <span class='ocrx_word' id='word_1_112' title='bbox 1011 1055 1161 1108; x_wconf 85' lang='grc' dir='ltr'><em>σοφούς</em></span> <span class='ocrx_word' id='word_1_113' title='bbox 1183 1072 1222 1098; x_wconf 90' lang='grc' dir='ltr'><em>τε</em></span> <span class='ocrx_word' id='word_1_114' title='bbox 1242 1056 1308 1097; x_wconf 87' lang='grc' dir='ltr'><em>καὶ</em></span> <span class='ocrx_word' id='word_1_115' title='bbox 1332 1056 1580 1105; x_wconf 83' lang='grc' dir='ltr'><em>σπουδαίους</em></span> <span class='ocrx_word' id='word_1_116' title='bbox 1599 1055 1797 1110; x_wconf 74' lang='grc' dir='ltr'><em>ποιήσειν.</em></span> 
     </span>
     <span class='ocr_line' id='line_1_16' title="bbox 239 1109 1799 1169; baseline -0.003 -10"><span class='ocrx_word' id='word_1_117' title='bbox 239 1118 398 1168; x_wconf 80' lang='grc' dir='ltr'><em>διδάξας</em></span> <span class='ocrx_word' id='word_1_118' title='bbox 436 1116 480 1158; x_wconf 82' lang='grc' dir='ltr'><em>δὲ</em></span> <span class='ocrx_word' id='word_1_119' title='bbox 517 1117 608 1166; x_wconf 84' lang='grc' dir='ltr'><em>τοὺς</em></span> <span class='ocrx_word' id='word_1_120' title='bbox 641 1118 845 1169; x_wconf 84' lang='grc' dir='ltr'><em>Χείρωνας</em></span> <span class='ocrx_word' id='word_1_121' title='bbox 875 1113 1229 1168; x_wconf 74' lang='grc' dir='ltr'><em>προσπαραγράφει</em></span> <span class='ocrx_word' id='word_1_122' title='bbox 1265 1113 1388 1154; x_wconf 86' lang='grc' dir='ltr'><em>πάλιν</em></span> <span class='ocrx_word' id='word_1_123' title='bbox 1424 1109 1478 1155; x_wconf 79' lang='grc' dir='ltr'><em>αὖ</em></span> <span class='ocrx_word' id='word_1_124' title='bbox 1514 1111 1618 1167; x_wconf 86' lang='grc' dir='ltr'><em>μάλα</em></span> <span class='ocrx_word' id='word_1_125' title='bbox 1648 1111 1799 1168; x_wconf 79' lang='grc' dir='ltr'><em>ὑπερη-</em></span> 
     </span>
     <span class='ocr_line' id='line_1_17' title="bbox 239 1170 1799 1226; baseline -0.001 -11"><span class='ocrx_word' id='word_1_126' title='bbox 239 1175 377 1226; x_wconf 85' lang='grc' dir='ltr'><em>φάνως</em></span> <span class='ocrx_word' id='word_1_127' title='bbox 408 1174 471 1215; x_wconf 82' lang='grc' dir='ltr'><em>ἐπὶ</em></span> <span class='ocrx_word' id='word_1_128' title='bbox 501 1174 679 1226; x_wconf 83' lang='grc' dir='ltr'><em>τελευτῆς</em></span> <span class='ocrx_word' id='word_1_129' title='bbox 711 1173 907 1226; x_wconf 81' lang='lat' dir='ltr'><strong>(sequitur</strong></span> <span class='ocrx_word' id='word_1_130' title='bbox 946 1174 993 1212; x_wconf 90' lang='lat' dir='ltr'><em>fr.</em></span> <span class='ocrx_word' id='word_1_131' title='bbox 1028 1171 1139 1224; x_wconf 81' lang='lat'>237).</span> <span class='ocrx_word' id='word_1_132' title='bbox 1189 1170 1282 1226; x_wconf 83' lang='grc' dir='ltr'><em>χρὴ]</em></span> <span class='ocrx_word' id='word_1_133' title='bbox 1314 1177 1395 1212; x_wconf 86' lang='grc' dir='ltr'><em>νῦν</em></span> <span class='ocrx_word' id='word_1_134' title='bbox 1425 1170 1476 1224; x_wconf 88' lang='grc' dir='ltr'><em>δὴ</em></span> <span class='ocrx_word' id='word_1_135' title='bbox 1507 1170 1579 1225; x_wconf 84' lang='grc' dir='ltr'><em>χρὴ</em></span> <span class='ocrx_word' id='word_1_136' title='bbox 1610 1173 1799 1213; x_wconf 82' lang='lat' dir='ltr'><strong>Dindorf.</strong></span> 
     </span>
     <span class='ocr_line' id='line_1_18' title="bbox 239 1223 1801 1285; baseline -0.002 -13"><span class='ocrx_word' id='word_1_137' title='bbox 239 1232 305 1272; x_wconf 82' lang='grc' dir='ltr'><em>καὶ</em></span> <span class='ocrx_word' id='word_1_138' title='bbox 325 1232 374 1284; x_wconf 89' lang='grc' dir='ltr'><em>δὴ</em></span> <span class='ocrx_word' id='word_1_139' title='bbox 395 1231 467 1285; x_wconf 88' lang='grc' dir='ltr'><em>χρὴ</em></span> <span class='ocrx_word' id='word_1_140' title='bbox 485 1233 691 1272; x_wconf 83' lang='lat' dir='ltr'><strong>Hanovius</strong></span> <span class='ocrx_word' id='word_1_141' title='bbox 711 1233 848 1273; x_wconf 84' lang='lat' dir='ltr'><strong>Exere.</strong></span> <span class='ocrx_word' id='word_1_142' title='bbox 870 1232 955 1270; x_wconf 85' lang='lat' dir='ltr'><strong>crit.</strong></span> <span class='ocrx_word' id='word_1_143' title='bbox 980 1232 1044 1270; x_wconf 84' lang='lat'><em>65.</em></span> <span class='ocrx_word' id='word_1_144' title='bbox 1067 1232 1107 1270; x_wconf 87' lang='lat' dir='ltr'><strong>et</strong></span> <span class='ocrx_word' id='word_1_145' title='bbox 1126 1231 1266 1281; x_wconf 89' lang='lat' dir='ltr'><strong>quidni</strong></span> <span class='ocrx_word' id='word_1_146' title='bbox 1287 1227 1327 1269; x_wconf 89' lang='grc' dir='ltr'><em>δ’</em></span> <span class='ocrx_word' id='word_1_147' title='bbox 1346 1227 1428 1281; x_wconf 81' lang='grc' dir='ltr'><em>ἤδη</em></span> <span class='ocrx_word' id='word_1_148' title='bbox 1449 1231 1514 1271; x_wconf 89' lang='lat' dir='ltr'><strong>vel</strong></span> <span class='ocrx_word' id='word_1_149' title='bbox 1533 1230 1644 1270; x_wconf 76' lang='lat' dir='ltr'><strong>alia?</strong></span> <span class='ocrx_word' id='word_1_150' title='bbox 1663 1223 1801 1280; x_wconf 74' lang='grc' dir='ltr'><em>αὐθη-</em></span> 
     </span>
     <span class='ocr_line' id='line_1_19' title="bbox 238 1284 1799 1342; baseline -0.001 -13"><span class='ocrx_word' id='word_1_151' title='bbox 238 1288 427 1342; x_wconf 83' lang='grc' dir='ltr'><em>μερινῶν]</em></span> <span class='ocrx_word' id='word_1_152' title='bbox 458 1286 535 1328; x_wconf 77' lang='grc' dir='ltr'><em>ἀπό</em></span> <span class='ocrx_word' id='word_1_153' title='bbox 565 1284 610 1327; x_wconf 81' lang='grc' dir='ltr'><em>θ’</em></span> <span class='ocrx_word' id='word_1_154' title='bbox 642 1285 842 1340; x_wconf 79' lang='grc' dir='ltr'><em>ἡμερινῶν</em></span> <span class='ocrx_word' id='word_1_155' title='bbox 873 1289 917 1326; x_wconf 90' lang='grc' dir='ltr'><em>Γ.</em></span> <span class='ocrx_word' id='word_1_156' title='bbox 948 1285 1225 1339; x_wconf 82' lang='grc' dir='ltr'><em>αὐθημερινὸν</em></span> <span class='ocrx_word' id='word_1_157' title='bbox 1260 1288 1407 1339; x_wconf 83' lang='lat' dir='ltr'><strong>Bergk.</strong></span> <span class='ocrx_word' id='word_1_158' title='bbox 1439 1288 1486 1327; x_wconf 83' lang='lat' dir='ltr'><em>R.</em></span> <span class='ocrx_word' id='word_1_159' title='bbox 1517 1300 1550 1327; x_wconf 83' lang='lat' dir='ltr'><em>c.</em></span> <span class='ocrx_word' id='word_1_160' title='bbox 1581 1287 1672 1328; x_wconf 77' lang='lat' dir='ltr'><strong>Att.</strong></span> <span class='ocrx_word' id='word_1_161' title='bbox 1704 1287 1799 1328; x_wconf 82' lang='lat'>223.</span> 
     </span>
     <span class='ocr_line' id='line_1_20' title="bbox 240 1340 1801 1397; baseline -0.001 -11"><span class='ocrx_word' id='word_1_162' title='bbox 240 1348 288 1386; x_wconf 86' lang='lat' dir='ltr'><strong>ef.</strong></span> <span class='ocrx_word' id='word_1_163' title='bbox 319 1347 495 1386; x_wconf 81' lang='lat' dir='ltr'><strong>Phereer.</strong></span> <span class='ocrx_word' id='word_1_164' title='bbox 531 1349 620 1385; x_wconf 84' lang='lat'>191.</span> <span class='ocrx_word' id='word_1_165' title='bbox 651 1340 968 1397; x_wconf 84' lang='grc' dir='ltr'><em>αὖθημερινούς,</em></span> <span class='ocrx_word' id='word_1_166' title='bbox 1000 1346 1024 1385; x_wconf 87' lang='lat' dir='ltr'><strong>i.</strong></span> <span class='ocrx_word' id='word_1_167' title='bbox 1056 1359 1089 1384; x_wconf 86' lang='lat' dir='ltr'><strong>e.</strong></span> <span class='ocrx_word' id='word_1_168' title='bbox 1122 1345 1276 1384; x_wconf 83' lang='lat' dir='ltr'><strong>‘eodem</strong></span> <span class='ocrx_word' id='word_1_169' title='bbox 1307 1346 1370 1384; x_wconf 87' lang='lat' dir='ltr'><em>die</em></span> <span class='ocrx_word' id='word_1_170' title='bbox 1400 1347 1442 1384; x_wconf 90' lang='lat' dir='ltr'><strong>et</strong></span> <span class='ocrx_word' id='word_1_171' title='bbox 1478 1347 1690 1385; x_wconf 75' lang='lat' dir='ltr'><strong>nascentes</strong></span> <span class='ocrx_word' id='word_1_172' title='bbox 1709 1345 1801 1385; x_wconf 76' lang='lat' dir='ltr'><strong>sub-</strong></span> 
     </span>
     <span class='ocr_line' id='line_1_21' title="bbox 240 1399 1825 1455; baseline -0.001 -12"><span class='ocrx_word' id='word_1_173' title='bbox 240 1405 295 1443; x_wconf 90' lang='lat' dir='ltr'><strong>ito</strong></span> <span class='ocrx_word' id='word_1_174' title='bbox 325 1409 366 1443; x_wconf 88' lang='lat' dir='ltr'><strong>et</strong></span> <span class='ocrx_word' id='word_1_175' title='bbox 403 1415 539 1443; x_wconf 81' lang='lat' dir='ltr'><strong>rursus</strong></span> <span class='ocrx_word' id='word_1_176' title='bbox 569 1405 792 1454; x_wconf 78' lang='lat' dir='ltr'><strong>pereuntes,</strong></span> <span class='ocrx_word' id='word_1_177' title='bbox 839 1399 928 1449; x_wconf 83' lang='grc' dir='ltr'><em>τοὺς</em></span> <span class='ocrx_word' id='word_1_178' title='bbox 973 1399 1267 1455; x_wconf 84' lang='grc' dir='ltr'><em>ἐφημερινούς’.</em></span> <span class='ocrx_word' id='word_1_179' title='bbox 1315 1402 1455 1442; x_wconf 78' lang='lat' dir='ltr'><strong>Reisk.</strong></span> <span class='ocrx_word' id='word_1_180' title='bbox 1495 1401 1694 1443; x_wconf 85' lang='lat' dir='ltr'><strong>Cobetum</strong></span> <span class='ocrx_word' id='word_1_181' title='bbox 1719 1399 1825 1443; x_wconf 75' lang='lat' dir='ltr'><em>hos¹</em></span> 
     </span>
     <span class='ocr_line' id='line_1_22' title="bbox 240 1459 1600 1507; baseline 0 -7"><span class='ocrx_word' id='word_1_182' title='bbox 240 1474 376 1500; x_wconf 86' lang='lat' dir='ltr'><strong>versus</strong></span> <span class='ocrx_word' id='word_1_183' title='bbox 405 1461 454 1499; x_wconf 86' lang='lat' dir='ltr'><em>ad</em></span> <span class='ocrx_word' id='word_1_184' title='bbox 483 1460 672 1500; x_wconf 84' lang='lat' dir='ltr'><strong>Chirones</strong></span> <span class='ocrx_word' id='word_1_185' title='bbox 701 1461 936 1499; x_wconf 77' lang='lat' dir='ltr'><strong>referentem</strong></span> <span class='ocrx_word' id='word_1_186' title='bbox 966 1460 1172 1507; x_wconf 84' lang='lat' dir='ltr'><strong>redarguit</strong></span> <span class='ocrx_word' id='word_1_187' title='bbox 1201 1459 1372 1499; x_wconf 86' lang='lat' dir='ltr'><strong>Meinek.</strong></span> <span class='ocrx_word' id='word_1_188' title='bbox 1403 1459 1441 1498; x_wconf 93' lang='lat' dir='ltr'><strong>V</strong></span> <span class='ocrx_word' id='word_1_189' title='bbox 1472 1460 1538 1500; x_wconf 82' lang='lat'><em>22.</em></span> <span class='ocrx_word' id='word_1_190' title='bbox 1561 1461 1600 1500; x_wconf 89' lang='lat'><em>3.</em></span> 
     </span>
    </p>
   </div>
   <div class='ocr_carea' id='block_1_7' title="bbox 968 1582 1049 1625">
    <p class='ocr_par' dir='ltr' id='par_1_7' title="bbox 968 1582 1049 1625">
     <span class='ocr_line' id='line_1_23' title="bbox 968 1582 1049 1625; baseline -0.012 0"><span class='ocrx_word' id='word_1_191' title='bbox 968 1582 1049 1625; x_wconf 85' lang='lat'><em>307</em></span> 
     </span>
    </p>
   </div>
   <div class='ocr_carea' id='block_1_8' title="bbox 244 1651 1872 2277">
    <p class='ocr_par' dir='ltr' id='par_1_8' title="bbox 336 1651 1872 1881">
     <span class='ocr_line' id='line_1_24' title="bbox 735 1651 1854 1720; baseline 0.005 -17"><span class='ocrx_word' id='word_1_192' title='bbox 735 1663 801 1711; x_wconf 85' lang='grc' dir='ltr'><em>τίς</em></span> <span class='ocrx_word' id='word_1_193' title='bbox 831 1661 879 1704; x_wconf 82' lang='grc' dir='ltr'><em>δὲ</em></span> <span class='ocrx_word' id='word_1_194' title='bbox 910 1663 994 1714; x_wconf 72' lang='grc' dir='ltr'><em>σῦς</em></span> <span class='ocrx_word' id='word_1_195' title='bbox 1027 1660 1199 1717; x_wconf 81' lang='grc' dir='ltr'><em>κομψός</em></span> <span class='ocrx_word' id='word_1_196' title='bbox 1229 1677 1294 1713; x_wconf 85' lang='grc' dir='ltr'><em>τις</em></span> <span class='ocrx_word' id='word_1_197' title='bbox 1325 1663 1472 1718; x_wconf 68' lang='grc' dir='ltr'><em>ἔροιτο</em></span> <span class='ocrx_word' id='word_1_198' title='bbox 1503 1661 1683 1720; x_wconf 81' lang='grc' dir='ltr'><em>θεατής.</em></span> <span class='ocrx_word' id='word_1_199' title='bbox 1799 1651 1854 1688; x_wconf 32' lang='lat' dir='ltr'>N</span> 
     </span>
     <span class='ocr_line' id='line_1_25' title="bbox 336 1716 1872 1788; baseline 0.002 -17"><span class='ocrx_word' id='word_1_200' title='bbox 336 1724 713 1784; x_wconf 77' lang='grc' dir='ltr'><em>ὑπολεπτολόγος,</em></span> <span class='ocrx_word' id='word_1_201' title='bbox 744 1730 1112 1787; x_wconf 75' lang='grc' dir='ltr'><em>γνωμοδιῶκτης,</em></span> <span class='ocrx_word' id='word_1_202' title='bbox 1146 1728 1708 1788; x_wconf 76' lang='grc' dir='ltr'><em>εὐριπιδαριστοφανίζων.</em></span> <span class='ocrx_word' id='word_1_203' title='bbox 1740 1716 1785 1763; x_wconf 36' lang='lat'><em>⁴¹³⁴</em></span> <span class='ocrx_word' id='word_1_204' title='bbox 1807 1717 1872 1774; x_wconf 32' lang='grc' dir='ltr'><em>ὀἵ</em></span> 
     </span>
     <span class='ocr_line' id='line_1_26' title="bbox 355 1820 1804 1881; baseline 0.003 -20"><span class='ocrx_word' id='word_1_205' title='bbox 355 1823 483 1862; x_wconf 85' lang='lat' dir='ltr'>Schol.</span> <span class='ocrx_word' id='word_1_206' title='bbox 514 1823 668 1862; x_wconf 88' lang='lat' dir='ltr'><strong>Platon.</strong></span> <span class='ocrx_word' id='word_1_207' title='bbox 696 1824 820 1863; x_wconf 87' lang='lat' dir='ltr'><strong>Bekk.</strong></span> <span class='ocrx_word' id='word_1_208' title='bbox 845 1826 926 1864; x_wconf 87' lang='grc'><em>330</em></span> <span class='ocrx_word' id='word_1_209' title='bbox 952 1820 1241 1877; x_wconf 79' lang='grc' dir='ltr'><em>Ἀριστοφάνης</em></span> <span class='ocrx_word' id='word_1_210' title='bbox 1275 1856 1284 1866; x_wconf 97' lang='grc'><strong>.</strong></span> <span class='ocrx_word' id='word_1_211' title='bbox 1305 1857 1313 1866; x_wconf 91' lang='grc'>.</span> <span class='ocrx_word' id='word_1_212' title='bbox 1337 1860 1345 1868; x_wconf 94' lang='grc'><strong>.</strong></span> <span class='ocrx_word' id='word_1_213' title='bbox 1378 1823 1626 1880; x_wconf 75' lang='grc' dir='ltr'><em>ἐκωμῳδεῖτο</em></span> <span class='ocrx_word' id='word_1_214' title='bbox 1655 1822 1720 1866; x_wconf 76' lang='grc' dir='ltr'><em>ἐπὶ</em></span> <span class='ocrx_word' id='word_1_215' title='bbox 1749 1830 1804 1881; x_wconf 70' lang='grc' dir='ltr'><em>τῷ</em></span> 
     </span>
    </p>

    <p class='ocr_par' dir='ltr' id='par_1_9' title="bbox 244 1876 1804 2277">
     <span class='ocr_line' id='line_1_27' title="bbox 246 1876 1802 1936; baseline 0.004 -19"><span class='ocrx_word' id='word_1_216' title='bbox 246 1876 440 1935; x_wconf 75' lang='grc' dir='ltr'><em>σκώπτειν</em></span> <span class='ocrx_word' id='word_1_217' title='bbox 458 1876 532 1930; x_wconf 83' lang='grc' dir='ltr'><em>μὲν</em></span> <span class='ocrx_word' id='word_1_218' title='bbox 546 1876 786 1931; x_wconf 80' lang='grc' dir='ltr'><em>Εὐριπίδην,</em></span> <span class='ocrx_word' id='word_1_219' title='bbox 807 1884 1014 1932; x_wconf 81' lang='grc' dir='ltr'><em>μιμεῖσθαι</em></span> <span class='ocrx_word' id='word_1_220' title='bbox 1034 1878 1072 1921; x_wconf 88' lang='grc' dir='ltr'><em>δ’</em></span> <span class='ocrx_word' id='word_1_221' title='bbox 1096 1879 1234 1922; x_wconf 80' lang='grc' dir='ltr'><em>αὐτόν.</em></span> <span class='ocrx_word' id='word_1_222' title='bbox 1265 1884 1463 1936; x_wconf 81' lang='grc' dir='ltr'><em>Κρατῖνος</em></span> <span class='ocrx_word' id='word_1_223' title='bbox 1487 1885 1568 1923; x_wconf 87' lang='grc' dir='ltr'><em>κτλ.</em></span> <span class='ocrx_word' id='word_1_224' title='bbox 1600 1883 1802 1924; x_wconf 84' lang='lat' dir='ltr'><strong>Porsonus</strong></span> 
     </span>
     <span class='ocr_line' id='line_1_28' title="bbox 245 1934 1801 1994; baseline 0.003 -19"><span class='ocrx_word' id='word_1_225' title='bbox 245 1937 406 1975; x_wconf 80' lang='lat' dir='ltr'><strong>Miscell.</strong></span> <span class='ocrx_word' id='word_1_226' title='bbox 439 1938 518 1976; x_wconf 81' lang='lat'><em>268</em></span> <span class='ocrx_word' id='word_1_227' title='bbox 549 1937 606 1984; x_wconf 90' lang='grc' dir='ltr'><em>τίς</em></span> <span class='ocrx_word' id='word_1_228' title='bbox 637 1934 681 1975; x_wconf 84' lang='grc' dir='ltr'><em>δὲ</em></span> <span class='ocrx_word' id='word_1_229' title='bbox 711 1935 761 1977; x_wconf 85' lang='grc' dir='ltr'><em>σὺ</em></span> <span class='ocrx_word' id='word_1_230' title='bbox 791 1938 966 1989; x_wconf 86' lang='grc' dir='ltr'><em>κομψός;</em></span> <span class='ocrx_word' id='word_1_231' title='bbox 1002 1939 1079 1986; x_wconf 85' lang='grc' dir='ltr'><em>πᾶς</em></span> <span class='ocrx_word' id='word_1_232' title='bbox 1115 1937 1170 1979; x_wconf 80' lang='grc' dir='ltr'><em>ὄῖν</em></span> <span class='ocrx_word' id='word_1_233' title='bbox 1199 1954 1257 1988; x_wconf 91' lang='grc' dir='ltr'><em>τις</em></span> <span class='ocrx_word' id='word_1_234' title='bbox 1289 1938 1413 1994; x_wconf 76' lang='grc' dir='ltr'><em>ἔροιτο</em></span> <span class='ocrx_word' id='word_1_235' title='bbox 1446 1934 1611 1992; x_wconf 81' lang='grc' dir='ltr'><em>θεατής.</em></span> <span class='ocrx_word' id='word_1_236' title='bbox 1647 1953 1801 1993; x_wconf 77' lang='grc' dir='ltr'><em>γνωμο-</em></span> 
     </span>
     <span class='ocr_line' id='line_1_29' title="bbox 244 1990 1802 2050; baseline 0.006 -20"><span class='ocrx_word' id='word_1_237' title='bbox 244 1990 410 2043; x_wconf 79' lang='grc' dir='ltr'><em>διώκτης</em></span> <span class='ocrx_word' id='word_1_238' title='bbox 449 1994 707 2034; x_wconf 82' lang='lat' dir='ltr'><strong>Schneiderus</strong></span> <span class='ocrx_word' id='word_1_239' title='bbox 744 1996 785 2034; x_wconf 87' lang='lat' dir='ltr'><strong>in</strong></span> <span class='ocrx_word' id='word_1_240' title='bbox 817 1996 973 2036; x_wconf 69' lang='lat' dir='ltr'><strong>‘Lexico</strong></span> <span class='ocrx_word' id='word_1_241' title='bbox 1011 1995 1091 2050; x_wconf 70' lang='lat' dir='ltr'><em>gn]</em></span> <span class='ocrx_word' id='word_1_242' title='bbox 1130 1996 1445 2050; x_wconf 77' lang='grc' dir='ltr'><em>γνωμιδιώκτης.</em></span> <span class='ocrx_word' id='word_1_243' title='bbox 1485 1998 1632 2049; x_wconf 80' lang='lat' dir='ltr'><strong>prioris</strong></span> <span class='ocrx_word' id='word_1_244' title='bbox 1662 2010 1802 2039; x_wconf 82' lang='lat' dir='ltr'><strong>versus</strong></span> 
     </span>
     <span class='ocr_line' id='line_1_30' title="bbox 245 2050 1802 2106; baseline 0.005 -19"><span class='ocrx_word' id='word_1_245' title='bbox 245 2050 474 2088; x_wconf 81' lang='lat' dir='ltr'><strong>emendandi</strong></span> <span class='ocrx_word' id='word_1_246' title='bbox 514 2051 661 2090; x_wconf 82' lang='lat' dir='ltr'><strong>multae</strong></span> <span class='ocrx_word' id='word_1_247' title='bbox 699 2055 867 2102; x_wconf 84' lang='lat' dir='ltr'><strong>possunt</strong></span> <span class='ocrx_word' id='word_1_248' title='bbox 901 2055 1120 2106; x_wconf 80' lang='lat' dir='ltr'><strong>excogitari</strong></span> <span class='ocrx_word' id='word_1_249' title='bbox 1158 2056 1354 2105; x_wconf 81' lang='lat' dir='ltr'><strong>rationes,</strong></span> <span class='ocrx_word' id='word_1_250' title='bbox 1392 2055 1506 2094; x_wconf 81' lang='lat' dir='ltr'><strong>nulla.</strong></span> <span class='ocrx_word' id='word_1_251' title='bbox 1535 2057 1673 2095; x_wconf 75' lang='lat' dir='ltr'><strong>tamen</strong></span> <span class='ocrx_word' id='word_1_252' title='bbox 1703 2054 1802 2096; x_wconf 72' lang='lat' dir='ltr'><strong>satis</strong></span> 
     </span>
     <span class='ocr_line' id='line_1_31' title="bbox 245 2106 1802 2161; baseline 0.006 -17"><span class='ocrx_word' id='word_1_253' title='bbox 245 2108 364 2145; x_wconf 84' lang='lat' dir='ltr'><strong>certa.</strong></span> <span class='ocrx_word' id='word_1_254' title='bbox 396 2119 483 2145; x_wconf 87' lang='lat' dir='ltr'><em>cum</em></span> <span class='ocrx_word' id='word_1_255' title='bbox 514 2119 607 2146; x_wconf 87' lang='lat' dir='ltr'><strong>voce</strong></span> <span class='ocrx_word' id='word_1_256' title='bbox 636 2106 940 2161; x_wconf 77' lang='grc' dir='ltr'><em>γνωμοδιώκτης</em></span> <span class='ocrx_word' id='word_1_257' title='bbox 971 2111 1214 2151; x_wconf 80' lang='lat' dir='ltr'><strong>Fritzschius</strong></span> <span class='ocrx_word' id='word_1_258' title='bbox 1247 2112 1408 2160; x_wconf 82' lang='lat' dir='ltr'><strong>Quaest.</strong></span> <span class='ocrx_word' id='word_1_259' title='bbox 1429 2112 1558 2153; x_wconf 82' lang='lat' dir='ltr'><strong>Arist.</strong></span> <span class='ocrx_word' id='word_1_260' title='bbox 1582 2112 1664 2152; x_wconf 82' lang='lat'><em>292</em></span> <span class='ocrx_word' id='word_1_261' title='bbox 1695 2122 1802 2153; x_wconf 82' lang='lat' dir='ltr'><strong>eom-</strong></span> 
     </span>
     <span class='ocr_line' id='line_1_32' title="bbox 244 2161 1804 2220; baseline 0.006 -20"><span class='ocrx_word' id='word_1_262' title='bbox 244 2164 398 2211; x_wconf 83' lang='lat' dir='ltr'><strong>paravit</strong></span> <span class='ocrx_word' id='word_1_263' title='bbox 427 2161 760 2212; x_wconf 83' lang='grc' dir='ltr'><em>κολλοποδιώκτας</em></span> <span class='ocrx_word' id='word_1_264' title='bbox 792 2164 941 2219; x_wconf 78' lang='lat' dir='ltr'><strong>(Schol.</strong></span> <span class='ocrx_word' id='word_1_265' title='bbox 966 2168 1174 2220; x_wconf 82' lang='lat' dir='ltr'><strong>Aristoph.</strong></span> <span class='ocrx_word' id='word_1_266' title='bbox 1205 2169 1311 2211; x_wconf 86' lang='lat' dir='ltr'><strong>Nub.</strong></span> <span class='ocrx_word' id='word_1_267' title='bbox 1335 2170 1417 2209; x_wconf 88' lang='grc'><em>348</em></span> <span class='ocrx_word' id='word_1_268' title='bbox 1449 2171 1490 2209; x_wconf 87' lang='lat' dir='ltr'><strong>et</strong></span> <span class='ocrx_word' id='word_1_269' title='bbox 1509 2166 1804 2220; x_wconf 74' lang='grc' dir='ltr'><em>κνισοδιῶκτην</em></span> 
     </span>
     <span class='ocr_line' id='line_1_33' title="bbox 246 2218 1804 2277; baseline 0.006 -21"><span class='ocrx_word' id='word_1_270' title='bbox 246 2218 424 2258; x_wconf 81' lang='lat' dir='ltr'><strong>Batrach.</strong></span> <span class='ocrx_word' id='word_1_271' title='bbox 449 2221 541 2262; x_wconf 84' lang='lat'><strong>234.</strong></span> <span class='ocrx_word' id='word_1_272' title='bbox 575 2243 624 2249; x_wconf 81' lang='lat'><strong>—</strong></span> <span class='ocrx_word' id='word_1_273' title='bbox 666 2222 715 2260; x_wconf 81' lang='lat' dir='ltr'><em>ad</em></span> <span class='ocrx_word' id='word_1_274' title='bbox 744 2223 917 2274; x_wconf 77' lang='lat' dir='ltr'><strong>Pytinen</strong></span> <span class='ocrx_word' id='word_1_275' title='bbox 946 2227 1112 2276; x_wconf 86' lang='lat' dir='ltr'><strong>propter</strong></span> <span class='ocrx_word' id='word_1_276' title='bbox 1134 2226 1263 2266; x_wconf 85' lang='lat' dir='ltr'><strong>Sehol.</strong></span> <span class='ocrx_word' id='word_1_277' title='bbox 1285 2226 1494 2277; x_wconf 83' lang='lat' dir='ltr'><strong>Aristoph.</strong></span> <span class='ocrx_word' id='word_1_278' title='bbox 1516 2227 1590 2277; x_wconf 83' lang='lat' dir='ltr'><em>Eq.</em></span> <span class='ocrx_word' id='word_1_279' title='bbox 1616 2227 1696 2266; x_wconf 84' lang='lat'><em>531</em></span> <span class='ocrx_word' id='word_1_280' title='bbox 1730 2226 1804 2274; x_wconf 80' lang='lat' dir='ltr'><strong>(ef.</strong></span> 
     </span>
    </p>
   </div>
   <div class='ocr_carea' id='block_1_9' title="bbox 245 2275 1800 2372">
    <p class='ocr_par' dir='ltr' id='par_1_10' title="bbox 245 2275 1800 2372">
     <span class='ocr_line' id='line_1_34' title="bbox 245 2275 1800 2372; baseline 0.006 -60"><span class='ocrx_word' id='word_1_281' title='bbox 245 2275 439 2372; x_wconf 43' lang='lat' dir='ltr'><em>{ithg}</em></span> <span class='ocrx_word' id='word_1_282' title='bbox 458 2277 636 2317; x_wconf 88' lang='lat' dir='ltr'><strong>referunt</strong></span> <span class='ocrx_word' id='word_1_283' title='bbox 670 2283 826 2328; x_wconf 89' lang='lat' dir='ltr'><strong>praeter</strong></span> <span class='ocrx_word' id='word_1_284' title='bbox 860 2281 1124 2321; x_wconf 82' lang='lat' dir='ltr'><strong>Fritzschium</strong></span> <span class='ocrx_word' id='word_1_285' title='bbox 1164 2283 1386 2322; x_wconf 80' lang='lat' dir='ltr'><strong>Runkelius</strong></span> <span class='ocrx_word' id='word_1_286' title='bbox 1426 2285 1466 2322; x_wconf 86' lang='lat' dir='ltr'><strong>et</strong></span> <span class='ocrx_word' id='word_1_287' title='bbox 1505 2283 1653 2335; x_wconf 77' lang='lat' dir='ltr'><strong>Bergk.</strong></span> <span class='ocrx_word' id='word_1_288' title='bbox 1687 2284 1736 2323; x_wconf 81' lang='lat' dir='ltr'><em>R.</em></span> <span class='ocrx_word' id='word_1_289' title='bbox 1767 2296 1800 2324; x_wconf 85' lang='lat' dir='ltr'><strong>e.</strong></span> 
     </span>
    </p>
   </div>
   <div class='ocr_carea' id='block_1_10' title="bbox 971 2427 1054 2469">
    <p class='ocr_par' dir='ltr' id='par_1_11' title="bbox 971 2427 1054 2469">
     <span class='ocr_line' id='line_1_35' title="bbox 971 2427 1054 2469; baseline 0 0"><span class='ocrx_word' id='word_1_290' title='bbox 971 2427 1054 2469; x_wconf 85' lang='lat'><em>308</em></span> 
     </span>
    </p>
   </div>
   <div class='ocr_carea' id='block_1_11' title="bbox 246 2511 1805 2860">
    <p class='ocr_par' dir='ltr' id='par_1_12' title="bbox 246 2511 1805 2860">
     <span class='ocr_line' id='line_1_36' title="bbox 358 2511 1803 2575; baseline 0.008 -24"><span class='ocrx_word' id='word_1_291' title='bbox 358 2511 485 2555; x_wconf 83' lang='lat' dir='ltr'><strong>Schol.</strong></span> <span class='ocrx_word' id='word_1_292' title='bbox 524 2515 725 2567; x_wconf 78' lang='lat' dir='ltr'><strong>Aristoph.</strong></span> <span class='ocrx_word' id='word_1_293' title='bbox 762 2518 851 2558; x_wconf 82' lang='lat' dir='ltr'>Pac.</span> <span class='ocrx_word' id='word_1_294' title='bbox 891 2520 969 2559; x_wconf 88' lang='grc'><em>741</em></span> <span class='ocrx_word' id='word_1_295' title='bbox 1010 2518 1222 2570; x_wconf 80' lang='grc' dir='ltr'><em>ἐπεπόλαζε</em></span> <span class='ocrx_word' id='word_1_296' title='bbox 1258 2515 1334 2574; x_wconf 73' lang='grc' dir='ltr'><em>γὰρ</em></span> <span class='ocrx_word' id='word_1_297' title='bbox 1370 2519 1456 2562; x_wconf 87' lang='grc' dir='ltr'><em>τότε</em></span> <span class='ocrx_word' id='word_1_298' title='bbox 1497 2526 1644 2572; x_wconf 84' lang='grc' dir='ltr'><em>ταῦτα,</em></span> <span class='ocrx_word' id='word_1_299' title='bbox 1678 2518 1803 2575; x_wconf 31' lang='grc' dir='ltr'><em>Ἡρα,-</em></span> 
     </span>
     <span class='ocr_line' id='line_1_37' title="bbox 246 2569 1802 2631; baseline 0.01 -26"><span class='ocrx_word' id='word_1_300' title='bbox 246 2569 341 2618; x_wconf 82' lang='grc' dir='ltr'><em>κλῆς</em></span> <span class='ocrx_word' id='word_1_301' title='bbox 370 2575 535 2620; x_wconf 77' lang='grc' dir='ltr'><em>πεινῶν,</em></span> <span class='ocrx_word' id='word_1_302' title='bbox 567 2570 632 2611; x_wconf 85' lang='grc' dir='ltr'><em>καὶ</em></span> <span class='ocrx_word' id='word_1_303' title='bbox 663 2571 860 2623; x_wconf 88' lang='grc' dir='ltr'><em>Διόνυσος</em></span> <span class='ocrx_word' id='word_1_304' title='bbox 890 2575 1035 2628; x_wconf 81' lang='grc' dir='ltr'><em>δειλός,</em></span> <span class='ocrx_word' id='word_1_305' title='bbox 1074 2578 1142 2617; x_wconf 86' lang='grc' dir='ltr'><em>καὶ</em></span> <span class='ocrx_word' id='word_1_306' title='bbox 1169 2576 1303 2630; x_wconf 87' lang='grc' dir='ltr'><em>μοιχὸς</em></span> <span class='ocrx_word' id='word_1_307' title='bbox 1335 2577 1460 2631; x_wconf 81' lang='grc' dir='ltr'><em>Ζεύς,</em></span> <span class='ocrx_word' id='word_1_308' title='bbox 1498 2576 1600 2619; x_wconf 73' lang='grc' dir='ltr'><em>ὥστε</em></span> <span class='ocrx_word' id='word_1_309' title='bbox 1630 2577 1698 2619; x_wconf 82' lang='grc' dir='ltr'><em>καὶ</em></span> <span class='ocrx_word' id='word_1_310' title='bbox 1726 2576 1802 2620; x_wconf 80' lang='grc' dir='ltr'><em>αὐ-</em></span> 
     </span>
     <span class='ocr_line' id='line_1_38' title="bbox 247 2622 1804 2689; baseline 0.011 -28"><span class='ocrx_word' id='word_1_311' title='bbox 247 2622 338 2671; x_wconf 81' lang='grc' dir='ltr'><em>τοὺς</em></span> <span class='ocrx_word' id='word_1_312' title='bbox 368 2624 499 2665; x_wconf 89' lang='grc' dir='ltr'><em>δοκεῖν</em></span> <span class='ocrx_word' id='word_1_313' title='bbox 526 2625 739 2678; x_wconf 71' lang='grc' dir='ltr'><em>ἄχθεσθαι.</em></span> <span class='ocrx_word' id='word_1_314' title='bbox 770 2633 986 2684; x_wconf 84' lang='grc' dir='ltr'><em>Κρατῖνος·</em></span> <span class='ocrx_word' id='word_1_315' title='bbox 1023 2630 1118 2675; x_wconf 81' lang='grc' dir='ltr'><em>ὑπὸ</em></span> <span class='ocrx_word' id='word_1_316' title='bbox 1157 2633 1209 2674; x_wconf 83' lang='grc' dir='ltr'><em>δὲ</em></span> <span class='ocrx_word' id='word_1_317' title='bbox 1242 2632 1546 2689; x_wconf 83' lang='grc' dir='ltr'><em>Ἡρακλέους</em></span> <span class='ocrx_word' id='word_1_318' title='bbox 1585 2641 1804 2677; x_wconf 71' lang='grc' dir='ltr'><em>πεινῶν-</em></span> 
     </span>
     <span class='ocr_line' id='line_1_39' title="bbox 249 2679 1800 2750; baseline 0.012 -33"><span class='ocrx_word' id='word_1_319' title='bbox 249 2679 463 2750; x_wconf 51' lang='grc' dir='ltr'><em>τοςηόἷγει</em></span> <span class='ocrx_word' id='word_1_320' title='bbox 491 2683 572 2723; x_wconf 84' lang='grc' dir='ltr'><em>καὶ</em></span> <span class='ocrx_word' id='word_1_321' title='bbox 601 2685 913 2737; x_wconf 67' lang='grc' dir='ltr'><em>σκώπτοντος</em></span> <span class='ocrx_word' id='word_1_322' title='bbox 943 2696 1092 2730; x_wconf 81' lang='grc' dir='ltr'><em>ταῦτα</em></span> <span class='ocrx_word' id='word_1_323' title='bbox 1121 2688 1177 2732; x_wconf 80' lang='grc' dir='ltr'><em>οὐ</em></span> <span class='ocrx_word' id='word_1_324' title='bbox 1207 2692 1426 2745; x_wconf 86' lang='grc' dir='ltr'><em>βοιωτόν</em></span> <span class='ocrx_word' id='word_1_325' title='bbox 1464 2691 1586 2734; x_wconf 80' lang='grc' dir='ltr'><em>ἐστι.</em></span> <span class='ocrx_word' id='word_1_326' title='bbox 1625 2695 1682 2735; x_wconf 81' lang='lat' dir='ltr'><strong>sie</strong></span> <span class='ocrx_word' id='word_1_327' title='bbox 1712 2695 1800 2735; x_wconf 80' lang='lat' dir='ltr'><strong>eod.</strong></span> 
     </span>
     <span class='ocr_line' id='line_1_40' title="bbox 248 2737 1805 2804; baseline 0.011 -29"><span class='ocrx_word' id='word_1_328' title='bbox 248 2737 294 2776; x_wconf 81' lang='lat' dir='ltr'><em>R.</em></span> <span class='ocrx_word' id='word_1_329' title='bbox 325 2752 395 2804; x_wconf 61' lang='lat'><em>“2²⁸</em></span> <span class='ocrx_word' id='word_1_330' title='bbox 425 2743 517 2778; x_wconf 73' lang='grc' dir='ltr'><em>ταυτ</em></span> <span class='ocrx_word' id='word_1_331' title='bbox 542 2740 624 2780; x_wconf 60' lang='grc' dir='ltr'><em>Υκαὶ</em></span> <span class='ocrx_word' id='word_1_332' title='bbox 662 2743 908 2793; x_wconf 82' lang='grc' dir='ltr'><em>σκώπτοντος</em></span> <span class='ocrx_word' id='word_1_333' title='bbox 937 2747 987 2786; x_wconf 90' lang='lat' dir='ltr'><em>V.</em></span> <span class='ocrx_word' id='word_1_334' title='bbox 1030 2746 1144 2800; x_wconf 72' lang='grc' dir='ltr'><em>ἄγειν</em></span> <span class='ocrx_word' id='word_1_335' title='bbox 1181 2755 1306 2790; x_wconf 86' lang='grc' dir='ltr'><em>ταῦτα</em></span> <span class='ocrx_word' id='word_1_336' title='bbox 1334 2749 1403 2790; x_wconf 84' lang='grc' dir='ltr'><em>καὶ</em></span> <span class='ocrx_word' id='word_1_337' title='bbox 1431 2749 1681 2799; x_wconf 80' lang='grc' dir='ltr'><em>σκώπτοντος</em></span> <span class='ocrx_word' id='word_1_338' title='bbox 1710 2751 1805 2797; x_wconf 70' lang='lat' dir='ltr'><em>Ald,</em></span> 
     </span>
     <span class='ocr_line' id='line_1_41' title="bbox 248 2793 1802 2860; baseline 0.01 -28"><span class='ocrx_word' id='word_1_339' title='bbox 248 2793 392 2845; x_wconf 81' lang='grc' dir='ltr'><em>βιωτον</em></span> <span class='ocrx_word' id='word_1_340' title='bbox 421 2795 457 2833; x_wconf 91' lang='lat' dir='ltr'><strong>V</strong></span> <span class='ocrx_word' id='word_1_341' title='bbox 485 2811 555 2848; x_wconf 84' lang='lat' dir='ltr'><em>pro</em></span> <span class='ocrx_word' id='word_1_342' title='bbox 585 2796 759 2850; x_wconf 88' lang='grc' dir='ltr'><em>βοιωτόν.</em></span> <span class='ocrx_word' id='word_1_343' title='bbox 790 2817 861 2853; x_wconf 88' lang='lat' dir='ltr'><em>pro</em></span> <span class='ocrx_word' id='word_1_344' title='bbox 890 2800 937 2843; x_wconf 84' lang='grc' dir='ltr'><em>οὐ</em></span> <span class='ocrx_word' id='word_1_345' title='bbox 967 2803 1136 2855; x_wconf 87' lang='grc' dir='ltr'><em>βοιωτόν</em></span> <span class='ocrx_word' id='word_1_346' title='bbox 1166 2808 1368 2848; x_wconf 82' lang='lat' dir='ltr'><strong>Porsonus</strong></span> <span class='ocrx_word' id='word_1_347' title='bbox 1389 2807 1643 2860; x_wconf 79' lang='grc' dir='ltr'><em>συοβοιωτῶν</em></span> <span class='ocrx_word' id='word_1_348' title='bbox 1662 2808 1802 2859; x_wconf 77' lang='lat' dir='ltr'><strong>Eurip-</strong></span> 
     </span>
    </p>
   </div>
  </div>
 </body>
</html>
