1872 3224
257 190 336 233 116
902 175 1155 212 ΚΡΑΊῚΝΟΤ

987 277 1072 321 359

460 343 600 400 μηδὲν
630 339 835 395 ὑπέρφευ

367 430 561 481 Κρατῖνος
591 422 654 463 ἐπὶ
684 422 752 462 τοῦ
781 417 906 473 μηδὲν
934 416 1052 470 ἄγαν.
1085 415 1256 455 Bekker.
1289 412 1440 452 Anecd.
1472 409 1542 460 51,
1573 412 1642 453 26.
1691 412 1821 466 axibus

258 500 391 527 versus
421 482 658 534 anapaestiei
689 480 847 520 videtur
868 490 950 517 esse
971 474 1187 514 MeinekiO.
1218 467 1402 523 ὑπέρφευ
1425 469 1569 509 Aesch.
1590 469 1698 510 Pers.
1722 469 1819 514 820.
1860 523 1862 526 Ι

257 546 334 595 Ag.
366 544 459 581 377.
491 540 628 590 Eurip.
660 538 776 577 Herc.
809 536 886 575 fur.
923 534 1045 573 1321.
1078 530 1285 570 Phoeniss.
1321 528 1417 569 550.
1745 550 1747 552 -

991 643 1076 688 360

457 724 543 784 ἆρά
571 744 637 784 γε,
669 721 704 770 ὦ
729 724 843 779 ’τάν,
876 722 1136 780 ἐθελήσετε;

371 814 501 854 Schol.
541 811 745 861 Aristoph.
784 809 891 848 Plut.
932 809 983 847 66
1021 809 1061 847 et
1099 807 1208 848 Suid.
1239 799 1272 845 ὦ
1298 801 1407 844 ’τάν·
1439 801 1500 843 ’ὅτι
1529 799 1578 843 οὐ
1614 795 1714 854 πρὸς
1751 799 1826 843 ἕνα

259 869 382 925 μόνον
412 868 453 909 τὸ
483 864 514 908 ὦ
541 865 643 919 ’τάν,
673 864 769 906 ἀλλὰ
800 863 868 904 καὶ
897 862 1004 922 πρὸς
1027 862 1117 906 δύο.
1146 861 1214 903 καὶ
1244 864 1443 915 Κρατῖνος
1473 863 1558 900 κτλ.
1589 860 1700 901 Suid.
1733 857 1826 900 ἕθε-

258 928 430 981 λήσετον.
459 940 548 967 cum
569 926 677 965 duali
693 923 947 973 coniungitur
971 921 1000 960 ὤ
1023 917 1112 960 ’τάν
1133 921 1341 971 Aristoph.
1372 919 1479 959 Plut.
1513 919 1580 967 66,
1612 931 1702 958 cum
1731 917 1825 970 plu-

261 987 334 1026 rali
364 984 527 1024 Timool.
561 985 625 1022 18.
657 982 706 1021 cf.
737 980 980 1030 Nicophont.
1015 979 1079 1018 29.
1109 978 1319 1018 Ruhnken.
1341 977 1444 1016 Tim.
1467 977 1563 1016 281.
1596 975 1704 1026 apud
1732 974 1827 1015 Pla-

260 1046 393 1083 tonem
424 1041 544 1091 Gorg.
575 1039 696 1078 4471)
726 1038 774 1077 ab
805 1036 1037 1076 Heindorfio
1069 1037 1175 1075 stare
1205 1036 1311 1075 malo
1341 1047 1462 1085 quam
1492 1034 1542 1073 ab
1572 1032 1871 1094 Ruhnkeniom*

266 1101 316 1139 ef.
348 1099 445 1138 Lob.
478 1097 600 1148 Soph.
629 1096 692 1135 Ai.
727 1096 822 1134 191.

995 1169 1072 1212 36]

463 1230 628 1286 σφάττε
659 1230 786 1284 δαῖρε
815 1226 965 1269 κόπτε.

388 1314 593 1365 Κρατῖνος.
634 1312 762 1352 Schol.
792 1310 998 1361 Aristoph.
1037 1310 1116 1350 Av.
1154 1310 1250 1350 365.
1297 1307 1409 1361 δαῖρε
1445 1308 1549 1348 Lob.
1589 1308 1746 1348 Buttm.
1787 1306 1831 1347 II

269 1368 363 1423 148]
394 1369 508 1422 δεῖρε.
996 1420 1081 1463 362

376 1505 503 1545 Schol.
535 1503 737 1553 Aris'noph.
769 1503 888 1554 Vesp.
921 1505 1000 1542 352
1032 1504 1231 1556 Κρατῖνος
1269 1499 1460 1556 μύρμηκά
1494 1513 1594 1555 φησι
1632 1500 1704 1543 τὸν
1741 1499 1831 1556 σέρ-

266 1577 355 1611 φον,
386 1563 426 1601 οἷ
450 1558 493 1599 δὲ
523 1558 697 1610 ζωύφιον
725 1559 984 1607 κωνωπώδες.
1045 1561 1251 1600 Dobraeus
1295 1557 1456 1613 Κράτης
1503 1557 1830 1614 (grammaticus)

269 1634 339 1671 pro
370 1621 574 1671 Κρατῖνος.
605 1618 674 1657 sed
702 1618 833 1658 nescio
864 1630 934 1657 cur
962 1630 1043 1657 non
1073 1618 1180 1669 apud
1210 1617 1417 1658 Cratinum
1449 1615 1595 1671 σέρφος
1625 1631 1674 1658 ea
1703 1617 1832 1670 signi-

267 1677 448 1716 ficatione
476 1674 644 1715 inveniri
672 1675 859 1725 potuerit.

1001 1751 1086 1794 363

381 1834 509 1875 Schol.
539 1833 655 1873 Hom.
686 1834 797 1876 Iliad.
828 1835 873 1883 2,
908 1835 960 1874 56
1000 1830 1192 1873 ἐνύπνιον
1228 1828 1464 1887 ὀνοματικὸν
1500 1832 1698 1888 ἐπίρρημα
1735 1866 1744 1876 .
1777 1864 1788 1875 .
1821 1864 1832 1874 .

270 1890 348 1930 ἔστι
376 1890 419 1930 δὲ
449 1888 514 1929 καὶ
544 1887 681 1941 ὄνομα.
713 1890 780 1930 δεῖ
802 1892 999 1943 Κρατῖνος
1029 1886 1244 1944 θράττει
1273 1906 1327 1943 με
1366 1885 1417 1932 τὸ
1456 1890 1714 1932 ἐνύπνιον.
1776 1891 1835 1932 sio

268 1950 358 1988 Par.
389 1949 518 1987 Amst.
551 1946 616 1986 δεῖ
638 1951 796 2000 κρατεῖν
825 1944 879 1995 ὥς
909 1946 1200 1998 δραπετεύοντα
1230 1942 1274 1988 τὸ
1303 1946 1495 1989 ἐνύπνιον
1531 1949 1614 1990 BL.
1645 1946 1832 2002 κράτιλος

269 2003 431 2057 θράττει
459 2001 531 2054 μὲν
561 2000 748 2044 ἐνύπνιον
776 2004 825 2044 V.
857 2008 1051 2057 κρατῑνος,
1087 2001 1251 2058 θράττει
1285 2004 1360 2058 μὲν
1389 2004 1432 2046 τὸ
1463 2004 1657 2046 ἐνύπνιον
1694 2005 1828 2046 Cram-

271 2062 417 2101 Anecd.
454 2061 543 2100 Par.
579 2061 640 2100 III
679 2063 779 2111 148,
823 2064 860 2103 6.
920 2061 1106 2103 Cratinus
1145 2063 1231 2104 sine
1268 2064 1390 2104 dubio
1429 2065 1584 2105 dixerat
1620 2060 1836 2117 θράττει

270 2132 324 2169 με
354 2113 669 2158 τούνύπνιον.
701 2119 748 2158 cf.
780 2118 964 2159 Pherecr.
998 2120 1066 2159 39.

1003 2230 1089 2273 364

394 2321 522 2360 Schol.
554 2321 670 2362 Hom.
700 2322 815 2363 Iliad.
849 2325 920 2372 18,
954 2324 1034 2363 521
1075 2324 1403 2373 πισσοκονίας
1436 2323 1583 2379 ’Ἀρην
1626 2325 1837 2378 Κρατῖνος.

288 2377 506 2428 Hesychius
536 2377 732 2428 κωνῆσαι·
769 2378 837 2419 καὶ
864 2379 1165 2431 πισσοκώνητον
1202 2380 1328 2435 μόρον
1363 2380 1546 2435 λέγουσιν
1581 2379 1681 2421 ὅταν
1716 2380 1841 2437 πίσσῃ

280 2431 604 2486 καταχρισθὲντες
635 2432 736 2483 τινὲς
777 2433 856 2475 ὑπὸ
895 2434 1021 2489 πυρὸς
1058 2434 1334 2482 ἀποθάνωσιν.
1395 2437 1596 2491 Αἰσχύλος
1633 2437 1841 2492 Κρήσσαις

280 2488 345 2553 καὶ
375 2491 581 2542 Κρατῖνος.
613 2492 856 2532 πισσοκωνία
886 2487 958 2546 γὰρ
988 2493 1013 2545 ἡ
1045 2499 1124 2535 νῦν
1152 2495 1275 2535 πίσσα
1304 2490 1332 2550 ᾗ
1361 2495 1515 2548 χρίουσι
1545 2494 1592 2536 τὰ
1612 2495 1839 2549 παρίσθμια

279 2560 356 2584 των
384 2545 605 2598 προβάτων.
640 2552 688 2588 ve't
724 2548 1008 2604 πισσοκωνήτῳ
1045 2551 1160 2604 πυρί·
1199 2552 1322 2607 πίσσῃ
1360 2552 1559 2606 χρίουσιν,
1597 2551 1667 2592 ἵνα
1703 2547 1840 2604 τάχιον

278 2602 546 2667 κατακαίτῑται.
577 2610 757 2656 κωνῆσαι
786 2604 831 2645 δέ
862 2605 943 2646 ἐστι
982 2605 1025 2647 τὸ
1061 2613 1343 2662 περιενεγκεῖν.
1402 2611 1522 2650 Phot.
1553 2604 1840 2664 πισσοκωνήτῳ

277 2658 375 2710 πυρί
386 2670 395 2679 ·
426 2673 476 2712 τῳ
508 2656 703 2715 εὐκαύτῳ·
735 2661 817 2702 ἐπεὶ
839 2662 885 2702 τὰ
907 2663 1098 2715 καιόμενα
1118 2665 1242 2720 πίσσῃ
1262 2665 1422 2718 χρίεται.
1483 2665 1682 2718 Αἰσχύλος
1702 2664 1839 2718 Κρήσ-

282 2724 370 2779 σαις
402 2713 503 2765 (113
533 2715 716 2771 Nauck.)-
748 2720 796 2761 cf.
825 2721 973 2761 Herod.
1003 2721 1044 2760 II
1075 2724 1169 2772 109,
1192 2724 1244 2761 21
1275 2723 1415 2763 Lentz.
1445 2726 1552 2764 recte
1572 2725 1698 2776 igitur
1716 2723 1841 2774 Berg-

283 2771 452 2835 k·1us·R.
485 2784 518 2811 ο.
551 2773 635 2812 Att.
668 2776 746 2813 255
777 2777 1058 2828 πισσοκωνίαν,
1089 2792 1167 2829 quo
1197 2780 1339 2819 Martis
1378 2781 1614 2832 cognomine
1649 2793 1745 2820 usus
1780 2781 1843 2820 est

285 2827 513 2878 significans
535 2829 784 2880 ‘supplicium
806 2847 941 2873 eorum
961 2836 1031 2887 qui
1051 2836 1139 2886 pice
1161 2836 1277 2876 obliti
1298 2837 1616 2880 comburuntur&
1646 2838 1680 2877 si
1699 2843 1841 2875 πισσο-
