1872 3224
759 158 998 221 ιξῼΚΔΛοΣ
1572 191 1656 235 435

48 285 209 346 ΙῚ1χοιηι)
239 283 435 339 σφέτερον
464 283 586 339 δέμας
617 284 763 328 οὐδένα
799 284 947 343 κόσμον
983 289 1097 344 ἔρωτι
1133 290 1361 346 βιαζόμεναι
1390 296 1492 344 κτλ.,
1531 299 1653 337 conti-

38 369 66 405 j,
85 345 224 387 nautis
253 345 494 396 anapaestis.
554 346 849 388 Herwcrdcnus
887 363 986 400 quae
1023 350 1177 391 effinxit
1213 352 1264 392 cf.
1295 353 1442 393 Mnem.
1474 366 1564 395 nov.
1597 355 1651 394 VI

24 434 28 439 .
52 405 159 456 5350„
187 402 348 459 fallitur
377 405 546 454 uterquc
574 401 727 457 μακρόν
754 406 886 446 nescio
916 408 1021 458 quod
1052 421 1137 449 csse
1166 421 1339 460 censens,
1362 411 1424 451 cui
1455 413 1652 451 sententia

85 461 257 504 minime
298 460 503 502 convenit.
562 463 657 501 sunt
702 464 924 504 tetrametri
969 467 1226 516 anapaestici,
1277 480 1377 518 quos
1424 468 1652 509 Athenaeus

39 518 345 580 J‘4trmspositis
375 518 510 560 verbis
541 518 788 560 obscuravit:

86 607 208 652 ἄλλαι
237 606 279 651 δ’
312 606 661 664 ὑποπρεσβύτεραι
695 611 846 652 Θασίου
875 610 1041 665 μέλανος
1070 612 1187 669 πόθῳ
1217 612 1361 655 οὐδένα
1391 615 1539 667 κόσμον

24 666 265 724 'grnssqapov
292 666 465 722 θέμεναι
494 667 680 718 κοτύλαις
709 667 897 724 μεγάλαις
928 668 1118 725 σφέτερον
1147 669 1266 725 δέμας
1295 674 1406 713 οἴνου
1437 671 1630 726 ἕμέστουν.

4 758 42 800 i
84 760 201 817 ἔρωτι
227 759 463 816 βιαζόμεναι
492 764 556 803 est
583 762 785 815 glossema
813 765 984 804 nominis
1014 759 1146 819 πόθῳ,
1176 762 1309 817 ἔγχεον
1346 763 1385 813 ές
1423 767 1531 807 verbi
1570 764 1651 817 ἐμέ-

84 819 223 872 στουν,
254 834 303 862 cx
332 834 411 873 quo
440 817 585 872 μεστὸν
613 822 818 864 remansit.
879 819 1070 875 κέραμον,
1107 825 1155 862 ut
1183 823 1373 863 Herodot.
1407 825 1450 873 3,
1483 826 1506 863 6
1537 823 1649 879 (bis).

837 945 918 989 351

199 1030 430 1072 Macrobius
463 1029 662 1070 Saturnal.
695 1032 733 1080 5,
768 1030 832 1079 18,
864 1031 904 1069 4.
938 1030 963 1069 5
1001 1032 1243 1082 monstrabo,
1281 1032 1385 1072 hunc
1420 1043 1563 1072 morem
1601 1033 1652 1071 lo-

22 1095 52 1109 ’“
84 1090 232 1140 queruli
267 1092 533 1141 pervayatum
569 1086 694 1138 fuisse
729 1092 774 1128 ut
809 1087 1018 1129 Acheloum
1048 1101 1124 1138 pro
1162 1090 1299 1138 quavis
1333 1101 1438 1138 aqua
1474 1090 1651 1129 dwerent.

21 1154 30 1176 ²
83 1147 373 1198 Anas-capham
400 1150 512 1188 vetus
542 1148 709 1188 comicus
737 1147 783 1186 ιίι
811 1147 1004 1187 comoedia
1025 1145 1159 1186 Cocalo
1187 1148 1243 1187 sic
1261 1148 1330 1193 ait,
1359 1142 1489 1197 ἤμουν
1510 1143 1655 1197 Υἄγριον

83 1195 226 1259 βάρος.
285 1202 444 1259 ἤτειρεν
471 1202 548 1258 γάρ
579 1202 641 1243 τοί
665 1200 709 1256 μ’
742 1197 849 1251 οἶνος
879 1199 1059 1255 οὐμειζας
1088 1200 1194 1254 πόμα
1221 1199 1406 1257 Ἀχελώῳ.
1442 1204 1652 1254 ¹qravabar,

83 1265 238 1316 inquit,
268 1265 382 1313 vino,
413 1264 479 1304 cui
507 1276 613 1313 aqua
633 1274 724 1302 ,mm
758 1262 895 1311 fuisset
923 1262 1116 1310 admixta,
1156 1262 1198 1301 id
1226 1265 1280 1302 est
1307 1243 1421 1302 mero.
1480 1257 1650 1312 ἤτειρεν]

8 1331 10 1336 ’
83 1318 219 1374 ἤγειρε
247 1321 396 1374 Bergk.
436 1316 634 1373 οὖμειζας]
676 1315 723 1358 οὐ
751 1316 876 1372 μιγεὶς
906 1319 971 1358 hb.
1022 1319 1130 1358 ε(30(1.
1167 1331 1248 1369 reg.
1281 1319 1388 1358 9371
1421 1321 1650 1355 ΗΓΕΙΡΕΝ-

84 1377 761 1418 TAPOINOCOTMEIZACHOMA’.
793 1377 941 1428 Bergk.
967 1398 1015 1405 —
1047 1389 1128 1417 mm
1158 1377 1294 1416 excitat
1322 1388 1341 1415 e
1368 1387 1501 1416 somno
1531 1375 1653 1414 nimia

86 1437 172 1478 vini
200 1437 326 1489 potio.
388 1437 524 1487 itaque
561 1436 736 1477 Cobetus
774 1435 920 1475 Mncm.
950 1433 987 1472 V
1021 1435 1098 1474 192
1140 1431 1258 1485 ἔτειρε
1297 1434 1401 1473 conl.
1431 1432 1525 1484 Lys.
1557 1433 1651 1471 959.

0 1492 2 1550 ᾗ
47 1492 59 1502 “
86 1496 326 1547 anapaestos
369 1494 421 1534 H.
460 1493 597 1535 Iacobi
633 1490 766 1546 ἤμουν
801 1489 940 1546 ἄγριον
974 1489 980 1545 Ι
1012 1488 1150 1544 βάρος·
1194 1487 1350 1543 ἤγειρεν
1391 1487 1466 1543 γάρ
1510 1487 1571 1528 τοί
1609 1483 1650 1539 μ’

0 1562 2 1565 ’
86 1545 196 1601 οἶνος
222 1551 230 1607 Ι
254 1548 409 1606 πρόσθ’
442 1547 491 1591 οὐ
527 1549 686 1605 μιχθεὶς
721 1547 825 1602 Ἇχ.,
856 1549 1071 1602 glyconeos
1108 1547 1338 1588 Dindorfius
1374 1547 1550 1587 restituit
1584 1543 1651 1597 ἥμ.

85 1607 176 1664 ὀὲγρ.
213 1608 360 1664 βάρος·
377 1608 395 1664 Ι
421 1606 580 1663 κέίτειρε
608 1604 683 1664 γὰρ
713 1603 820 1656 οἶνος
850 1602 898 1647 οὐ
925 1604 931 1661 Ι
955 1605 1083 1660 μεγεὶς
1117 1602 1195 1657 Ἀχ.
1226 1606 1395 1646 fortasse
1423 1601 1553 1655 ἤμουν
1581 1596 1655 1643 οὖν

5 1706 8 1709 .
83 1666 230 1722 ἄγριον
257 1665 403 1722 βάρος·
431 1666 437 1723 Ι
465 1666 584 1721 ἔτειρε
613 1665 688 1721 γάρ
718 1663 762 1719 μ’
802 1659 909 1713 οἶνός
949 1661 996 1703 θ’
1036 1661 1085 1703 ὃν
1123 1659 1170 1703 οὐ
1207 1661 1322 1712 μίξας
1358 1658 1480 1701 ποτὸν
1505 1661 1511 1712 Ι
1537 1657 1651 1699 ἔδωκ’

84 1722 262 1782 Ἀχελῴῳ
289 1724 359 1767 καὶ
392 1749 458 1767 -.
516 1729 717 1777 praeterea
753 1724 795 1764 in
825 1737 861 1765 v.
894 1725 915 1762 1
954 1723 1124 1763 fortasse
1154 1721 1269 1761 scrib.
1298 1733 1394 1752 υ-υ
1421 1716 1552 1771 ἤμουν
1580 1711 1655 1756 οὖν

84 1781 231 1839 ἄγριον
258 1785 410 1838 βορᾶς
438 1779 605 1838 βάρος.

296 1941 464 1999 χρυσὸς
495 1940 519 1985 ὁ
550 1938 847 1996 Κολοφώνιος

203 2024 400 2093 μ’μνηται
427 2024 577 2095 ταύτης
603 2021 893 2078 Ἀριστοφάνης
924 2018 968 2061 έν
996 2017 1186 2071 Κωκάλῳ.
1224 2015 1375 2070 εἴρηται
1404 2011 1448 2053 δὲ
1477 2009 1653 2065 παρόσον

90 2084 133 2125 οἱ
172 2086 426 2136 Κολοφωνιοι
471 2098 541 2124 τον
580 2081 792 2123 κάλλιστον
831 2075 979 2133 χρυσὸν
1019 2074 1254 2130 ἐργάζεσθαι
1298 2071 1530 2125 νομίζονται.
1589 2067 1654 2109 καὶ

85 2138 300 2196 Ἡρόδοτος
339 2139 386 2182 δὲ
423 2136 684 2192 Κολοφώνιον
718 2140 835 2178 καλεῖ
868 2134 936 2176 τὸν
972 2132 1135 2188 ἄριστον
1170 2129 1326 2184 χρυσόν.
1390 2128 1583 2170 Zenobius
1615 2129 1653 2176 6,

90 2201 160 2241 47.
218 2199 415 2241 Herodoti
444 2201 576 2241 locum
605 2211 722 2240 nemo
752 2196 940 2248 repperit.
983 2193 1034 2233 cf.
1065 2191 1183 2243 Grcg.
1215 2189 1337 2242 Cypr.
1367 2186 1489 2239 Leyd.
1519 2187 1556 2234 3,
1587 2185 1653 2224 38.

90 2258 279 2310 Apostol.
313 2260 378 2308 18,
411 2259 479 2299 37.

822 2378 824 2380 .
845 2341 929 2386 353

298 2403 430 2455 ἰπνός

99 2524 101 2526 ,
202 2483 488 2541 Ἀριστοφάνης
527 2483 571 2525 δὲ
611 2483 656 2525 ἐν
694 2480 869 2535 Κωκάλῳ
906 2476 975 2519 καὶ
1018 2475 1088 2518 τὸν
1130 2478 1316 2535 κοπρῶνα
1359 2468 1481 2540 ρῦτως
1529 2462 1652 2532 εἶπεν.

92 2545 331 2598 Hesychius.
361 2545 504 2585 Pollux
535 2545 579 2593 5,
612 2545 663 2583 91
703 2539 772 2580 τὸν
808 2536 853 2578 δὲ
888 2540 1075 2589 κοπρῶνα
1109 2531 1175 2572 καὶ
1211 2531 1327 2571 ι’πνον
1368 2528 1652 2579 Αριστοφανης

93 2605 218 2644 καλεῖ.

845 2683 929 2728 354

302 2746 645 2806 κορινθιάζομαι
970 2748 979 2762 “’

211 2830 254 2872 τὸ
287 2830 459 2884 ἑταιρεῖν
487 2827 567 2870 άπὸ
597 2833 677 2868 τῶν
707 2825 751 2866 ἐν
771 2823 961 2878 Κορίνθῳ
990 2818 1166 2883 ἑταιρῶν.
1225 2812 1251 2867 ἢ
1282 2811 1323 2853 τὸ
1352 2806 1653 2865 μαστροπεύειν,

92 2886 385 2943 Ἀριστοφάνης
417 2887 463 2930 ἐν
491 2882 681 2939 Κωκάλῳ.
715 2884 936 2935 Stephanus
965 2879 1063 2930 Byz.
1095 2875 1310 2927 Κορινθος.
