1872 3224
215 204 300 246 314
856 192 1157 228 ΕΤΠΟΛΙΔΟΣ

220 308 295 348 sibi
325 307 485 347 videssur
516 304 643 343 adhue
672 302 785 348 falso,
817 302 863 339 ut
894 299 1026 349 putat,
1059 294 1334 335 Anaxandridi
1375 294 1572 333 tributum
1603 289 1672 348 (fr.
1705 291 1792 346 66),

218 366 259 404 id
294 377 373 403 non
404 375 542 403 vereor
571 374 620 399 ne
651 358 862 410 Eupolidis
894 369 980 396 esse
1012 355 1196 405 cuiquam
1226 351 1482 404 persuadeat.

910 479 1108 514 ΠΟΛΕΙΣ

332 556 458 620 Sicuti
488 579 531 618 in
565 572 716 628 Δήμοις
749 576 797 615 de
828 577 936 615 sssatu
976 572 1221 624 reipublicae
1262 570 1481 611 domestico
1520 571 1622 622 egita,
1659 570 1718 613 ita
1750 571 1796 613 in

217 635 362 677 Πόλεσι
396 638 500 676 cives
532 635 580 674 de
610 634 778 685 imperio
810 633 1006 673 sociorum
1036 631 1183 670 leniter
1204 628 1424 668 exercendo
1447 628 1647 669 admonet.
1687 627 1796 681 ipsas
1828 666 1835 672 .

218 696 411 736 Civitates
440 695 677 744 personatas
698 694 740 731 et
762 691 844 730 suis
874 702 1073 741 quamque
1105 687 1334 738 insignibus
1364 685 1584 726 instructas
1614 684 1796 738 singulm
1850 687 1857 698 '⁴

216 754 401 802 deinceps
430 752 475 790 in
505 751 745 790 orchestram
776 748 973 799 prodiisse
1006 749 1126 797 atque
1159 757 1259 795 quae
1290 756 1473 794 quaeque
1513 744 1620 783 esses,
1657 743 1708 784 ab
1737 743 1796 786 eis
1859 761 1872 810 4

215 811 284 861 qui
315 810 356 848 in
387 821 527 848 scaena
555 808 732 853 aderant,
765 805 881 845 sicubi
912 806 954 843 in
984 803 1138 843 Avibus
1179 801 1464 851 Aristophanis
1491 802 1532 840 et
1559 799 1795 852 Insulisufa-
1838 824 1872 846 ,2

217 870 325 907 ctum
359 868 431 913 est,
469 865 687 904 indicatum
733 876 818 902 esse
864 863 1092 913 fragmenta
1127 860 1417 898 demonstrant.
1478 859 1571 908 post.
1602 852 1797 898 Chiorum
1855 862 1858 865 ’

217 924 480 963 defectionem
497 935 587 961 oum
603 922 735 960 doceri
752 933 833 959 non
848 919 1040 970 potuerit,
1061 917 1253 957 Stilbides
1270 918 1404 955 autem
1422 911 1491 968 (ef.
1508 915 1558 955 fn.
1578 912 1682 968 211)
1697 928 1796 956 non·
1870 965 1872 970 Α

218 982 313 1020 dum
343 982 525 1020 mortuus
557 979 691 1027 fuerit,
725 977 788 1017 Ol.
823 978 875 1016 88
907 977 972 1015 vel
1003 977 1055 1015 89
1095 978 1182 1014 acta
1220 987 1305 1013 esse
1345 971 1507 1013 videtur
1546 972 1746 1013 Meinokio
1774 972 1796 1013 Ι

222 1040 315 1076 141.
349 1039 397 1079 cf.
428 1036 709 1075 Wilamowitz.
742 1034 836 1074 Obs.
870 1035 1039 1073 crit.3l.
1076 1031 1139 1072 Ol.
1172 1033 1240 1079 89,
1271 1032 1294 1069 2
1328 1030 1544 1082 adsignans
1571 1029 1796 1071 Runkelius

218 1098 260 1134 et
289 1096 473 1144 Raspius.
506 1094 554 1135 of.
588 1093 777 1133 Fritzsch.
810 1091 1019 1140 Aristoph.
1052 1091 1151 1129 Rau.
1174 1103 1213 1140 p.
1238 1089 1334 1127 448.
1367 1087 1549 1127 Mueller.
1582 1087 1795 1140 Strubing.

220 1154 300 1192 286
317 1153 408 1191 adn.

966 1259 1050 1301 205

363 1338 443 1392 οὕς
473 1339 514 1384 δ’
550 1339 635 1384 οὐκ
666 1339 725 1383 ἂν
757 1337 927 1383 εἵλεσθ’
962 1336 1064 1382 οὐδ’
1099 1337 1159 1381 ἂν
1189 1336 1404 1388 οἰνόπτας
1434 1335 1523 1391 πρὸ
1553 1340 1652 1394 τοῦ,

364 1409 471 1453 νυνὶ
503 1408 783 1466 στρατηγούς
813 1410 986 1464 ἔχομεν.
1047 1399 1082 1450 ὦ
1113 1405 1259 1461 πόλις,
1291 1402 1436 1461 πόλις,

364 1476 424 1529 ὥς
456 1476 644 1535 εὐτυχὴς
675 1475 715 1521 εἰ
744 1479 917 1534 μᾶλλον
947 1474 975 1533 ἦ
1006 1479 1157 1527 καλῶς
1186 1482 1387 1532 φρονεῖς.

339 1564 566 1602 Athenaeus
600 1565 663 1610 10,
698 1564 814 1601 425a
844 1556 944 1612 ἀρχὴ
974 1560 1074 1613 γοῦν
1105 1558 1213 1598 ἐστιν
1243 1559 1283 1598 οἱ
1316 1557 1499 1598 οἰνόπται
1536 1551 1645 1612 παρὰ
1671 1554 1798 1612 Ἀθη-

226 1619 366 1669 ναίοις,
397 1614 447 1671 ἧς
477 1618 718 1670 μνημονεύει
749 1617 793 1658 ἐν
822 1621 909 1665 ταῖς
933 1613 1109 1657 Πόλεσιν
1130 1615 1309 1663 Εὔπολις
1341 1614 1384 1655 ἕν
1415 1615 1567 1664 τούτοις
1598 1619 1677 1656 κτλ.
1718 1614 1800 1657 καὶ

225 1671 289 1727 ἦν
319 1673 344 1728 ἡ
375 1673 494 1728 ἀρχὴ
521 1672 724 1727 εὐτελής
758 1707 766 1716 .
791 1705 799 1714 .
824 1706 832 1715 .
866 1678 970 1727 τρεῖς
1000 1669 1107 1725 ἦσαν
1137 1674 1178 1714 οἱ
1203 1670 1397 1724 οἰνόπται,
1429 1672 1574 1722 οἵτινες
1604 1672 1672 1714 καὶ
1702 1688 1800 1727 παρ-

221 1737 327 1784 εῖχον
358 1737 438 1781 τοῖς
469 1731 878 1784 δειπνοῦσιλύχνους
908 1730 975 1771 καὶ
1002 1730 1264 1784 θρυαλλίδας.
1298 1745 1336 1770 v.
1370 1733 1406 1771 2.
1430 1732 1454 1770 3
1486 1725 1518 1770 ὦ
1550 1754 1604 1760 -
1635 1733 1798 1784 φρονεῖς

223 1804 303 1830 non
334 1792 469 1831 addito
508 1791 667 1830 fabulae
707 1791 871 1830 nomine
917 1789 1049 1830 Schol.
1079 1789 1285 1839 Aristoph.
1316 1789 1423 1828 Nub.
1455 1790 1536 1828 587
1576 1791 1618 1828 et
1655 1788 1799 1829 Suidas

222 1847 443 1899 δυσβουλιά
471 1844 714 1897 Ἀθηναίων.
795 1850 838 1887 2.
869 1845 1007 1899 ἔχομεν
1037 1847 1126 1887 add.
1159 1847 1417 1886 Hermannus
1449 1845 1596 1897 opusc.
1631 1846 1666 1884 V
1699 1846 1796 1886 297.
1858 1871 1864 1876 -

223 1908 456 1957 στρατηγοῖς
502 1900 676 1957 χρώμεθ’
725 1906 950 1945 Dobraeus.
1046 1905 1083 1944 3.
1124 1900 1294 1955 εὐτυχὴς
1325 1896 1363 1942 εἶ
1389 1901 1559 1958 Athen]
1591 1898 1800 1955 εὐτυχήσει

226 1962 355 2002 Schol.
387 1964 464 2002 Av.
497 1963 546 2000 V.
578 1958 756 2013 εὐτυχεῖς
787 1962 881 2002 Ald.
913 1958 1096 2012 εὐτυχεῖν
1134 1961 1245 2002 Suid.
1278 1960 1340 1999 ed.
1375 1960 1478 2001 Med.
1489 1990 1501 2012 ‚
1541 1974 1644 2012 quae
1678 1961 1799 2002 etiam

226 2022 392 2070 φρονεῖν
422 2033 494 2070 pro
525 2023 700 2071 φρονεῖς.
723 2020 841 2059 Phot.
865 2017 1065 2058 οἰνόπται·
1099 2015 1260 2069 εὐτελὴς
1290 2013 1390 2069 ἀρχὴ
1419 2013 1666 2070 Ἀθήνησιν,
1695 2030 1799 2071 παρ·

227 2073 371 2126 ε’χουσα
402 2072 572 2127 λύχνους
602 2075 669 2115 καὶ
698 2075 945 2128 θρυαλλίδας
984 2073 1028 2115 ἐν
1066 2073 1219 2127 ἑορταῖς
1250 2084 1368 2114 τισιν.
1399 2075 1572 2127 Hesych.
1594 2073 1797 2115 οἰνόπται·

228 2127 328 2183 ἀρχὴ
359 2129 532 2184 εὐτελής,
563 2130 662 2172 καθ’
694 2130 748 2184 ἣν
777 2131 1026 2186 θρυαλλίδας
1056 2131 1123 2172 καὶ
1161 2131 1333 2184 λύχνους
1371 2130 1439 2171 καὶ
1469 2130 1514 2171 τὰ
1546 2131 1709 2172 τοιαῦτα
1738 2130 1807 2172 δεῖ

229 2187 298 2228 τὸν
327 2188 538 2242 αἱρεθέντα
569 2189 742 2243 ἄρχοντα
773 2187 971 2243 παρέχειν.
1004 2190 1074 2229 ubi
1104 2191 1154 2230 cf.
1186 2191 1242 2230 M.
1274 2189 1466 2230 Schmidt„

396 2378 419 2423 ὁ
453 2384 639 2431 Φιλῖνος
668 2375 814 2435 οὗτος,
846 2383 894 2423 τί
919 2379 1006 2435 ἄρα
1037 2379 1150 2435 πρὸς
1179 2379 1350 2437 ταύτην
1379 2381 1580 2436 βλέπεις;

395 2446 478 2491 οὐκ
509 2447 796 2505 ἀπολιβάξεις
827 2450 890 2499 εἰς
919 2447 1136 2492 ἀποικίαν
1165 2449 1287 2500 τινάς

339 2531 507 2570 Bekker.
539 2532 688 2572 Aneed.
720 2534 815 2580 431,
848 2535 872 2572 8
904 2529 1161 2585 οἶπολιβᾶξαι·
1200 2527 1243 2571 τὸ
1275 2529 1487 2584 ἐκρυῆναι,
1525 2528 1605 2572 ἀπὸ
1641 2537 1712 2584 τῆς
1740 2534 1795 2572 λι-

226 2584 362 2637 βάδος.
393 2586 506 2627 ἄλλοι
535 2586 579 2627 δὲ
609 2588 742 2641 πόρρω
772 2586 969 2629 ἀπελθεῖν
1001 2620 1008 2628 .
1033 2619 1041 2628 .
1065 2619 1073 2628 .
1097 2587 1276 2637 Εὔπολις
1308 2588 1485 2630 Πόλεσιν
1513 2592 1595 2630 κτλ.
1658 2591 1695 2629 1.
1721 2589 1796 2632 ,Φι-

225 2645 332 2690 λῖνος
377 2644 616 2700 Runkelius]
664 2646 857 2694 φίλιννος.
919 2649 957 2685 2.
995 2643 1251 2697 ἀπολιβάξεις
1296 2647 1541 2688 Fritzschius
1577 2647 1696 2688 Daet.
1742 2648 1796 2686 75

226 2700 310 2739 not.
343 2703 395 2741 39
429 2703 531 2740 conl.
563 2704 768 2754 Aristoph.
801 2705 877 2747 Av.
914 2703 1041 2756 1467]
1073 2700 1337 2756 ἀπολιβάξεις.
1377 2706 1426 2744 of.
1461 2705 1579 2744 etiam
1610 2704 1795 2745 Phereor.

227 2758 294 2798 42.
316 2780 364 2785 —-
383 2759 488 2797 Plat.
514 2759 651 2810 Symp.
673 2761 763 2800 init.
786 2757 807 2800 ὁ
827 2759 1035 2812 Φαληρεὺς
1059 2755 1174 2808 οὗτος
1192 2758 1497 2812 Ἀπολλόδωρος.
1518 2762 1705 2802 Pham&
1724 2762 1795 2801 ali-

227 2815 315 2864 quis
346 2818 407 2854 est
442 2829 489 2854 ex
519 2819 796 2866 *spectatorum
834 2832 1014 2860 numero.
1053 2820 1102 2858 of.
1136 2819 1341 2870 Aristoph.
1373 2818 1495 2869 Vesp.
1529 2819 1595 2858 74.
1627 2819 1694 2858 78.
1725 2819 1795 2858 81.

228 2871 318 2912 Pac.
350 2874 446 2922 883,
478 2886 596 2922 quem
626 2887 786 2914 versum
817 2876 1003 2928 adposui,
1041 2889 1091 2915 ne
1122 2877 1211 2927 quis
1247 2889 1298 2916 ex
1332 2875 1502 2926 prologo
1539 2875 1698 2914 fabulae
1725 2887 1794 2915 ne-
