1872 3224
214 200 299 242 380
330 190 332 194 ’
871 196 1135 231 ΦΡΤΝΙΧΟΤ

981 298 1037 340 35

417 355 619 413 πηλαμύς
1365 396 1375 404 «
1852 391 1866 418 ·..

324 439 523 493 Φρύνιχος
566 438 611 479 ἐν
657 437 848 486 Μούσαις
894 437 1151 491 μνημονεύει.
1212 439 1445 479 Athenaeus
1485 441 1530 488 7,
1563 439 1647 479 319
1663 452 1700 480 8.
1734 439 1796 492 pi'·
1851 417 1872 541 Ξ

211 500 287 538 scis
319 501 391 538 est.
1870 534 1872 538 Ι

323 556 534 595 Praeterea
562 555 612 594 ad
643 555 778 595 Musas
810 567 900 594 cum
932 555 1110 606 Bergkio
1139 555 1187 594 R.
1211 568 1244 594 c.
1265 554 1354 594 Att.
1386 555 1483 596 376.
1516 555 1539 593 7
1573 553 1796 596 Meinekius
1857 553 1872 575 ³

211 614 261 652 fr.
295 615 360 652 65.
397 614 449 652 69
480 612 618 662 refert,
651 614 708 652 ita
737 615 874 653 tamen
904 615 951 652 ut
981 613 1102 653 etiam
1133 613 1182 652 ad
1215 612 1447 664 Tragoedos
1485 612 1688 664 pertinere
1725 624 1796 664 po-
1852 611 1872 653 4·-

212 671 338 710 tuisse
370 670 575 710 concedat.

916 784 1107 818 ΜΤΣΤΑῙ

324 878 498 916 Meinek.
530 877 550 916 I
585 878 675 916 158.
708 879 871 917 chorum
913 892 959 917 ex
998 879 1141 929 mystis
1181 878 1445 929 compositum
1485 877 1610 917 fuisse
1646 879 1795 917 actam·

209 949 286 985 que
318 948 403 974 esse
435 935 611 974 fabulam
643 948 689 974 eo
721 938 901 986 tempore
932 949 1010 987 quo
1041 936 1271 976 Alcibiades
1294 936 1502 975 Eleusinia
1530 934 1640 975 bello
1670 934 1794 975 inter-

211 995 330 1043 rupta
360 994 585 1032 restituerit
616 994 846 1033 coniectura
877 996 938 1033 est
968 994 1134 1046 Bergkii
1167 993 1212 1032 R.
1245 1007 1278 1034 c.
1309 992 1398 1032 Att.
1431 994 1529 1033 375.

981 1128 1037 1171 36

414 1206 608 1263 μάστιγα
640 1205 682 1250 δ’
718 1208 771 1252 ἐν
801 1215 955 1264 χεροῖν
985 1210 1102 1265 ἔχων
1134 1208 1390 1252 ἐτεύτασεν.

323 1292 488 1332 Photius
535 1289 751 1339 τευτάζειν·
789 1291 1146 1345 πραγματεύεσθαι
1180 1288 1208 1344 ἢ
1238 1294 1542 1361 σκευωρεῖσθαι
1579 1288 1608 1344 ἢ
1652 1301 1794 1361 στραγ-

208 1345 402 1402 γεύεσθαι
433 1347 501 1389 καὶ
530 1347 655 1389 πολὺ
687 1348 969 1402 διατρίβειν
999 1347 1051 1390 ἕν
1091 1355 1153 1406 τῷ
1191 1345 1363 1406 αὐτῷ.
1418 1348 1663 1403 ,Φρύνιχος
1693 1346 1792 1390 Μύ-

209 1417 320 1454 σταις
353 1409 435 1447 κτλ.
467 1410 599 1459 χεροῖν
629 1408 838 1449 Ruhnken.
872 1408 974 1448 Tim.
1008 1406 1110 1462 254]
1144 1407 1290 1460 χερσίν.
1323 1403 1535 1448 ἐτεύτασεν
1563 1407 1713 1460 Bergk.
1743 1407 1793 1448 R.

211 1478 245 1504 o.
276 1465 362 1504 Att.
393 1464 494 1516 375]
528 1467 748 1504 τευτασθαι
781 1462 906 1518 (sic).
925 1463 1150 1513 τευτάζεται
1179 1466 1393 1505 Ruhnken.
1425 1469 1468 1505 at
1497 1465 1634 1505 media
1662 1465 1795 1506 forma

209 1523 403 1561 inusitata
432 1523 607 1562 comicis.
639 1523 798 1574 flagello
829 1524 916 1563 sine
947 1524 1069 1563 dubio
1101 1524 1135 1563 is
1166 1524 1215 1563 de
1252 1537 1332 1575 quo
1371 1526 1560 1563 narratur
1597 1522 1648 1562 ad
1686 1534 1793 1563 coer·

209 1580 355 1619 cendos
386 1593 522 1619 servos
553 1580 752 1619 utebatur.
786 1580 835 1620 cf.
867 1581 1073 1632 Aristoph.
1109 1581 1186 1632 Eq.
1219 1582 1287 1621 59.
1320 1582 1387 1621 64.
1421 1582 1487 1620 67.

981 1715 1035 1757 37

417 1795 678 1852 ἐβουλόμην
709 1791 768 1838 ἂν
798 1788 908 1851 ἧμιν
940 1793 1092 1851 ω’σπερ
1123 1794 1199 1839 καὶ
1230 1798 1399 1852 προτοῦ

323 1879 560 1919 Eustathius
595 1881 717 1928 1112,
750 1880 804 1919 36
829 1876 967 1927 Ἰωνες
999 1877 1043 1919 δὲ
1073 1877 1263 1927 πολλάκις
1294 1877 1339 1918 δὲ
1369 1877 1436 1919 καὶ
1452 1875 1667 1944 Ἀθηναῖοι
1695 1891 1792 1932 προ-

208 1940 431 1985 περισπῶσι
469 1933 532 1989 (τὸ
568 1932 685 1990 ἡμῖν)
725 1933 769 1976 ἕν
807 1939 980 1991 συστολῇ
1018 1941 1089 1976 τοῦ
1120 1946 1133 1973 ῖ
1166 1968 1174 1977 .
1279 1935 1483 1990 Φρύνιχος
1521 1929 1674 1991 Μυστῃ
1710 1937 1792 1977 κτλ.

209 1995 251 2032 at
280 2005 369 2032 cum
401 1994 486 2033 eius
516 2007 637 2045 quam
668 1994 906 2034 Eustathius
937 1997 1222 2035 commemorat
1242 1995 1543 2035 consuetudinis
1573 1994 1680 2046 apud
1710 1996 1791 2034 tra-

209 2051 320 2100 gicos
352 2051 513 2101 quidem
543 2052 753 2102 permulta,
784 2052 891 2102 apud
922 2054 1093 2093 comicos
1123 2055 1232 2093 certa
1270 2053 1450 2103 exempla
1486 2052 1598 2091 nulla
1635 2054 1795 2092 exstent

211 2105 280 2158 (cf.
311 2121 411 2157 quae
441 2109 721 2149 adnotavimus
752 2110 800 2148 ad
831 2109 1038 2160 Aristoph.
1072 2111 1148 2150 Av.
1183 2108 1307 2162 386),
1339 2109 1594 2150 scribendum
1633 2109 1794 2150 videtur

213 2161 443 2216 ἐβουλόμην
472 2161 527 2204 ἂν
556 2163 614 2216 νὴ
648 2164 721 2204 Δί’
753 2163 888 2218 ὥσπερ
918 2169 998 2206 κτλ.

212 2279 232 2317 f
273 2281 291 2318 t
318 2222 574 2320 1{Advll‘zgystas
604 2222 804 2275 Bergkius
835 2225 883 2263 R.
915 2237 947 2264 c.
978 2224 1065 2264 Att.
1099 2224 1182 2264 375
1225 2224 1472 2265 adsentiente
1503 2224 1704 2264 Meinekio
1733 2236 1791 2264 re-

230 2292 272 2318 er
337 2292 369 2319 r.
459 2311 468 2321 .

865 2394 1131 2429 ΠΟΑΣΤΡΙΑῘ

325 2484 385 2524 Cf.
418 2499 519 2537 quae
549 2487 600 2526 ad
631 2488 909 2538 cognominem
941 2488 1143 2540 Magnetis
1173 2488 1350 2527 fabulam
1380 2489 1673 2528 adnotavimus.

979 2600 1034 2643 38

393 2674 745 2733 αὐτοπυρίταισί
770 2676 810 2721 τ’
844 2677 998 2734 ἄρτοις
1028 2679 1103 2722 καὶ
1135 2678 1298 2722 λιπῶσι
1328 2675 1603 2735 στεμφύλοις

324 2771 554 2812 Athenaeus
576 2774 654 2822 3,1
665 2775 745 2814 100
760 2772 961 2826 Φρύνιχος
977 2770 1017 2812 ’δ’
1037 2771 1081 2813 ἐν
1098 2773 1344 2827 Ποαστρίαις
1360 2770 1628 2840 αὐτοπυρίτας
1641 2765 1788 2821 αὐτοὺς

210 2824 393 2879 (ἄρτους)
415 2830 551 2867 καλων
570 2841 697 2881 φησιν
716 2832 797 2870 κτλ.
829 2831 974 2871 Pollux
997 2833 1033 2880 7,
1057 2833 1110 2871 23
1131 2830 1278 2883 α’ρτους
1305 2830 1350 2871 δὲ
1377 2826 1643 2883 αὐτοπυρίτας
1672 2827 1788 2882 ε’ρεῖς,

210 2881 264 2931 ὡς
296 2882 340 2924 ἐν
372 2885 615 2938 Ποαστρίαις
647 2886 861 2940 Φρύνιχος.
902 2889 971 2928 ubi
1010 2885 1244 2943 διπυρρίτας
1282 2890 1334 2929 A.
1366 2889 1540 2930 correxit
1576 2901 1625 2928 ex
1662 2888 1787 2928 Athe-
