1872 3224
239 221 320 263 174
844 209 1206 247 ΦΕΡΕΚΡΑΤΟΤΣ

348 325 490 370 Pollux
512 323 575 371 10,
600 322 651 359 79
675 316 744 357 τὸν
773 313 963 368 πυθμένα
993 313 1061 354 καὶ
1089 311 1279 353 πύνδακα
1309 309 1422 351 α’λλοι
1441 324 1482 351 τε
1509 308 1578 352 καὶ
1596 310 1694 366 ww
1782 343 1807 358 ‚2

236 397 304 433 της
335 379 378 420 ἐν
399 379 549 431 Λήροις
567 352 703 441 (fimf)
724 377 805 414 κτλ.
843 374 1049 414 Dobraeus
1079 372 1183 412 Adv.
1206 371 1325 411 1578
1357 369 1538 422 λαβοῦσα
1565 365 1706 423 μένεα
1769 374 1771 376 ’
1783 371 1810 421 ]

239 438 358 488 νικαΙ
393 435 461 476 τὸν
500 425 675 474 πύνὸακ’
716 429 950 483 εἶσέκρουσε.
1012 429 1236 469 Meinekius
1274 429 1463 466 λαθοῦσα
1499 438 1574 478 pro
1609 424 1816 482 &xpm

235 510 357 535 unum
387 495 661 534 tetrametrum
700 503 783 530 esse
822 488 1068 529 existimavit
1102 485 1310 526 Bentleius
1348 484 1484 535 Epist.
1522 481 1814 548 lgemsterm

236 555 301 592 99.
347 551 542 601 Theophr.
581 548 694 588 Char.
736 549 785 586 11
831 542 1164 598 (αἰσχροκερδείας
1206 540 1306 596 ἐστὶ)
1338 539 1469 611 μέτρῳ
1507 532 1582 585 τὸν
1610 538 1820 597 minutim

235 606 522 661 ἐγκεκρουμένῳ
551 608 705 658 μετρεῖν
734 606 816 651 τοῖς
848 601 964 643 ἔνδον
995 602 1034 653 (1.
1069 615 1100 641 e.
1132 598 1273 655 servis)
1305 597 1352 638 τὰ
1384 581 1600 656 ἐπιτήδεια,
1629 598 1832 653 ἕοϊΐιίηζΑ

236 665 490 706 antecedebat
519 663 780 711 accusativus,
810 661 916 700 unde
946 660 1156 712 genetivus
1187 658 1391 708 penderet.

1709 388 1717 410 .-

369 865 514 910 ἔπειθ’
547 866 675 921 ἕτερα
705 863 879 907 τούτων
909 865 1128 905 ποιοῦντα
1159 859 1306 904 πολλοὶ
1338 858 1667 918 κυντεροίτερα.
1718 852 1732 856 ”

348 951 513 990 Photius
543 945 835 999 κυντερώτατα·
867 944 933 986 καὶ
962 943 1243 985 κυντατώτατα
1275 941 1460 997 λέγουσιν
1491 974 1499 982 .
1523 973 1534 984 .
1557 939 1802 997 .Φερεκρᾶ·
1842 941 1852 953 ²

238 1023 303 1059 της
334 1005 485 1059 Λήροις
514 1008 594 1046 κτλ.
653 1006 852 1045 Porsonus
883 1002 1015 1043 ε’πειτα
1046 1001 1112 1042 καὶ
1145 1000 1256 1055 ἕτερα
1286 1002 1312 1041 1.
1345 1015 1379 1041 e.
1411 999 1569 1054 χᾶτερα.
1618 1000 1803 1042 tonnae

237 1067 330 1105 sunt
360 1064 515 1103 dimetri
547 1060 675 1101 ἔπειθ’
709 1059 817 1114 ἕτερα
849 1059 997 1100 τούτων
1026 1065 1170 1100 ποιοῦν
1196 1060 1202 1113 Ι
1229 1075 1275 1099 τα
1305 1072 1346 1098 π.
1378 1060 1459 1099 κτλ.
1506 1058 1734 1099 Meinekiue
1762 1053 1801 1096 V
1862 1082 1872 1114 ''·.

237 1124 287 1161 27
309 1126 509 1160 πονοῦντα
528 1133 599 1171 pro
629 1123 831 1159 ποιοῦντα.
863 1133 912 1159 an
933 1116 1198 1158 παθόνταῖ
1228 1120 1275 1158 111,
1303 1113 1605 1186 κυντεροίτερος,
1634 1115 1691 1156 sic
1719 1114 1872 1157 Ho-1

235 1192 365 1218 merus
403 1175 639 1230 χειρότερος,
676 1178 935 1216 Mimnermus
974 1176 1087 1216 Stob.
1132 1178 1180 1226 7,
1217 1176 1267 1214 12
1298 1170 1562 1228 ἄμεινότερος,
1592 1168 1800 1225 Aristoph.

236 1236 310 1286 Eq.
344 1237 450 1275 1165
481 1232 772 1287 προτεραίτερος
805 1233 1026 1286 (Μοὶηθὶςη)

977 1356 1055 1399 107

437 1436 633 1480 κυάθιον
663 1433 896 1492 ἀργυροῦν

347 1521 488 1560 Pollux
519 1522 668 1569 6,105
700 1517 745 1558 τὰ
777 1516 820 1558 δὲ
850 1514 988 1572 ἀγγεῖα
1019 1524 1100 1559 τῶν
1127 1517 1268 1573 μύρων
1305 1516 1486 1572 λήκυθος
1515 1513 1700 1588 μυρηρᾶ,
1734 1514 1804 1559 καὶ

236 1573 490 1629 ἆλαβαστρος.
550 1575 797 1630 Φερεκράτης
816 1574 878 1615 δὲ
916 1574 960 1615 ἐν
997 1575 1149 1630 Λήροις
1189 1575 1323 1629 εἴρηκε
1361 1574 1429 1616 καὶ
1463 1574 1642 1616 κυᾶθιον
1675 1571 1800 1630 ἅργυ-
1827 1602 1830 1603 ⁷

237 1639 347 1685 ροῢν,
385 1629 419 1688 ᾦ
455 1631 497 1673 τὸ
535 1633 664 1700 μύρον
699 1631 784 1686 ἐγχέ
766 1647 891 1685 ομεν.
949 1634 1179 1675 Athenaeus
1219 1636 1284 1685 10,
1316 1635 1441 1675 424b
1472 1630 1727 1687 Φερεκράτης
1757 1628 1799 1673 δ’

237 1688 281 1729 ἐν
310 1690 461 1743 Λήροις
494 1687 653 1730 κύαθον
681 1687 886 1744 ἀργυροῦν
915 1687 1106 1743 ωνόμασε.

869 1828 908 1861 Μ
914 1827 1149 1862 ΕΤΑΛΛΗΣ

350 1919 469 1958 Edita
511 1921 571 1959 est
613 1921 705 1970 post
751 1921 960 1961 Teleclidis
1005 1921 1342 1973 Amphictyones,
1388 1923 1479 1961 ante
1518 1920 1800 1987 Aristophanis

237 1976 481 2026 Tagenistas
513 1977 656 2016 Athen.
689 1979 726 2026 6,
761 1978 840 2017 268
857 1991 890 2017 e.
921 1979 1028 2018 idem
1060 1981 1126 2029 15,
1160 1981 1240 2019 685
1258 1992 1280 2018 a
1309 1975 1330 2017 ὁ
1361 1991 1589 2030 πεποιηκως
1618 1975 1713 2026 τοὺς
1743 1976 1803 2026 εἰς·

237 2028 359 2070 αὐτὸν
404 2030 664 2085 (Φερεκρατη)
709 2030 1032 2086 ἀναφερομένους
1076 2010 1312 2083 Μεταλλεῖς.
1371 2035 1615 2076 Nicomacho
1659 2035 1803 2076 tribuit

237 2089 516 2129 Eratosthenes
546 2090 781 2140 Harpocrat.
816 2093 911 2132 243.
943 2088 1278 2133 οἲ.Ρ11013.εὐθῦ
1309 2091 1511 2132 Λυκείου·
1550 2089 1594 2132 τὸ
1623 2091 1680 2140 εἰς
1711 2089 1800 2132 Λύ-

237 2158 356 2196 κειον,
387 2143 486 2184 ὅθεν
510 2142 799 2199 Ἐρατοσθένης
830 2147 897 2187 καὶ
926 2147 993 2188 διὰ
1023 2155 1138 2189 τοῦτο
1173 2146 1391 2190 ὑποπτεύει
1427 2147 1521 2198 τοὺς
1560 2149 1800 2201 Μεταλλεῖς,

239 2203 387 2242 scilicet
430 2204 533 2252 quod
572 2200 697 2252 εὐθὺς
745 2205 925 2245 Λυκείου
956 2207 1027 2256 (sic
1065 2208 1172 2247 enim
1209 2204 1445 2262 legendum)
1484 2207 1690 2258 scripserit
1724 2211 1800 2258 pro

238 2254 341 2297 εὐθὺ
380 2259 568 2301 Λυκείου.
628 2263 676 2301 cf·
721 2263 859 2313 Eurip.
907 2264 1072 2315 Hippol.
1113 2266 1235 2304 1197.
1287 2265 1461 2305 Lobeck.
1505 2264 1656 2316 Phryn.
1703 2263 1799 2303 144.
1807 2262 1815 2267 ”

238 2315 463 2355 Meinek.1
500 2319 550 2356 69
596 2320 635 2357 et
672 2319 718 2358 de
754 2319 996 2360 Nicomacho
1043 2321 1064 2360 I
1103 2323 1220 2361 75-—
1230 2323 1296 2364 77.
1357 2322 1638 2362 Pherecratem
1681 2321 1800 2360 fabu—

239 2372 317 2410 lam
363 2374 583 2424 scripsisse,
627 2369 912 2416 Nicomachum
951 2376 1216 2418 διασκευάσαι
1261 2379 1395 2431 opinio
1433 2380 1494 2420 est
1531 2378 1723 2418 Meinekii
1757 2376 1800 2418 Π

239 2429 318 2468 308
336 2442 393 2479 sq.
424 2433 669 2471 mortuorum
698 2433 932 2473 felicitatem
963 2448 1058 2485 prae
1087 2436 1272 2476 vivorum
1294 2434 1528 2478 condicione
1548 2437 1686 2487 poeta
1686 2447 1800 2486 prae-

239 2485 342 2524 dicat
370 2489 486 2536 atque
515 2488 572 2526 ita
601 2502 684 2528 rem
714 2490 902 2540 instituit,
934 2495 980 2530 ut
1009 2493 1154 2532 mulier
1183 2506 1283 2544 quae
1302 2494 1353 2533 ad
1373 2493 1522 2533 inferos
1543 2492 1802 2533 descenderat
1852 2499 1866 2532 ᾗ

238 2541 279 2579 111
308 2543 452 2582 terram
481 2545 644 2585 remissa
674 2559 762 2585 cum
792 2548 879 2587 aliis
910 2549 1154 2590 mulierculis
1185 2550 1234 2589 de
1265 2563 1311 2590 ea
1338 2564 1381 2590 re
1409 2549 1702 2590 confabuletur.
1733 2548 1802 2589 de·
1815 2581 1817 2585 .

238 2598 431 2638 scendisse
447 2603 576 2640 autem
590 2603 746 2642 videtur
761 2617 832 2654 per
848 2606 1000 2644 metalli
1019 2606 1177 2647 fodinas
1194 2607 1451 2648 Laureoticas
1465 2605 1607 2662 (Mein.
1623 2606 1666 2646 H
1681 2602 1798 2658 301).

973 2739 1067 2800 108Χ

352 2811 541 2876 πλούτῳ,
559 2812 600 2855 δ’
635 2813 771 2858 ἐκεῖν’
803 2810 864 2871 ἦν
893 2816 1041 2860 πάντα
1070 2820 1447 2876 συμπεφυρμένα,

352 2877 401 2919 ἐν
431 2883 566 2923 πᾶσιν
596 2878 781 2936 ἀγαθοῖς
809 2883 957 2927 πάντα
986 2885 1157 2942 τρόπον
1187 2888 1479 2943 εἰργασμένοι·
