1872 3224
223 180 305 222 252
594 175 864 210 ΕΡΜιΠΠοΤ
887 172 1096 206 ΑΔΗΛΩΝ
1111 171 1415 206 ΠοΙΗΜΑΤΩΝ
1485 175 1490 180 ·

223 288 269 324 ut
312 298 397 324 eam
439 282 678 322 ambrosiam
717 279 976 330 adpellarent.
1026 277 1132 316 idem
1171 276 1374 327 Bergkius
1419 275 1554 317 verbis
1598 275 1792 329 Ηθῃώὶι
1838 263 1839 266 ¹

225 340 347 391 λονηῦ
376 336 494 385 αὐτὸς
523 335 698 377 ἆνιστων
727 338 768 376 in
799 337 986 375 lemmate
1008 337 1183 386 Λοκρῶν
1213 332 1408 385 σύνθημα
1438 333 1527 375 loeo
1548 333 1795 377 alienissimo

223 399 363 449 positis
410 397 618 446 Hermippi
663 395 932 446 fragmentum
979 392 1172 432 contineri
1211 392 1348 431 censet
1385 391 1554 431 λολλοῦν
1590 382 1713 446 αὐτὸς
1740 387 1798 435 ἆυ

227 453 378 494 δστιων.

981 538 1038 582 90

423 597 701 654 ναικισήρεις

335 679 402 720 καὶ
431 679 538 731 παρὰ
571 679 814 733 Φερεκράτει
842 678 910 719 καὶ
934 675 1154 732 Ἑρμίππῳ.
1187 673 1424 718 τούναντίον
1453 675 1499 718 δὲ
1527 676 1714 760 σημαίνει
1743 680 1798 736 τῷ

227 735 960 790 ἅληθεύειν.Ρ110’ῡίιιε.οἱΡΙιοτεοτ.
995 737 1090 776 222.

981 848 1034 891 91

425 905 580 963 ὀξίνην

341 988 410 1029 τὸν
441 984 564 1040 οἶνον,
594 986 667 1029 οὐκ
697 986 846 1039 ὀξίναν.
878 987 945 1028 καὶ
970 987 1199 1041 “Έρμιππος
1238 987 1305 1030 καὶ
1339 988 1567 1042 Φιλωνίδης
1605 986 1700 1046 (12)
1728 985 1798 1032 mil

227 1047 267 1086 οἵ
292 1045 402 1086 ἄλλοι
431 1047 610 1087 Photius.
660 1044 814 1100 ὀξίναν]
845 1044 979 1096 ὅξινον
1008 1047 1181 1086 Meinek.
1213 1047 1263 1087 cf.
1307 1041 1516 1098 Aristoph.
1559 1043 1795 1100 Eq.1304.

224 1103 342 1155 Vesp.
377 1105 496 1145 1082.
527 1105 695 1144 Bekker.
726 1104 874 1144 Anecd
913 1106 1013 1154 110,
1051 1106 1114 1144 17.
1155 1104 1354 1156 Theophr.
1387 1104 1439 1144 H.
1470 1105 1527 1157 pl.
1560 1106 1606 1156 9,
1649 1106 1722 1157 15,
1754 1106 1794 1147 3.

226 1163 262 1210 9,
298 1163 343 1199 11
352 1190 364 1213 ‚
400 1163 434 1201 1.
466 1162 637 1202 Lobeek.
668 1162 781 1201 Path.
811 1163 913 1213 prol.
946 1163 1042 1202 213.

982 1273 1037 1316 92

425 1331 677 1386 περιλέγειν

335 1413 475 1453 Pollux
508 1414 552 1463 2,
595 1415 674 1454 125
700 1411 927 1466 Ἐρμιππος
964 1411 1009 1453 δὲ
1037 1410 1057 1453 ὁ
1084 1407 1257 1481 κωμικὸς
1295 1413 1363 1455 καὶ
1399 1411 1618 1469 περιλέγειν
1653 1413 1795 1469 εἴρηκε

222 1462 264 1508 τὸ
294 1467 568 1536 περιέρχεσθαι
599 1471 651 1525 τῷ
680 1469 805 1527 λόγῳ,
838 1466 924 1511 οἷον
952 1467 1120 1524 περισσοὶ
1150 1469 1291 1525 λέγειν.
1337 1472 1510 1525 Hesych.
1548 1469 1788 1527 περιλέγειν·

222 1524 268 1564 τὰ
298 1521 464 1579 περισσοὶ
494 1526 669 1581 φράζειν.
701 1512 909 1581 Ar‘istoph.
940 1530 1049 1572 Nub.
1080 1531 1176 1570 318.

981 1641 1036 1685 93

425 1697 665 1752 πωλητῆρα

337 1779 477 1818 Pollux
508 1781 682 1823 3‚125.
727 1779 906 1834 πρατήρ,
945 1781 1200 1834 μεταβολεύς,
1237 1779 1443 1834 πωλητής·
1483 1779 1719 1836 Ὑπερείδης
1747 1779 1795 1823 δὲ

222 1831 289 1872 καὶ
318 1833 471 1887 πράτην
509 1835 669 1889 είρηκεν
700 1867 709 1876 .
743 1868 751 1876 .
786 1868 794 1876 .
825 1839 1039 1892 πωλητηρα
1075 1836 1119 1879 δὲ
1154 1838 1398 1892 ”Ερμιππος.
1428 1842 1643 1894 πωλητῆρα
1671 1840 1794 1887 Hem-

226 1891 414 1945 εἰει-11118]
447 1893 706 1946 πωλητήριον.

982 1985 1038 2028 94

425 2038 541 2081 σέων

336 2125 479 2171 σητῶν.
511 2119 637 2170 οὕτως
657 2121 896 2175 ’.Ερμιππος
927 2126 1106 2167 Photius.
1138 2128 1353 2170 Herodian.
1384 2127 1405 2167 I
1431 2096 1618 2178 427,10
1653 2128 1791 2168 Lenta.

225 2173 308 2224 σεές
347 2175 449 2216 σέων
487 2176 549 2219 ἐπὶ
586 2180 663 2219 τῶν
702 2181 921 2233 σκωλήκων
963 2180 1019 2231 ὥς
1063 2180 1161 2237 παρ’
1203 2180 1481 2238 Ἀριστοφάνει
1517 2182 1633 2240 (Lys
1675 2181 1790 2240 730)-

224 2233 354 2284 σητῶν
382 2237 624 2285 posteriores
655 2238 851 2279 dicebant.

981 2351 1036 2395 95

427 2407 788 2460 σκοπιωροῦνται

335 2483 620 2526 κατοπτεύουσι
649 2487 713 2528 και
751 2486 1142 2543 παραφυλάττουσιν.
1181 2490 1414 2546 ’Ἕρμιππος
1452 2491 1498 2535 δὲ
1526 2491 1596 2534 καὶ
1624 2490 1689 2534 ἐπὶ
1717 2497 1791 2535 τοῦ

222 2535 301 2579 ἀπὸ
330 2546 398 2592 τῆς
429 2549 582 2594 σκοπης
611 2547 795 2599 θεωρεῖν.
827 2548 958 2589 Schol.
981 2550 1190 2602 Aristoph.
1215 2551 1337 2603 Vesp.
1361 2554 1457 2593 361.
1495 2549 1672 2606 σκοπῆς]
1694 2560 1788 2590 σκο-

224 2602 321 2644 πιας
351 2599 454 2637 Fl.or
486 2600 630 2644 Christ.
662 2617 755 2644 usus
786 2607 849 2645 est
878 2620 923 2646 eo
955 2607 1076 2647 verbo
1106 2609 1229 2648 etiam
1259 2609 1359 2649 Xen.
1391 2608 1545 2662 Cyneg.
1577 2610 1617 2658 9,
1649 2609 1690 2648 2.

980 2717 1035 2760 96

426 2766 653 2824 σωδοὲριον

322 2845 563 2901 ”Ἐρμιππο’ς,
594 2850 636 2890 τὸ
666 2849 741 2904 ὑφ’
773 2851 889 2908 ἡμῶν
918 2852 1145 2910 σουδάριον.
1176 2859 1323 2900 Moeris
1344 2861 1443 2910 209,
1467 2861 1534 2900 19.
1564 2859 1659 2900 ‘nisi
1688 2858 1787 2913 Epi.
