1872 3224
702 173 932 210 AHMOTAI
957 194 1001 200 —
1026 176 1147 211 01101
1628 180 1710 223 231

3 281 14 330 ξ’
94 321 96 323 ,
104 279 385 330 transscripsi
425 278 523 319 haec
562 281 608 319 ut
646 282 833 331 corrupta
869 283 1033 322 exstant
1070 283 1113 322 in
1152 283 1368 324 codicibus.
1398 329 1402 333 ,
1455 287 1503 325 2.
1535 282 1710 343 ώκερασ-

1 377 4 392 ,
125 350 248 390 γενου
277 333 332 389 Β]
366 332 543 407 ὤκαιρας
584 350 703 389 γενου
734 338 854 378 PVL.
946 341 984 380 3.
1017 335 1215 380 οὐκαστοῦ
1247 340 1298 395 Β]
1340 337 1414 381 οὐκ
1444 337 1581 386 ἆστοῦ.
1670 346 1709 383 4.

122 391 296 442 παυθεὶς
325 392 382 448 Α]
430 387 582 442 καῦθις
621 394 845 435 VL.‹5150
883 395 1048 450 Dindf.]
1089 394 1183 440 δύω.
1222 399 1421 452 Bergkius
1467 401 1511 442 R.
1550 415 1582 443 0.
1621 403 1709 442 Α11.

47 495 81 513 ὁ
122 453 206 493 317
235 465 275 494 v.
301 453 323 491 1
355 448 597 503 πεινώμεθᾎ
630 467 670 493 v.
694 455 718 492 2
741 446 838 519 πρὸς
870 451 979 493 τοῦτ’
1012 450 1119 503 οἶνος
1149 457 1179 495 ὠ
1202 454 1319 509 κέρας
1340 457 1460 510 γενοῦ
1491 457 1576 512 (vel
1597 453 1709 498 οἶνον

59 523 75 555 ·,’
123 524 179 541 ·-
199 503 348 562 δίδου),
379 524 418 550 v.
442 511 467 550 3
490 505 565 558 κάς
588 515 656 549 τοῦ
679 508 873 563 καπήλου,
905 526 943 552 v.
965 514 990 551 4
1012 508 1181 561 κεύθὺς.
1214 514 1420 555 Herwerd.
1446 517 1710 557 Μ110111.11ον.

121 567 182 608 VI
202 569 256 608 58
289 564 424 607 ἔπειθ’
457 565 557 607 ὅταν
585 567 726 619 πείνης
748 569 941 621 μεθείσης
963 568 1056 621 δῖψ’
1081 569 1169 625 ἔχῃ,
1202 574 1322 622 atque
1351 573 1407 612 sic
1427 586 1469 612 re
1490 587 1586 614 vera
1607 574 1707 613 Her-

90 646 94 649 ·
120 626 306 678 mippum
344 627 551 677 scripsisse
583 627 789 676 opinatur.
836 628 1035 680 Bergkius
1072 629 1237 669 deorum
1280 630 1512 670 felicitatem
1550 633 1708 682 praedi-

38 698 56 713 -÷
91 714 94 717 Δ
120 685 202 725 cari
226 683 411 735 putabat,
439 685 508 735 qui
529 684 768 724 Amaltheae
786 698 907 725 cornu
925 687 987 725 usi
1007 686 1205 738 quidquid
1227 687 1488 727 conlibuisset
1508 690 1708 739 extemplo

119 741 336 791 haberent,
385 741 433 781 G.
470 743 727 782 Hermannus
768 740 872 796 (Ien.
915 744 1012 795 allg.
1053 744 1135 784 Lit.
1169 747 1219 786 zt.
1261 746 1390 794 1842,
1424 744 1525 798 508)
1576 747 1709 786 nescio

42 831 50 850 ‚A
96 812 244 852 vquem
274 799 387 851 loqui
418 801 711 854 suspicabatur,
743 801 813 852 qui
844 814 885 840 se
916 801 1152 842 fluviatilem
1193 802 1312 841 deum
1353 815 1437 842 esse
1476 804 1707 854 simularet3

119 857 348 898 Meinekius
390 858 562 909 denique
605 856 743 909 (Anal.
787 859 876 899 crit.
917 859 1014 898 Ath.
1058 857 1158 911 193)
1197 859 1413 899 barbarum
1443 861 1596 909 induci,
1641 863 1710 912 qui

17 904 51 935 Τ
119 913 315 956 πίνεσθαι
344 917 386 956 et
416 914 626 967 ὃιψῆσθαι
686 917 839 956 diceret
876 919 923 956 ut
959 917 1076 956 Datis
1109 913 1336 970 (Aristoph.
1368 917 1459 958 Pac.
1494 919 1595 968 291)
1627 917 1708 969 χαί·

117 986 248 1026 ρομαι,
288 974 388 1013 mihi
425 975 663 1025 neutiquam
695 976 854 1014 constat
884 987 1014 1025 neque
1045 975 1142 1025 quid
1172 974 1236 1014 hic
1278 975 1331 1015 sit
1372 972 1567 1026 εὔχεσθαι
1606 974 1705 1027 πρός

118 1045 177 1080 τι,
207 1044 338 1082 neque
369 1044 440 1071 0111·
470 1030 526 1079 εἰς
558 1036 630 1070 τοῦ
659 1030 844 1083 καπήλου
876 1032 1033 1071 dicatur
1061 1045 1133 1083 pro
1156 1031 1212 1079 εἰς
1234 1027 1430 1083 καπήλου,
1461 1046 1591 1083 neque
1611 1034 1707 1083 quid

118 1090 172 1129 sit
208 1087 388 1139 παίζων,
426 1102 559 1140 neque
599 1089 772 1141 denique
813 1091 903 1155 quis
944 1091 1008 1129 cui
1047 1092 1246 1140 precetur.
1300 1090 1348 1129 de
1384 1091 1467 1130 vini
1507 1092 1707 1141 tempera-

115 1148 253 1186 mento
284 1146 335 1186 cf.
368 1147 515 1205 Eupol.
550 1148 589 1186 8.
623 1148 657 1187 si
687 1148 784 1198 quid
815 1148 857 1204 111
885 1149 1000 1187 tanta
1028 1150 1146 1187 nocte
1177 1160 1316 1197 cerno,
1348 1148 1391 1187 in
1424 1162 1460 1188 v.
1485 1149 1508 1186 2
1534 1150 1701 1188 exeunte

115 1205 221 1279 latet
250 1197 394 1244 οἶνον
424 1205 477 1244 εὐ
510 1202 824 1258 κεκραμένον
834 1200 1198 1259 (κεκερασμένου).

894 1316 950 1359 26

670 1396 827 1455 ὥσπερ
860 1397 913 1440 αἱ
937 1396 1197 1454 κανηφόροι

294 1473 526 1511 λευκοῖσιν
557 1464 821 1523 ἄλφίτοισιν
854 1467 1207 1522 ἐντετριμμένος.

288 1539 338 1580 Β.
373 1535 462 1592 ἐγώ
494 1534 537 1578 δ’
572 1535 772 1588 ἐνέκαψα
804 1536 1057 1578 λανθάνων
1078 1533 1172 1590 ,τήν
1204 1534 1509 1591 διφροφόρον.

233 1619 366 1663 Schol.
388 1620 599 1671 Aristoph.
622 1620 699 1659 Av
725 1619 833 1659 1551
859 1622 945 1666 ταῖς
967 1617 1216 1672 κανηφόροις
1238 1614 1442 1659 σκιάδειον
1470 1616 1538 1657 καὶ
1559 1617 1706 1667 δίφρον

113 1674 339 1718 ακολουθεῖ
363 1693 420 1726 τις
451 1675 609 1729 ἔχουσα.
637 1673 864 1730 Ἑρμίππου
898 1677 1012 1716 Θεῶν
1041 1678 1122 1718 κτλ.
1214 1677 1252 1715 2.
1276 1673 1574 1728 ἐντετριμμένος
1606 1676 1703 1715 Mei-

113 1734 228 1790 nek.]
261 1733 587 1787 ἕντετριμμένοις.
677 1736 716 1774 3.
749 1732 930 1785 ἕνέκαψα
969 1734 1162 1775 Valcken.
1195 1734 1343 1776 Herod.
1375 1735 1411 1782 2,
1446 1735 1513 1781 93,
1546 1729 1702 1772 λανθα-

117 1808 203 1834 νων
232 1794 440 1834 Porsonus
472 1793 581 1844 App.
617 1793 764 1843 Toupii
802 1793 969 1832 Emend.
1001 1806 1040 1842 p.
1077 1789 1181 1844 445]
1222 1788 1338 1831 ἕνεκα
1378 1789 1597 1840 ψαλοὶθων.
1649 1790 1701 1829 ef.

116 1853 329 1903 Aristoph.
361 1851 469 1891 Eccl.
495 1852 589 1890 732.
622 1851 699 1890 Av-
724 1851 833 1890 1551
867 1862 957 1888 cum
987 1851 1155 1899 interpr.
1187 1853 1431 1899 quamquam
1463 1849 1511 1887 de
1543 1848 1652 1887 sellis
1682 1861 1704 1886 a

115 1909 402 1961 diphrophoris
432 1910 476 1948 in
506 1908 822 1959 canephorarum
860 1920 977 1947 usum
1008 1907 1181 1956 portatis
1211 1906 1329 1945 hodie
1360 1905 1537 1944 dubitari
1568 1904 1701 1944 video.

114 1968 271 2007 scilicet
301 1967 442 2006 dicunt
472 1965 591 2006 sellas
621 1978 704 2004 non
734 1966 868 2004 minus
898 1977 1021 2014 quam
1052 1976 1190 2003 urceos
1221 1966 1263 2002 et
1291 1976 1412 2002 urnas
1444 1962 1543 2011 (τῶν
1564 1957 1700 2012 ὑδρια-

113 2021 271 2078 φόρων)
302 2024 353 2062 ad
384 2023 622 2074 adparatum
653 2022 748 2061 deae
779 2034 936 2061 sacrum
966 2021 1183 2072 pertinere.
1217 2021 1422 2059 Michaelis
1454 2020 1698 2058 Parthenon.

113 2083 210 2122 213.
250 2083 419 2131 utraque
459 2080 661 2120 sententia
699 2079 886 2118 mutilata
924 2081 1004 2127 est,
1045 2078 1172 2117 altera
1210 2078 1339 2126 initio,
1373 2078 1502 2116 altera
1534 2077 1576 2115 in
1607 2077 1698 2117 fine.

111 2153 205 2179 nam
235 2149 378 2190 neque
405 2138 503 2188 quid
533 2138 567 2176 is
606 2137 675 2188 qui
713 2138 918 2176 λευκοῖσιν
954 2131 1180 2184 αλφίτοισιν
1211 2131 1507 2186 ἐντετριμμένος
1550 2134 1696 2173 dicitur

111 2198 270 2244 fecerit,
314 2200 444 2246 neque
491 2194 589 2246 quid
627 2194 729 2233 alter
765 2193 834 2233 ille
873 2194 1129 2233 devoraverit
1169 2188 1262 2246 (τὴν
1302 2189 1554 2244 ὃιφροφόρον
1593 2192 1698 2230 enim

110 2254 327 2294 manifesto
371 2252 519 2303 pendet
560 2265 583 2290 a
626 2248 867 2305 λανθάνων)
912 2252 1009 2290 satis
1050 2251 1222 2290 constat.
1274 2249 1462 2299 conloqui
1509 2248 1700 2287 videntur

111 2313 191 2351 duo
227 2312 298 2362 qui
332 2311 375 2350 in
411 2310 784 2349 Panathenaeorum
821 2321 973 2359 pompa
1011 2308 1212 2348 communi
1252 2307 1431 2347 omnium
1469 2305 1615 2356 gaudio
1656 2307 1697 2343 et

111 2370 325 2409 securitate
364 2367 479 2408 abusi
516 2367 649 2407 iocoso
690 2367 799 2406 furto
830 2367 963 2406 nescio
996 2366 1093 2416 quid
1125 2365 1420 2414 surripuerant.
1465 2363 1534 2402 scd
1565 2374 1696 2412 neque

110 2427 312 2466 Meinekio
343 2425 461 2465 credo
492 2424 701 2476 pecuniam
732 2425 960 2473 surreptam
991 2436 1076 2462 esse
1108 2422 1308 2472 opinanti,
1341 2433 1469 2470 neque
1501 2419 1692 2458 Wilamo-

63 2489 65 2491 ’
113 2485 244 2524 witzio
266 2483 404 2523 Herm.
426 2483 502 2521 VII
526 2483 619 2531 141,
651 2482 721 2532 qui
753 2482 998 2520 Mercurium
1029 2483 1069 2519 et
1100 2479 1253 2518 Sosiam
1277 2479 1452 2529 aliquem
1482 2477 1694 2515 hominum

110 2541 252 2581 turbae
272 2555 325 2589 ,se
356 2541 607 2580 inmiscuisse
638 2542 684 2578 ut
714 2539 979 2589 canephoram
1001 2532 1196 2590 (Hersen)
1217 2538 1258 2575 et
1288 2534 1605 2585 diphrophoram
1626 2533 1698 2572 ad-

113 2599 378 2650 grederentur
409 2598 593 2638 coniecit.
613 2596 724 2647 quid
756 2596 863 2635 enim
895 2598 982 2634 tum
1014 2591 1227 2643 ἐνέκαψαὶ)

890 2706 943 2749 27

376 2789 453 2832 καὶ
483 2787 596 2845 πρὸς
627 2788 800 2843 κύβους
831 2784 983 2842 ἕστηκ’
1016 2787 1135 2840 ἔχων
1164 2783 1213 2826 τό
1248 2781 1428 2838 κήθιον.

230 2874 364 2915 Schol.
403 2873 530 2913 Arist.
570 2872 692 2925 Vesp.
727 2871 809 2912 674
847 2867 1027 2922 κηθάρια
1066 2865 1133 2907 καὶ
1171 2863 1385 2922 ὀξύβαφα,
1424 2863 1463 2915 ἐξ
1503 2858 1563 2904 (ὗν
1600 2861 1692 2912 tous-¹
