1872 3224
744 197 906 233 ΒΑΒΤΛ
914 202 1054 237 semor
1596 213 1682 257 409

320 367 441 430 ἀνὴρ
472 376 666 434 πεδήτης
697 380 821 424 ἰτέαν
852 384 1100 441 ἐνημμένος

27 504 28 507 ¹
73 499 81 516 i
225 456 468 498 Eustathius
500 461 595 510 911,
629 465 680 503 63
712 461 780 503 καὶ
811 463 915 514 ἰτέας
946 466 991 507 δέ
1021 484 1131 518 τινας
1170 468 1343 522 ἀσπίδας
1372 476 1514 526 Αἴλιος
1539 480 1681 520 Διονύ-

51 514 211 571 οως
223 512 392 566 ἱστορεῖ,
424 514 561 571 φέρων
590 517 659 558 καὶ
697 527 839 574 χρῆσιν
877 522 916 574 ἐξ
950 522 1258 579 Ἀριστοφάνους
1289 531 1438 586 ταύτην
1468 538 1548 576 κτλ.
1589 539 1681 578 haec

51 569 395 623 ἶεἐΐ*σι’)ῑιῑιῑκῑοιιιιε
426 588 518 615 cum
549 577 734 622 Eustath.
770 582 890 631 1542,
922 584 976 622 48
1007 587 1047 624 et
1076 586 1191 626 Phot.
1223 588 1367 642 στίγων
1396 589 1463 645 (fr.
1496 591 1580 648 97),
1615 597 1679 635 vix

107 629 244 681 potest
273 629 442 672 dubium
474 647 560 674 esse
592 637 690 687 quin
720 638 770 678 ad
800 639 1043 691 Babylonios
1082 645 1319 694 pertineant.
1362 650 1410 688 ef.
1444 650 1549 693 Plut.
1577 653 1677 692 Mor.

42 687 235 739 216350·
259 690 344 736 τοῖς
374 689 567 743 πεδήταις
600 691 866 748 ἐπελαφρύνει
897 693 964 738 τὸν
993 698 1140 751 δεσμὸν
1169 700 1191 742 ὁ
1222 700 1362 752 ὕπνος.
1395 708 1498 758 apud
1527 710 1678 749 Aristo-

28 747 78 814 ἶ
106 743 282 796 plisnam
311 744 490 801 πεδήτης
520 751 757 803 simpliciter
785 767 940 796 servum
969 757 1179 809 significat.

879 879 935 923 66

310 953 497 997 ἵστασθ’
532 954 694 1014 ἐφεξῆς
723 957 889 1010 πάντες
921 960 995 1004 ἐπὶ
1024 970 1144 1018 τρεῖς
1174 961 1379 1017 ἀσπίδας.

24 1062 50 1086 3
221 1035 354 1077 Schol.
377 1039 553 1090 Lysistr.
577 1041 658 1080 282
690 1040 759 1090 τὰς
781 1038 907 1092 τάξεις
937 1041 1113 1094 ἀσπίδας
1143 1045 1296 1101 ἔλεγον·
1327 1050 1395 1089 καὶ
1415 1046 1536 1099 αὐτὸς
1557 1051 1677 1091 πάλιν

18 1090 38 1143 J
97 1089 394 1147 Ἀριστοφάνης
426 1094 471 1135 ἐν
502 1098 776 1150 Βαβυλωνίοις
806 1103 887 1141 κτλ.
920 1104 1030 1143 Suid.
1061 1100 1348 1159 ἀσπιδηφόροι·
1381 1138 1389 1146 .
1424 1139 1432 1148 .
1465 1138 1475 1148 .
1504 1105 1676 1162 Ἀριστο-

26 1162 29 1163 ’
103 1149 260 1205 φάνης·
293 1150 465 1217 ἵστασθ’
497 1158 577 1195 κτλ.
610 1157 773 1198 chorum
805 1161 870 1199 vel
905 1162 1077 1212 aliquam
1107 1163 1312 1203 hominum
1352 1166 1508 1205 turbam
1546 1168 1676 1207 nescio

106 1210 199 1261 quis
234 1224 335 1250 κατα
374 1211 556 1264 στοίχους
596 1213 664 1254 καὶ
703 1214 800 1268 ζυγά
844 1220 1061 1259 consistere
1092 1221 1215 1261 iubet.
1262 1222 1312 1261 cf.
1343 1223 1418 1263 Av.
1450 1224 1546 1263 400.
1579 1225 1674 1264 448.

107 1280 198 1313 cum
228 1269 277 1308 fr.
311 1271 393 1310 633
425 1272 636 1324 coniungit
665 1273 907 1315 Fritzschius
938 1276 1036 1316 Bab.
1069 1278 1134 1317 25.

0 1387 17 1438 {f
122 1413 124 1415 >
870 1398 925 1442 67

306 1468 346 1518 οἷ
377 1478 495 1532 Ζεῦ,
530 1475 580 1519 τό
609 1479 757 1534 χρῆμα
787 1480 864 1534 τῆς
892 1482 1102 1531 νεολαίας
1132 1477 1191 1532 ὥς
1221 1481 1373 1525 καλόν.

214 1558 384 1600 Photius
417 1560 621 1600 νεολαίαν·
653 1559 725 1613 τὴν
747 1561 911 1614 νεότητα
935 1563 1258 1616 τετρασυλλάβως
1279 1566 1320 1605 οἱ
1332 1562 1510 1605 Ἀττικοί.
1544 1569 1670 1620 Βαβυ-

101 1614 260 1664 λωνίοις
291 1619 374 1658 κτλ.
426 1618 609 1666 νεολαίας
641 1619 827 1673 Porson.]
861 1619 1018 1669 νεολέας
1050 1623 1146 1671 cod„
1180 1626 1221 1662 et
1251 1625 1307 1663 sic
1339 1621 1509 1664 νεολέαν.
1555 1625 1671 1665 Phot.

71 1671 193 1721 295,
228 1676 252 1714 6
286 1675 465 1714 νεολαία·
498 1674 585 1724 νέος
615 1674 711 1724 λαὸς
741 1676 808 1717 καὶ
837 1674 885 1717 οὐ
915 1676 1038 1718 πάλαι
1074 1679 1128 1727 εἰς
1167 1677 1320 1733 ἄνδρας
1353 1678 1671 1734 ἐγγεγραμμένος.

93 1730 265 1774 Bekker.
300 1733 450 1774 Anecd.
485 1735 559 1783 52,
594 1736 646 1774 25
679 1735 859 1774 νεολαία·
898 1734 977 1775 ἔστι
1007 1734 1096 1784 νέος
1133 1735 1226 1785 λαὸς
1257 1734 1281 1789 ἡ
1322 1737 1481 1789 νεότης,
1520 1735 1616 1790 παρ’
1648 1736 1671 1777 ὃ

93 1785 259 1840 γέγονεν
287 1787 313 1841 ἡ
345 1790 519 1831 νεολαία.
553 1793 658 1833 conl.
688 1793 795 1832 Nub.
831 1796 851 1832 1
886 1794 1080 1845 Bergkius
1118 1797 1289 1845 primum
1322 1796 1479 1835 fabulae
1512 1810 1667 1835 versum

92 1845 216 1887 fuisse
247 1849 481 1898 arbitratur,
516 1863 598 1889 non
628 1854 734 1890 recte
766 1864 853 1890 meo
883 1852 1043 1891 iudicio.

866 1973 920 2015 68

299 2049 555 2107 ἀνέχασκον
587 2046 651 2102 εἷς
681 2051 868 2103 ἕκαστος
900 2053 1208 2109 ἐμφερέστατα

304 2117 584 2176 ὀπτωμέναις
614 2121 850 2177 κόγχαισιν
882 2121 956 2164 ἐπὶ
988 2124 1079 2164 τῶν
1110 2120 1373 2178 ἀνθράκων.

205 2203 438 2244 Athenaeus
478 2206 522 2253 3,
555 2206 639 2244 86f
673 2197 742 2252 τοὶς
780 2201 826 2243 δὲ
862 2199 1005 2258 κόγχας
1044 2203 1151 2244 ἔστιν
1188 2202 1320 2258 εὑρεῖν
1356 2204 1565 2270 λεγομένας
1596 2205 1662 2273 αἰαὶ

89 2263 282 2312 θηλυκῶς
311 2259 378 2300 καὶ
407 2258 641 2315 ἀρσενικῶς.
669 2258 958 2314 Ἀριστοφάνης
991 2262 1262 2315 Βαβυλωνίοις
1294 2266 1373 2303 κτλ.
1407 2262 1471 2303 ἐπὶ
1491 2278 1570 2302 των
1588 2279 1661 2302 αν-

89 2316 262 2371 θράκων
292 2315 470 2369 pertinet
501 2320 550 2359 ad
581 2316 838 2371 ὀπτωμέναις.
880 2321 1065 2361 concham
1093 2322 1266 2361 hiantem
1295 2320 1374 2360 Cio.
1407 2321 1458 2360 N.
1485 2321 1520 2362 d.
1543 2322 1579 2368 2,
1602 2322 1655 2360 48

88 2377 246 2416 confert
282 2377 532 2419 Fritzschius.
590 2378 706 2418 scrib.
750 2375 1068 2430 ἐμφερέστατοι,
1117 2378 1347 2418 adverbium
1386 2379 1493 2442 enim.
1529 2390 1657 2442 rie-que

89 2435 197 2484 apud
227 2435 398 2475 comicos
419 2448 547 2485 neque
569 2436 675 2486 apud
695 2436 867 2487 tragicos
886 2436 1102 2475 invenitur.
1135 2435 1326 2485 populum
1350 2435 1657 2473 Atheniensmm

71 2489 263 2543 ·Gorgiae
294 2492 564 2543 eloquentiam
596 2493 756 2544 stupide
777 2494 1040 2532 admirantem
1059 2493 1135 2531 dici
1156 2492 1256 2530 conl.
1271 2492 1367 2532 Ach.
1385 2492 1479 2555 236.
1504 2492 1595 2529 634.
1615 2492 1653 2529 5.

88 2548 164 2599 Eq.
189 2550 299 2589 1262
331 2549 552 2590 arbitratur
573 2550 787 2601 Bergkius,⁴
818 2550 939 2589 verba
967 2563 1054 2588 esse
1076 2549 1243 2598 Dionysi
1273 2550 1532 2587 ercontmne
1563 2548 1654 2586 red-

89 2606 222 2646 euntis
253 2610 422 2646 censent
452 2607 685 2647 Dindorfius
715 2610 756 2647 et
785 2607 1028 2646 Fritzschius
1058 2605 1210 2646 Daetal.
1248 2605 1339 2643 122.
1370 2605 1510 2655 Babyl.
1543 2605 1608 2645 53.

860 2730 915 2772 69

295 2808 412 2867 ἀνήρ
443 2827 509 2861 τις
538 2808 648 2867 ἡμῖν
681 2811 805 2854 ἐστιν
837 2806 1169 2864 ε’γκινούμενος.

203 2894 380 2945 Etymol.
411 2908 467 2934 m.
500 2895 603 2944 311,
639 2896 660 2933 1
700 2891 1004 2945 ε’γκινούμενος·
1046 2889 1316 2943 Βαβυλωνίοις
1356 2886 1655 2942 Ἀριστοφάνης.
