1838 3230
482 193 718 232 ΙΦΙΓΕΡῼΝ
742 218 784 223 -—
810 200 1009 238 ΑΔΗΛΩΝ
1034 208 1295 247 ΔΡΑΜΑΤΩΝ
1577 220 1657 262 799

113 293 222 334 unde
259 296 430 337 conicias
468 298 676 350 βουλεύειν
711 304 772 344 hic
811 306 887 347 dici
924 306 1013 357 τοὺς
1043 311 1268 363 βουλευτάς.
1317 332 1549 372 qumquam
1580 337 1649 376 pro

112 347 388 421 βουλεύεσθαι
426 358 472 395 ut
515 359 744 409 saepissime
786 365 941 416 tragici,
985 368 1040 408 sic
1086 372 1204 411 etiam
1247 374 1349 415 haud
1394 390 1479 418 raro
1517 382 1652 422 comici

113 411 286 460 ponunt.
317 411 525 465 Aristoph.
558 415 650 456 Pae.
682 420 774 459 692.
805 422 879 461 Av.
912 424 1004 464 638.
1035 425 1139 467 Eccl.
1171 429 1262 469 505.

881 556 907 599 6

199 675 202 679 .
320 628 396 671 καὶ
426 631 624 675 λεπαστά
653 633 700 688 μ’
732 630 941 687 ἁδύοινος
971 635 1188 694 εὐφρανεῖ
1213 640 1276 685 δι’
1306 643 1480 701 ἁμέρας.

156 716 162 720 “
227 710 457 754 Athenaeus
497 716 572 768 11,·
607 716 719 757 485e
756 713 1048 772 Ἀπολλοφάνης
1087 720 1130 761 δὲ
1174 725 1303 778 Κρησί
1340 730 1418 768 κτλ.
1486 729 1653 772 λεπαστά

7 782 10 784 ·
113 762 159 820 μ’
191 763 381 818 ἁδύοινος
411 767 608 825 εὐφρανεῖ
632 773 817 828 Persem]
849 775 1047 817 λεπαστὰν
1081 776 1269 821 ἆδύοινον
1301 776 1512 837 εὐφραίνει.
1559 785 1650 840 dpl-

25 839 49 852 —
112 838 185 878 ρας
215 826 410 883 ΜθίιιοΙΞ.]
442 825 601 883 ἡμέρας.
652 845 745 872 nam
775 831 927 887 δωρίζει
955 837 1131 887 quisquis
1162 839 1343 890 loquitur.

882 981 905 1022 7

226 1058 450 1111 Hesychius
487 1058 577 1100 θεοὶ
614 1062 777 1110 ξενικοί·
814 1061 919 1112 παρὰ
953 1059 1179 1116 Ἀθηναίοις
1215 1072 1398 1119 τιμῶνται
1434 1066 1503 1118 οὓς
1532 1086 1646 1111 κατα·

109 1112 213 1168 λέγει
236 1110 537 1169 Ἀπολλοφάνης
567 1115 612 1158 ἐν
640 1118 805 1170 Κρησίν.
837 1120 999 1161 Photius
1021 1123 1112 1171 616,
1138 1124 1188 1162 15
1218 1127 1258 1163 et
1285 1125 1415 1176 Etym.
1436 1140 1486 1166 m.
1510 1130 1600 1174 775,
1625 1132 1649 1168 5

106 1167 398 1242 Ἀριστοφάνης
427 1171 473 1242 ’δὲ
503 1175 779 1230 ξυγκαταλέγει
807 1177 970 1226 ξενικοῖς
999 1180 1109 1225 θεοῖς
1137 1177 1205 1219 τὸν
1224 1178 1347 1232 “Υην,
1379 1183 1444 1222 ubi
1472 1180 1646 1223 Ἀπολλο-

108 1244 244 1282 φανης
265 1232 485 1274 Memekms
505 1233 526 1273 Ι
547 1235 641 1274 267.
662 1235 712 1275 cf.
729 1235 934 1286 Aristoph.
957 1236 1003 1278 fr.
1025 1237 1118 1276 878.
1150 1238 1315 1280 Lobeck.
1338 1239 1528 1291 Aglaoph.
1553 1242 1648 1281 628.

316 1425 627 1482 Μυσικάρφης
710 1443 713 1446 ·
873 1370 898 1412 8
955 1438 957 1441 ⁴

221 1504 348 1561 ὄνομα
379 1507 700 1562 Μυσικάρφονς·
731 1503 781 1548 οὗ
808 1507 1043 1561 μνημονεύει
1077 1506 1367 1563 Ἀπολλοφάνης
1404 1507 1448 1550 ἒν
1485 1511 1643 1564 Κρησίν.

105 1565 289 1607 Photius.
336 1567 559 1619 Hesychius
595 1565 832 1620 μυσίκαρφι·
870 1564 994 1617 ὄνομα
1032 1565 1107 1620 γάρ
1154 1565 1230 1606 ἐστι
1271 1566 1558 1620 Μυσίκαρφος,
1596 1563 1646 1608 οὖ

105 1622 347 1722 μὲηὸονῖύει
367 1620 747 1723 ἒιέἒῖἈπολλοφάνης
776 1620 797 1663 ὁ
826 1621 1009 1675 κωμικός.
1048 1622 1103 1672 οἵς
1124 1638 1225 1672 τινες
1246 1622 1290 1664 δὲ
1318 1623 1388 1664 τὸν
1403 1621 1641 1678 Ἀρχίμαχον.

107 1694 128 1721 0
146 1712 155 1722 .
217 1695 261 1722 ΓΒ
280 1693 336 1722 mi
455 1713 463 1722 .

638 1794 842 1828 ΑΔΗΛῼΝ
866 1793 1131 1828 ΔΡΑΜΑΤΩΝ

864 1873 890 1915 9

219 1959 412 1999 Fabulam
450 1958 498 1997 de
535 1958 644 1998 asino
682 1956 894 1996 senectutis
929 1955 1142 1994 remedium
1178 1956 1359 2005 portante
1389 1956 1430 1993 et
1458 1957 1639 2005 serpente

103 2019 306 2058 sitientem
335 2018 418 2056 tam
447 2015 516 2055 diu
546 2028 647 2066 aqua
675 2014 847 2061 arcente,
879 2012 1002 2051 donec
1031 2011 1071 2050 id
1098 2012 1311 2051 remedium
1338 2010 1413 2050 sibi
1452 2011 1639 2059 dedisset,

103 2077 225 2117 etiam
241 2075 290 2114 ab
307 2073 580 2125 Apollophane
594 2072 740 2112 comico
756 2071 954 2110 narratam
974 2081 1058 2109 esse
1073 2068 1195 2108 refert
1209 2068 1364 2107 Aelian.
1381 2067 1431 2106 H.
1447 2080 1508 2107 an.
1521 2069 1558 2116 6,
1571 2069 1637 2107 51.

857 2203 910 2246 10

305 2264 589 2308 ὑπετέθυπτο

216 2348 259 2405 (a
279 2349 399 2390 verbo
421 2345 580 2398 τύφειν)
611 2342 817 2385 ὑπεκαίετο
835 2340 901 2382 καὶ
920 2339 1119 2381 κέκνιστο·
1147 2337 1447 2389 Ἀπολλοφάνης.
1479 2340 1639 2405 Photiua

101 2412 142 2450 et
171 2408 344 2460 Etymol.
377 2420 427 2448 m.
458 2406 552 2453 780,
577 2401 643 2445 24.
674 2399 877 2452 ἔκέκνηστο
905 2403 975 2438 τοῦ
997 2394 1303 2448 Ἀριστοφάνους
1322 2397 1452 2447 Etym.
1476 2396 1524 2435 V.
1544 2396 1638 2446 qund

102 2466 353 2508 Florentinus
382 2463 537 2511 habeat,
567 2473 647 2501 non
677 2460 841 2499 adnotat
869 2457 1044 2496 Millerus
1074 2454 1290 2507 (Melanges
1319 2450 1430 2505 294).

745 2650 1005 2658 ,ς’-’,ὴ-
