1872 3224
189 178 276 220 474
788 158 1175 208 ΑΡΙΣΤΟΦΑΝΟΤΣ

191 285 258 322 tae
288 284 417 322 instar
447 282 561 332 quasi
593 281 865 331 principatum
894 281 1007 319 tenelz
1036 278 1230 319 sodalicii.
1261 279 1389 327 fessae
1418 280 1552 319 autem
1582 278 1772 320 mulieres
1838 270 1840 275 ¹

192 342 305 379 erant
335 340 524 378 diuturno
554 339 704 384 ieiunio
735 337 969 388 choreisque
1001 338 1095 376 ante
1125 337 1236 376 actis.

942 471 1028 514 319

396 548 433 596 οῗ
466 556 557 596 Ζεῦ
589 549 880 609 πολυτίμηθ’,
914 545 1015 595 οἷον
1047 548 1288 594 ἐνέπνευσ’
1322 547 1346 595 ὃ
1377 550 1538 607 μιαρὸς

400 622 644 678 φάσκωλος
675 619 818 672 εὐθὺς
848 620 1069 678 λυόμενός
1099 635 1175 675 μοι
1205 618 1288 662 τοῦ
1318 618 1470 676 μύρου

333 696 335 698 ’
398 690 472 733 καὶ
502 691 793 746 βακκάριδος.
1247 708 1250 710 ’

306 775 539 815 Athenaeus
574 775 637 823 15,
671 774 789 815 69οᾶ
827 766 944 870 παρὰ
971 775 1129 820 πολλοῖς
1169 771 1251 811 τῶν
1280 771 1597 827 κωμῳδιοποιῶν
1626 767 1772 824 ὀνομά-

192 831 299 880 ζεταί
337 846 373 870 τι
409 827 536 883 μύρον
573 830 769 884 βάκκαρις
803 862 811 871 .
846 826 1225 899 ,Ἀριστοφάνης
1265 827 1309 869 ἐν
1350 813 1774 898 Θεσμοφοριαζούσαις

192 891 274 928 κτλ.
327 890 471 929 Pollux
506 891 684 939 10,137
726 887 796 928 ἳνα
835 886 879 928 δὲ
915 884 1179 928 ἀποτίθενται
1209 887 1255 926 αἱ
1282 885 1492 939 ἐσθῆτες.
1526 920 1534 930 .
1568 883 1774 940 ,φάσκω-
1859 854 1872 873 1

194 949 269 997 λοι,
300 942 355 995 ὦς
388 944 431 986 ἕν
467 943 896 999 Θεσμοφοριαζούσαις.
929 946 1194 998 Harpocratio
1217 943 1435 996 φάσκωλον
1465 943 1699 1015 (φάσκωλος
1729 941 1775 986 δὲ

191 1002 405 1058 Fritzsoh.)
446 1002 555 1055 πήρα
595 1019 653 1052 τις
685 1002 813 1052 οὕτως
845 1002 1020 1044 ἐκαλεῖτο
1057 999 1156 1055 παρ’
1195 999 1374 1050 αὐτοῖς.
1445 997 1775 1071 ,Ἀριστοφάνης

193 1058 621 1133 Θεσμοφοριαζούσαις
653 1063 870 1102 Erotianus
902 1062 969 1114 59,
1002 1063 1027 1102 8
1058 1062 1192 1102 Klein.
1223 1036 1437 1113 βάκχαρις”
1469 1055 1575 1110 εἶδος
1603 1055 1776 1115 βοτάνης

191 1117 258 1158 καὶ
287 1118 440 1172 μύρου,
472 1120 520 1158 ού
553 1117 621 1159 καὶ
648 1116 940 1171 Ἀριστοφάνης
959 1116 1168 1171 μέμνηται.
1199 1117 1369 1158 Photius
1400 1116 1654 1169 φασκώλιον*
1687 1117 1774 1171 ἱμα-

192 1180 417 1229 τιοφορεῖον
449 1176 522 1228 (sic
551 1176 790 1229 Porsonus)·
824 1176 1043 1228 φάσκωλον
1071 1174 1116 1216 δέ
1137 1174 1219 1215 ἐστι
1247 1174 1505 1228 μαρσίππιον.
1557 1176 1703 1216 Pollux
1735 1177 1773 1225 7,

194 1236 245 1274 79
277 1233 343 1274 καὶ
374 1230 613 1285 φασκώλους
644 1231 688 1274 δὲ
719 1232 853 1287 ἔλεγον
883 1234 925 1274 οἷ
949 1232 1111 1274 παλαιοὶ
1142 1231 1188 1276 τὰ
1220 1238 1302 1272 τῶν
1331 1232 1500 1285 ἱματίων
1539 1228 1678 1287 ἀγγεῖα
1706 1231 1777 1274 καὶ

195 1291 418 1339 θυλάκους.
480 1288 690 1332 ἐνέπνευσ’
734 1293 860 1332 Dobr.
897 1292 1085 1332 Addend.
1117 1292 1242 1332 Arist.
1278 1291 1359 1331 105
1401 1289 1548 1344 (multo
1579 1292 1671 1332 ante
1701 1290 1776 1332 Co-

191 1350 328 1389 betum
370 1350 421 1389 N
463 1350 489 1392 1.
522 1348 612 1403 57)]
653 1345 833 1390 5'71115116'.
883 1347 1080 1390 ἔπνευσε-ν
1111 1347 1355 1397 Brunckius,
1387 1362 1550 1389 caesura
1585 1348 1772 1400 pessima.

195 1409 232 1445 2.
265 1405 460 1458 λυόμενος
483 1404 784 1477 Dalecampius]
809 1405 1036 1459 λουόμενος.
1060 1407 1232 1459 Hesych.
1254 1403 1478 1460 βάκκαρις·
1510 1404 1640 1459 μύρον
1659 1402 1777 1446 ποιὸν

192 1460 273 1503 άπὸ
301 1462 494 1516 βοτάνης
532 1461 769 1516 ὁμωνύμως.
820 1463 918 1504 ἔνιοι
958 1462 1006 1504 δὲ
1043 1461 1124 1504 απὸ
1163 1462 1374 1528 μυρσίνης.
1424 1461 1536 1503 αλλοι
1573 1460 1619 1503 δὲ
1646 1457 1777 1516 μύρον

196 1516 367 1561 Λύδιον.
422 1519 502 1560 ἔστι
539 1521 583 1562 δὲ
620 1521 688 1562 καὶ
726 1520 847 1575 ξηρὸν
877 1520 1086 1574 διάπασμα
1117 1516 1160 1561 τὸ
1189 1514 1269 1560 άπὸ
1302 1526 1374 1573 τῆς
1405 1519 1528 1574 ῥίζης.
1581 1517 1631 1560 ὁ
1631 1518 1775 1575 μιαρός

193 1593 265 1630 per
295 1580 425 1619 iocum
456 1580 563 1619 dicit.

312 1752 367 1790 A.
400 1748 567 1804 ξυρόν,
600 1747 872 1804 κάτοπτρον,
903 1748 1088 1804 ψαλίδα,
1122 1748 1347 1804 κηρωτήν,
1381 1749 1552 1802 λίτρον,

310 1817 579 1874 προκόμιον,
613 1814 868 1873 ὀχθοίβους,
900 1819 1075 1873 μίτρας,
1107 1815 1392 1874 α’ναδήματα,

310 1887 548 1942 ἔγχουσαν,
581 1884 779 1943 ὄλεθρον
809 1884 890 1929 τὸν
919 1883 1090 1942 βαθύν,
1122 1885 1364 1943 ψιμύθιον,

309 1953 473 2011 μύρον,
507 1956 706 2011 κίσηριν,
738 1952 937 2012 στρόφι’,
971 1953 1422 2011 ὀπισθοσφενδόνην,

262 2033 282 2064 5
313 2023 541 2080 κάλυμμα,
573 2025 735 2079 φῦκος,
767 2021 1035 2080 περιδέραι’,
1067 2020 1414 2079 ὑπογράμματα,

310 2092 720 2148 τρυφοκαλάσιριν,
754 2092 1015 2150 ἐλλέβορον,
1048 2092 1357 2149 κεκρύφαλον,
1406 2111 1410 2115 ·

310 2159 432 2217 gont,
464 2158 736 2216 ἀμπέχονον,
768 2159 1006 2218 τρύφημα,
1038 2160 1264 2218 παρυφές,
1296 2159 1500 2216 ξυστίδα,
1586 2178 1620 2197 ·ο

312 2231 494 2286 χιτῶνα,
525 2229 786 2286 βάραθρον,
819 2231 1060 2285 ἔγκυκλον,
1092 2229 1394 2286 κομμεότριον.

314 2302 366 2342 Β.
399 2295 454 2342 τοὶ
485 2299 672 2354 μέγιστα
702 2296 746 2339 δ’
779 2297 933 2341 αὐτῶν
964 2296 1020 2340 ού
1050 2298 1194 2354 λέγεις
1223 2299 1370 2349 ταυτί;
1403 2302 1456 2339 A.
1490 2298 1537 2340 τί
1563 2297 1659 2347 δαίς
1695 2306 1697 2314 ’

244 2378 285 2409 10
315 2371 367 2410 B.
402 2367 575 2424 διόπας,
607 2365 837 2422 διάλιθον,
869 2366 1090 2423 πλάστρα,
1122 2363 1362 2422 μαλάκιον,
1393 2365 1582 2422 βότρυς,
1663 2380 1665 2383 ·

311 2437 528 2492 χλίδωνα,
560 2437 774 2492 περόνας,
806 2435 1050 2492 ἀμφιδέας,
1083 2433 1274 2492 ὅρμους,
1307 2435 1460 2490 πέδας,

314 2505 592 2561 σφραγῖδας,
624 2502 828 2560 ἁλύσεις,
861 2505 1150 2559 δακτυλίους,
1181 2502 1553 2560 καταπλάσματα,

316 2572 630 2630 πομφόλυγας,
662 2571 960 2629 άποδέσμους,
991 2570 1227 2628 ὀλίσβους,
1259 2571 1440 2628 σάρδια,

315 2639 602 2724 ὑποδερίδας,
635 2641 885 2698 ἑλικτῆρας,
918 2640 1034 2684 ἅλλα
1063 2639 1211 2684 πολλά
1239 2638 1291 2683 θ’
1326 2633 1393 2682 ὦν

247 2720 288 2751 15
319 2708 418 2753 οὐδ’
452 2708 509 2753 ἂν
540 2711 686 2766 λέγων
717 2710 846 2767 λήξαι
876 2725 953 2760 τις.

314 2806 460 2844 Pollux
492 2807 528 2854 ’,7,
563 2807 614 2845 95
647 2801 737 2845 ουδ’
769 2801 824 2844 ἀν
861 2803 924 2856 εἴη
962 2805 1121 2855 φαῦλον
1157 2800 1309 2849 τούτοις
1339 2798 1561 2841 ὑποθεῖναι
1591 2798 1698 2851 λέξιν
1727 2798 1772 2841 ἐκ

206 2862 618 2917 Θεσμοφοριαζουσαῖν
643 2859 973 2915 Ἀριστοφάνους,
1001 2858 1084 2916 επεὶ
1116 2857 1267 2899 πολλα
1299 2858 1412 2911 εἴδη
1443 2856 1487 2898 ἐν
1526 2855 1632 2913 αὑτῇ
1661 2871 1772 2911 περι-
