1872 3224
206 156 293 201 514
807 152 1191 190 ΑΡΙΣΤΟΦΑΝΟΤΣ

146 278 149 281 ’
169 296 177 300 ,
209 259 413 311 στοφάνης
435 258 479 299 ἐν
499 255 663 309 Σκηνὰς
684 257 1087 310 καταλαμβανούσαις
1108 256 1181 310 τὴν
1202 254 1437 309 ὀξυθυμίαν
1457 254 1587 306 οὕτως
1603 256 1681 309 ἔφη
1701 259 1789 300 κτλ

210 320 358 358 habent
395 319 490 356 haec
527 317 661 355 nescio
700 316 797 366 quid
833 316 975 366 tragici
1013 316 1171 356 coloris.
1232 315 1403 356 Bekker.
1435 316 1589 355 Anecd.
1621 317 1698 365 56,
1733 309 1789 357 19'

209 371 421 426 ὀξυρεγμία
460 371 527 411 καὶ
563 369 780 435 ὀξωρεγμία
819 368 1120 441 (ὀξυερεγμίαῗ)
1161 369 1204 411 τὸ
1240 368 1339 422 αὐτό
1377 370 1478 412 ἐστι·
1519 369 1679 437 λέγεται
1713 386 1791 426 γαρ

208 428 426 482 ἀμφότερα.
477 431 527 469 cf.
558 425 818 479 ὀξυάκανθα,
850 424 1094 483 ὀξυέθειρος,
1126 419 1334 479 ὀξυόδους,
1349 424 1565 481 ὀξυωπής.

962 542 1049 584 474

1040 619 1238 675 ὡσπερεὶ
1269 621 1588 678 Καλλιππίδης

414 689 488 733 ἐπὶ
518 693 600 733 τοῦ
631 687 886 746 κορήματος
916 688 1160 745 καθέζομαι
1191 691 1341 746 χαμαί.

323 775 466 813 Pollux
502 776 573 823 10,
607 774 659 812 29
699 775 876 812 καλεῖται
915 770 1020 812 οὕτω
1053 771 1244 825 (κόρημα)
1284 771 1352 812 και
1389 771 1432 812 τὸ
1470 778 1615 821 σκεῦος
1650 771 1719 814 καὶ
1748 770 1794 813 τὸ

209 830 401 882 κάθαρμα
432 829 476 870 τὸ
508 829 755 881 κορούμενον
786 861 794 868 .
830 859 839 869 .
873 860 882 869 .
914 828 982 869 καὶ
1012 827 1053 869 τὸ
1086 829 1160 881 μὲν
1191 836 1334 878 σκεῦος
1364 829 1432 870 καὶ
1463 829 1570 882 ῥῆμα
1601 826 1682 870 ὑπὸ
1700 823 1791 870 Εὖ-

207 887 374 935 πόλιὸος
406 887 562 939 εἴρηται
593 885 637 926 ἐν
667 890 749 934 τοῖς
771 886 922 936 Κόλαξι
944 886 1012 939 (fr.
1039 887 1151 936 157).
1184 885 1227 927 τὸ
1259 885 1303 927 δὲ
1333 883 1579 939 κορούμενον
1608 885 1654 927 ἐν
1683 889 1791 940 Σκη-

213 961 281 992 νας
312 941 711 997 καταλαμβανούσαις
739 941 1073 997 Ἀριστοφάνους,
1105 942 1239 997 ωσπερ
1269 947 1351 984 κτλ.
1401 942 1572 997 ὡσπερεὶ
1611 939 1789 984 Kaum-
1799 950 1802 951 ⁷

207 1002 328 1052 πίδης
361 997 558 1057 Toupius]
592 1014 724 1054 ωσπερ
756 999 801 1040 ἐν
829 1001 1085 1056 καλλιππίδῃ.
1119 1003 1170 1041 ad
1202 1003 1410 1042 Strattidis
1432 1002 1695 1054 Callippidem
1727 999 1792 1056 (ἐν

208 1059 463 1113 Καλλιππίδῃ
496 1058 754 1110 Στράττιδος)
785 1059 987 1099 referebat
1016 1060 1239 1100 Meinekius
1260 1059 1280 1098 Ι
1302 1061 1396 1100 227.
1431 1056 1476 1098 ἐν
1506 1058 1789 1099 Καλλιππίδου

209 1118 260 1156 Η.
293 1117 424 1156 Iacobi
455 1117 491 1154 V
523 1118 588 1156 67.
628 1129 707 1155 non
738 1119 856 1155 recte.
891 1116 1130 1166 Callippides
1168 1119 1229 1157 est
1258 1117 1503 1157 clarissimus
1533 1117 1602 1156 ille
1631 1119 1788 1168 tragoe-

210 1170 296 1223 dus,
330 1174 398 1224 qui
429 1174 679 1213 Alcibiadem
710 1173 890 1214 Athenas
930 1175 1160 1213 redeuntem
1198 1174 1476 1213 comitabatur.
1535 1173 1686 1214 Athen.
1722 1175 1785 1224 12,

209 1232 290 1270 535
302 1232 337 1270 d.
372 1230 603 1271 Schneider.
637 1231 736 1272 Xen.
761 1230 900 1282 Symp.
924 1233 963 1281 3,
985 1233 1049 1270 11.
1082 1231 1295 1282 Wyttenb.
1318 1231 1617 1283 Apophthegm.
1634 1231 1786 1271 Lacon.

207 1302 247 1338 p.
276 1289 396 1327 1154.
430 1288 600 1327 Meinek.
634 1288 771 1327 1226.
803 1289 906 1327 addo
937 1289 1108 1328 Aristot.
1143 1288 1254 1328 Poet.
1277 1289 1329 1328 26
1362 1286 1528 1342 (14628
1564 1287 1647 1342 10).
1677 1288 1807 1330 ΡΙῠίῑ.·

208 1346 339 1385 Alcib.
374 1347 440 1386 32.
483 1346 635 1396 Agesil.
669 1347 735 1384 21.
774 1346 874 1385 Mor.
908 1347 1035 1385 212e.
1068 1347 1191 1385 348e.
1232 1345 1423 1399 Polyaen.
1457 1347 1495 1394 6,
1531 1347 1597 1388 10.
1637 1345 1787 1394 Athen,
1845 1350 1847 1352 ’

213 1404 276 1450 14,
311 1404 437 1442 6218.
484 1402 567 1441 Vit.
601 1403 785 1453 Sophocl.
826 1401 1112 1454 Καλλιππίδην
1147 1398 1369 1454 ὑποκριτὴν
1405 1398 1486 1441 απὸ
1513 1400 1710 1464 ἐργασίας
1749 1400 1791 1452 ἐξ

204 1455 421 1506 Ὀποῦντος
459 1457 609 1510 ἥκοντα
645 1457 752 1511 παρὰ
786 1457 855 1507 τὰς
888 1457 1001 1513 (τούς
1010 1458 1052 1511 ?)
1093 1457 1204 1508 Χόας
1235 1457 1393 1511 πέμψαι
1422 1455 1530 1498 αὐτω
1561 1457 1802 1514 σταφυλήν,

210 1530 311 1566 quae
343 1517 483 1556 mortis
514 1516 599 1556 eius
631 1530 750 1556 causa
780 1518 902 1557 fuisse
934 1518 1156 1557 dicebatur.
1187 1517 1380 1568 Apostol
1411 1519 1475 1566 13,
1500 1499 1566 1557 66.
1598 1517 1632 1556 is
1662 1517 1789 1569 igitur

209 1574 430 1625 Telephum
461 1574 634 1624 aliquem
665 1587 788 1625 agens
820 1575 962 1625 opinor
991 1578 1061 1613 aut
1098 1574 1258 1614 Ulixem
1289 1575 1338 1613 ad
1378 1574 1575 1614 Phaeacas
1605 1574 1786 1614 delatum

208 1631 334 1670 flebili
365 1631 506 1670 habitu
537 1631 649 1670 humi
681 1632 930 1672 consederat.

961 1732 1046 1775 475

962 1809 1061 1853 ἀλλ’
1095 1812 1260 1866 ἔχουσα
1291 1812 1487 1867 γαστέρα

480 1879 650 1936 μεστὴν
679 1879 865 1934 βοάκων
895 1877 1165 1935 ἀπεβάδιζον
1195 1880 1366 1922 οἴκαδε.

324 1963 553 2002 Athenaeus
594 1964 639 2011 7,
673 1963 789 2002 2873
825 1963 867 2002 οἱ
889 1960 1055 2002 Ἀττικοὶ
1092 1961 1258 2015 βόακας.
1301 1958 1587 2015 Ἀριστοφάνης
1619 1959 1784 2014 Σκηνὰς

207 2019 612 2071 καταλαμβανούσαις
632 2022 714 2059 κτλ.
748 2021 883 2071 Etym.
909 2021 1005 2072 218,
1023 2021 1078 2061 30
1095 2016 1405 2073 Ἀριστοφάνης·
1437 2015 1523 2058 ἀλλ’
1544 2042 1592 2048 -—
1607 2017 1782 2072 βοάκων.

209 2078 352 2118 Zonar.
386 2077 405 2115 I
435 2077 531 2116 413.
572 2076 789 2118 Herodian.
821 2078 840 2116 Ι
872 2079 968 2127 396,
1002 2079 1070 2117 11.
1109 2078 1150 2117 II
1180 2078 1277 2127 335,
1310 2078 1350 2116 2.
1391 2077 1442 2117 cf.
1473 2077 1579 2117 Eccl.
1612 2077 1706 2124 51„

957 2189 1042 2232 476

413 2269 488 2311 και
518 2271 610 2312 τῶν
640 2267 967 2324 πλατυλόγχων
998 2269 1208 2324 διβολίαν
1237 2242 1466 2311 ἀκοντίων

322 2353 465 2391 Pollux
498 2353 658 2401 7,157
695 2348 986 2403 Ἀριστοφάνης
1025 2348 1070 2390 δὲ
1101 2349 1145 2390 ἐν
1182 2349 1348 2403 Σκηνὰς
1385 2321 1785 2404 κακαλαμβανούσαις

207 2407 285 2461 ἔφη
314 2411 395 2451 κτλ.

959 2498 1043 2540 477

414 2579 490 2619 καὶ
520 2594 613 2637 των
643 2577 990 2637 πλατυλόγχων,
1018 2593 1079 2627 ως
1109 2575 1231 2632 ὁρᾷς,
1262 2574 1482 2619 ἀκοντίων

322 2661 465 2700 Pollux
501 2663 565 2705 10..
602 2662 681 2700 144
715 2657 1085 2714 Ἀριστοφάνης..
1166 2657 1211 2699 ἐν
1249 2657 1418 2710 Σκηνὰς
1456 2654 1783 2711 καταλαμβάνου-

209 2726 298 2763 σαις
329 2719 409 2757 κτλ.
443 2707 674 2758 Dindorfius
705 2719 875 2757 eundem
906 2718 1124 2768 utrubique
1155 2717 1223 2768 (fr.
1244 2713 1348 2770 476)
1379 2729 1539 2756 versum
1561 2716 1778 2768 significari

208 2777 355 2813 censet.
387 2777 429 2813 at
449 2776 581 2824 potuit
600 2775 698 2822 fieri,
731 2778 777 2815 ut
805 2775 933 2814 altera
961 2787 1134 2828 persona
1162 2773 1300 2813 eadem
1323 2773 1445 2813 verba
1463 2775 1687 2823 paullulum
1717 2774 1777 2813 in-

207 2833 364 2870 mutata
393 2834 604 2882 repeteret.
651 2830 831 2883 ’διβολία
861 2832 992 2882 cuspis
1022 2832 1106 2872 sive
1135 2832 1249 2871 hasta
1278 2830 1428 2881 duplici
1455 2831 1654 2870 instructa
1681 2831 1779 2870 acie.
