1872 3224
581 166 842 202 KoPIANst
890 166 1217 203 KPAHATAAOI
1613 168 1692 212 167

30 261 165 331 2³01.
195 273 223 313 4
252 286 296 324 p.
330 273 410 313 107
442 271 618 311 Boeckh.
652 271 693 311 οἵ
717 269 794 325 γὰρ
826 272 1035 313 σπονδεῖοι
1073 266 1320 326 σύμπτυκτοι
1358 269 1600 313 οΞνοέπαιστοι
1630 271 1692 313 λέ-

0 339 11 353 ’-
36 331 247 387 ἕψονται.
309 330 449 370 eodem
479 331 610 369 metro
642 331 765 370 etiam
806 330 946 371 Crates
978 345 1074 372 usus
1105 334 1166 372 est
1206 333 1254 372 fr.
1279 333 1345 381 33,
1366 333 1460 384 post
1480 332 1691 373 inventum

4 420 5 424 ,
63 421 68 426 .
96 399 123 431 a
153 389 391 430 Pherecrate
422 388 470 427 ut
508 387 667 428 videtur
703 388 778 429 hoc
817 402 1007 430 versuum
1044 403 1192 442 genus,
1233 391 1275 430 et
1305 390 1472 441 Eupolis
1514 391 1608 429 162.
1643 403 1691 429 ex

55 446 312 493 ῑόοιωηεΐᾶο
342 446 442 486 haec
471 446 600 497 petita
630 449 737 486 sunt.
769 446 817 487 cf.
848 447 1013 488 Kolster
1042 447 1102 487 De
1133 448 1272 499 parab.
1306 449 1373 488 41.

734 628 1061 665 ΚΡΑΠΑΤΑΛΟΙ

212 748 274 789 De
309 748 474 789 nomine
516 747 566 788 cf.
606 749 776 788 Porsen.
815 747 988 788 Advers.
1029 748 1127 788 262.
1165 747 1267 787 Poll.
1299 749 1345 797 9,
1386 748 1440 788 83
1482 745 1607 800 ὄνομα
1649 744 1694 787 δὲ

44 804 45 808 ’
79 804 339 859 ,νομίσματος
368 803 436 845 καὶ
466 804 726 859 κραπαταλοί,
759 804 838 845 εἴτε
869 804 1024 853 παίζων
1054 803 1133 845 εἴτε
1164 799 1401 853 σπουδάζων
1439 803 1691 858 Φερεκράτης

97 861 309 917 ὠνόμασεν
341 861 386 903 ἐν
416 867 471 919 τῷ
511 857 709 918 ὁμωνύμῳ
747 859 931 916 δράματι.
992 859 1095 916 λέγει
1134 859 1179 902 δὲ
1217 859 1288 901 τὸν
1323 859 1398 914 μὲν
1436 860 1694 915 κραπαταλὸν

32 926 34 972 J
98 916 204 963 εἶναι
233 919 286 962 ἐν
315 919 444 982 ᾅδου
482 920 680 974 δραχμήν,
712 919 817 973 ἔχειν
847 918 888 960 δ’
928 916 1054 960 αὐτὸν
1085 913 1187 959 ὀκτώ
1220 919 1344 972 (recte
1383 917 1459 959 δύο
1496 919 1692 974 Meinek.)

15 1015 41 1037 „⁴
97 979 282 1031 ψωθίας,
313 977 388 1032 τὴν
418 975 463 1018 δὲ
494 979 666 1030 ψωθίαν
697 974 801 1019 εἶναι
830 977 1049 1033 τριώβολον
1078 976 1146 1018 καὶ
1176 975 1386 1017 δύνασθαι
1416 971 1516 1017 ὀκτώ
1549 975 1691 1017 κικκοὶ-

37 1044 39 1046 '
98 1039 212 1092 βους.
242 1038 361 1079 Phot.
392 1035 608 1091 κίκκαβος·
649 1034 1052 1089 ὥνοματοπεποίηταί
1086 1050 1124 1075 τι
1155 1033 1417 1087 νομισμάτιον
1456 1032 1510 1075 ἐν
1549 1033 1578 1091 ‘jc'
1587 1034 1611 1074 δ
1623 1049 1689 1075 ου.

22 1123 41 1133 ι.
98 1099 202 1150 q'uae
227 1109 312 1137 non
340 1096 399 1136 ita
426 1095 734 1148 interpretanda
764 1098 870 1146 sunt,
901 1097 1108 1146 tamquam
1127 1096 1247 1145 poeta
1266 1095 1309 1133 in
1331 1106 1421 1133 orco
1444 1093 1689 1144 crapatalum

3 1157 20 1188 s
97 1168 238 1207 parem
268 1167 354 1195 esse
385 1153 596 1194 drachmae
626 1154 800 1203 Atticae,
832 1154 1034 1204 psothiam
1064 1152 1239 1192 triobolo
1272 1152 1438 1200 dixerit,
1479 1151 1548 1191 sed
1585 1151 1692 1190 idem

100 1270 379 1323 significabat,
410 1270 437 1309 i.
470 1284 504 1310 e.
528 1272 658 1320 pretio
694 1270 818 1310 nullo.
880 1269 930 1309 cf.
961 1269 1011 1308 fr.
1045 1269 1113 1307 81.
1174 1279 1264 1306 cum
1309 1269 1514 1318 praeterea
1555 1265 1688 1306 Schol.

21 1334 27 1357 5
98 1328 308 1380 Aristoph.
329 1328 422 1370 Pac.
446 1328 527 1368 749
557 1328 750 1379 Aeschyli
780 1330 913 1379 partes
944 1327 988 1366 in
1016 1327 1090 1366 hac
1120 1325 1258 1364 fabula
1287 1325 1411 1364 fuisse
1443 1324 1593 1373 doceat,
1625 1323 1695 1374 qui

13 1408 19 1411 -
100 1385 222 1426 Gelae
252 1387 436 1426 mortuus
475 1388 562 1425 erat
601 1387 682 1425 iam
714 1385 776 1431 Ol.
807 1387 885 1435 81,
920 1386 964 1433 1,
1002 1383 1130 1435 partis
1171 1384 1276 1422 certe
1315 1382 1495 1431 fabulae,
1534 1382 1580 1420 ut
1618 1381 1694 1420 Ra-

99 1457 256 1494 narum,
288 1451 431 1484 scaena
463 1443 542 1483 fuit
571 1445 680 1494 apud
709 1441 871 1492 inferos,
906 1455 1080 1493 quorum
1110 1440 1289 1481 condicio
1330 1440 1415 1480 sine
1447 1439 1570 1478 dubio
1603 1452 1694 1478 cum

98 1502 306 1542 hominum
337 1502 469 1552 rebus⁸
489 1503 637 1542 comice
668 1501 992 1552 comparabatur.
1032 1499 1208 1539 Meinek.
1239 1497 1260 1537 I
1291 1498 1358 1541 84.
1383 1497 1421 1539 5.
1461 1496 1610 1548 Bergk.
1642 1496 1691 1535 R.

104 1572 138 1600 c.
169 1559 259 1600 Att.
279 1560 390 1601 ·301.

882 1693 938 1736 80

313 1791 348 1841 ὦ
381 1798 605 1854 δαιμόνιε,
637 1795 832 1854 πύρεττε
862 1795 1007 1853 μηδὲν
1038 1796 1303 1850 φροντίσας,

310 1867 387 1912 καὶ
417 1870 511 1911 τῶν
542 1866 779 1923 φιβάλεων
807 1869 956 1922 τρῶγε
986 1862 1143 1907 σύκων
1173 1864 1257 1905 τοῦ
1285 1862 1471 1917 θέρους,

310 1933 688 1992 κᾶμπιπλοὶμενος
718 1934 918 1978 κάθευδε
948 1932 1026 1988 τῆς
1056 1932 1350 1988 μεσημβρίας,

315 1998 431 2063 κᾷτα
462 2003 703 2062 σφακέλιζε
735 2004 810 2046 καὶ
842 2003 1047 2058 πέπρησο
1079 1999 1154 2043 καὶ
1184 1999 1285 2056 βόα.

220 2125 454 2165 Athenaeus
493 2125 541 2172 3,
582 2123 678 2163 75b
719 2126 800 2161 τῶν
838 2118 1098 2173 καλουμένων
1142 2114 1348 2171 φιβάλεων
1386 2115 1524 2157 σύκων
1560 2114 1697 2155 πολλοὶ

103 2180 178 2236 μὲν
215 2180 440 2235 μέμνηνται
477 2186 559 2220 τῶν
596 2180 930 2234 κωμῳδιοποιῶν,
966 2175 1067 2230 ἀτὰρ
1105 2175 1173 2216 καὶ
1209 2171 1459 2228 Φερεκράτης
1500 2172 1544 2214 ἔν
1582 2175 1694 2226 Κρα-

104 2238 340 2288 πατάλλοις·
377 2233 410 2278 ὦ
431 2233 612 2291 δαιμόνιε
643 2240 724 2277 κτλ.
785 2238 935 2277 Athen.
969 2237 1008 2288 3,
1040 2236 1135 2276 809,
1166 2231 1293 2284 φασὶν
1322 2231 1382 2272 ’ὅτι
1411 2231 1465 2284 μὴ
1502 2231 1570 2271 δεῖ
1591 2236 1696 2271 σῦκα

104 2295 407 2351 προσφέρεσθαι
443 2294 782 2349 μεσημβρίας·
815 2291 974 2346 νοσώδη
1005 2291 1080 2347 γὰρ
1111 2286 1216 2332 εἶναι
1245 2289 1346 2341 τότε,
1387 2287 1441 2337 ὡς
1472 2287 1541 2329 καὶ
1571 2289 1695 2341 Φερε-

105 2352 251 2410 κράτης
275 2352 319 2395 ἐν
340 2350 623 2406 Κραπατάλοις
652 2352 824 2405 εἴρηκεν.
887 2354 926 2392 2.
957 2356 1080 2404 τρῶγε
1109 2345 1246 2389 σύκων
1267 2346 1358 2401 VL]
1391 2343 1528 2386 σύκων
1556 2351 1694 2398 τρῶγε.

107 2416 145 2454 3.
177 2418 249 2466 τῆς
271 2410 613 2463 Schweighaeus.]
638 2409 721 2458 τὰς.
762 2406 1107 2462 κᾶμπιπλοὲμενος]
1134 2404 1413 2459 κᾶμπλήμενος
1434 2404 1695 2444 Herwerden.

105 2473 256 2511 Mnem.
287 2484 381 2511 nov.
412 2470 496 2509 1111
528 2470 624 2511 297.
670 2474 791 2508 recte.
829 2482 923 2507 nam
960 2469 1175 2518 postquam
1206 2478 1247 2504 se
1284 2462 1502 2510 inpleverit
1540 2461 1695 2501 ficubus

108 2529 284 2569 dormire
322 2528 499 2567 iubetur.
550 2527 601 2566 cf.
642 2526 850 2577 Aristoph.
887 2525 964 2575 Eq.
1007 2525 1102 2563 935.
1160 2521 1283 2571 Vesp.
1325 2521 1423 2558 424.
1474 2519 1584 2558 Eccl.
1627 2520 1695 2557 51.

108 2588 155 2626 fr.
189 2587 287 2626 463.
320 2588 362 2625 et
393 2586 441 2624 de
465 2585 661 2635 phibaleis
688 2585 843 2632 ficubus
880 2582 1093 2632 Hermipp.
1127 2581 1192 2619 51.
1228 2574 1456 2626 ‘squammea
1487 2576 1536 2615 ad
1566 2575 1693 2616 verti-

107 2645 259 2696 ginem,
297 2640 482 2694 πέπρησο
512 2643 561 2681 ad
593 2642 777 2681 ardorem
808 2640 931 2679 febris
964 2637 1146 2690 spectat?
1188 2635 1363 2675 Meinek.
1397 2657 1450 2662 —
1478 2634 1575 2673 haec
1607 2646 1696 2673 cum

108 2701 318 2752 Aristoph.
346 2701 446 2740 Ran.
473 2700 699 2739 117—134
731 2697 981 2749 comparanti
1011 2698 1054 2735 et
1083 2693 1189 2745 apud
1219 2693 1370 2732 inferos
1402 2704 1584 2731 scaenam
1607 2703 1696 2730 esse
1751 2736 1753 2739 Ι

109 2759 378 2800 consideranti
422 2770 504 2797 non
544 2757 712 2796 dubium
752 2756 922 2797 videtur
966 2754 1063 2804 quin
1109 2752 1371 2790 admoneatur
1415 2748 1549 2789 nescio
1594 2748 1696 2799 quis,

109 2816 309 2868 quomodo
339 2816 382 2855 in
423 2828 562 2855 orcum
606 2814 796 2854 facillime
833 2813 962 2864 possit
997 2810 1218 2862 pervenire.
1281 2807 1521 2858 sequebatur
1562 2806 1690 2857 igitur

111 2875 204 2914 talis
233 2874 316 2914 fere
346 2873 567 2914 sententia:
602 2869 680 2911 ἔσει
709 2867 748 2910 δ’
781 2868 825 2910 ἕν
850 2867 955 2926 ᾅδου
985 2867 1137 2907 θᾶττον
1165 2863 1324 2912 ἐλπίδος
1355 2861 1471 2907 πολύ,

18 1207 29 1226 ⁵
98 1213 209 1264 quod
238 1212 346 1264 apud
376 1224 543 1263 superos
575 1212 762 1252 drachma
793 1213 993 1251 emeretur
1021 1210 1129 1261 apud
1149 1210 1302 1249 inferos
1331 1210 1533 1260 crapatalo
1555 1209 1692 1248 venire
1772 1261 1777 1265 ⁴
