1872 3224
249 157 334 200 540
857 154 1252 189 ΑΡΙΣΤΟΦΑΝΟΤΣ
1831 0 1872 214 ἒ

247 276 371 301 unum
403 263 530 301 adicio
551 275 588 301 v.
612 263 635 299 2
660 263 818 311 poetam
848 261 983 310 potius
1013 257 1057 299 τὸ
1086 260 1261 311 πλῆθος,
1291 272 1373 299 non
1403 254 1424 298 ὁ
1454 258 1580 310 δῆμος
1610 257 1828 309 scripsisse.
1853 275 1863 311 ᾗ»

249 320 479 359 Athenaeus
518 319 623 358 enim
662 331 871 368 perperam
911 315 954 355 τὸ
994 318 1171 368 πλῆθος,
1212 329 1291 368 quo
1337 317 1466 356 omnis
1511 316 1574 355 hie
1619 315 1829 356 hominum
1858 322 1863 329 ’

250 377 469 415 multitudo
501 375 763 426 significatur,
795 375 1107 415 Atheniensium
1137 374 1334 425 populum
1362 373 1720 425 interpretabatur.
1765 386 1828 414 ee·
1853 383 1872 411 ἐ

249 436 379 472 terum
401 434 450 472 ef.
474 433 620 472 Eubul.
644 433 791 473 Athen.
827 435 863 481 1,
898 433 978 472 28f
1006 428 1189 484 Λέσβιον
1217 429 1383 484 γέροντα
1413 434 1720 484 νεκταροσταγῆ.
1777 430 1830 471 ad
1858 467 1861 473 ,

249 490 478 541 Gerytaden
508 491 689 530 referunt
718 489 915 541 Bergkius
946 492 987 529 et
1017 489 1258 530 Dindorfius.
1854 499 1859 502 “

993 589 1080 633 580

456 642 746 715 Κηφισοφῶν
778 657 932 714 ἄριστε
964 657 1038 701 καὶ
1069 641 1332 715 μελάντατε,

454 726 513 771 σύ
543 728 594 771 δὲ
627 727 808 784 ξυνέζης
839 728 903 778 εἰς
931 726 986 771 τοὶ
1017 725 1150 771 πόλλ’
1184 725 1412 784 Εὐριπίδῃ

453 795 530 839 καὶ
561 799 834 851 συνεποιέις,
868 813 928 847 ως
960 809 1088 852 φασι,
1120 795 1203 853 τὴν
1234 796 1506 854 τραγῳδίαν.

362 869 445 908 Vit.
468 870 609 919 Eurip.
637 870 716 909 136
748 869 970 908 Westerm.
1004 866 1088 908 ἐπεὶ
1118 865 1157 907 δ’
1191 864 1265 907 οὐκ
1296 866 1447 921 ἔπειθε,
1478 864 1688 908 κατέλιπεν
1715 862 1827 908 αὐτῶ

247 924 320 976 τὴν
349 929 523 978 γυναῖκα
553 923 800 978 βουλομένου
832 920 960 978 αὐτὴν
989 924 1093 978 ἔχειν
1131 925 1200 966 τοῦ
1238 927 1574 978 Κηφισοφῶντος.
1617 921 1722 979 λέγει
1750 908 1826 965 οὖΙν

247 981 314 1022 καὶ
345 980 366 1021 ὁ
393 979 683 1036 Ἀριστοφάνης
726 986 807 1023 κτλ.
841 985 1098 1036 Κηφισοφων
1134 981 1384 1038 RossignoL]
1422 987 1604 1034 κισοφιόν
1642 983 1728 1026 eod.
1756 996 1824 1035 με-

246 1039 428 1094 λάντατε]
463 1039 680 1080 ταλάντατε
713 1042 930 1082 Seidlerus.
970 1045 1012 1082 at
1040 1039 1293 1094 μελαμπυγία
1324 1041 1664 1092 Cephisophontis
1691 1040 1824 1080 notari

246 1098 420 1138 videtur.
525 1101 562 1137 2.
611 1096 776 1150 ξυνέζης
820 1097 1023 1153 Rossign.]
1072 1096 1250 1167 συνέζης.
1315 1096 1366 1151 δὴ
1405 1095 1572 1150 συνέζης
1609 1097 1826 1141 Hermann.

246 1155 392 1206 Opuse.
425 1156 461 1194 V
494 1157 591 1197 202.
623 1170 673 1196 an
705 1157 761 1195 σύ
803 1170 877 1196 τοι
921 1156 1120 1209 συνέζηςῖ
1165 1150 1369 1211 Εὐριπίδῃ
1414 1154 1546 1210 Ross.]
1587 1150 1824 1208 Εὐριπίδου.

247 1215 286 1252 3.
319 1222 421 1263 φασι
451 1211 582 1267 Εοεε]
617 1213 718 1265 φησι
738 1212 816 1254 καὶ.
840 1215 887 1255 ef.
909 1215 1007 1255 Rau.
1031 1216 1125 1257 944.
1145 1215 1195 1254 ad
1218 1214 1448 1266 Gerytaden
1468 1214 1590 1254 refert
1609 1213 1823 1266 Bergkius.

991 1315 1072 1358 581

451 1380 475 1425 ὁ
505 1382 546 1426 δ’
579 1378 639 1426 αὖ
673 1384 967 1439 Σοφοκλέους
996 1386 1078 1427 τοῦ
1109 1384 1253 1440 μέλιτι
1283 1384 1551 1440 κεχριμένον

451 1450 604 1508 ωσπερ
636 1453 858 1495 καδίσκου
889 1453 1138 1510 περιέλειχε
1167 1451 1218 1496 τὸ
1248 1452 1403 1510 στόμα.

360 1523 437 1563 Dio
459 1523 668 1576 Chrysost.
690 1525 731 1564 II
762 1526 843 1564 273
875 1525 1009 1565 Reisk.
1043 1524 1090 1564 τά
1121 1539 1161 1566 τε
1190 1524 1286 1579 μέλη
1314 1523 1611 1596 (Σοφοκλέους)
1641 1521 1716 1566 οὐκ
1746 1523 1824 1581 ἔχει

245 1578 346 1619 πολὺ
379 1573 422 1619 τὸ
451 1579 654 1633 γνωμικὸν
683 1578 779 1621 ουδὲ
810 1580 882 1634 τὴν
912 1580 1011 1635 πρὸς
1041 1579 1188 1637 ἀρετὴν
1216 1581 1483 1635 παρακλησιν,
1514 1580 1645 1637 ωσπερ
1675 1575 1723 1623 τᾶ
1751 1588 1826 1624 τοῦ

247 1634 486 1691 Εὐριπίδου,
516 1635 671 1691 ἡδονὴν
700 1636 745 1678 δὲ
775 1637 1020 1691 θαυμαστὴν
1049 1639 1117 1680 καὶ
1145 1637 1505 1694 μεγαλοπρέπειαν·
1539 1638 1637 1681 ωστε
1657 1638 1712 1694 μὴ
1734 1641 1823 1694 εἰκῆ

595 1694 605 1708 7
665 1702 680 1710 .,
741 1688 750 1703 ¹
807 1693 816 1709 5

245 1753 455 1795 Westerm.
488 1752 615 1806 φησὶν
644 1748 720 1793 οὖν
746 1750 1035 1807 Ἀριστοφάνης
1067 1753 1128 1795 ὅτι
1168 1754 1289 1807 κηρὸς
1329 1753 1587 1804 ἒπεκαθέζετο
1623 1759 1706 1804 τοῖς
1739 1754 1820 1809 χεί-

243 1812 352 1850 λεσιν
388 1808 516 1851 αὐτοῦ
555 1809 719 1865 (Eupol.
753 1813 825 1862 94,
866 1811 932 1866 5)·
972 1809 1091 1860 ἄλλος
1126 1810 1171 1852 δὲ
1209 1809 1464 1862 Σοφοκλέους
1503 1818 1575 1853 τοῦ
1612 1811 1738 1881 μέλιτι
1778 1810 1820 1854 τὸ

244 1866 367 1919 στόμα
398 1866 669 1920 κεχρισμένου.
703 1869 877 1910 Cramer.
899 1871 1053 1911 Aneed.
1075 1871 1165 1910 Par.
1188 1871 1208 1910 Ι
1233 1872 1282 1911 19
1315 1867 1387 1911 τὸν
1412 1867 1722 1942 Ἀριστοφάνην
1725 1866 1821 1910 ἄπο-

244 1923 406 1977 δέχομαι
435 1923 616 1979 λέγοντα·
649 1922 906 1977 Σοφοκλέους
934 1932 1005 1967 τοῦ
1031 1925 1154 1980 μέλιτι
1174 1927 1419 1982 κεκραμένου
1440 1925 1574 1981 ω’σπερ
1594 1926 1662 1968 καὶ
1681 1927 1822 1968 δίσκου

243 1996 284 2022 π.
316 1997 347 2021 τ.
389 1994 447 2022 στ.
508 1981 742 2037 κεχριμένον
789 1985 930 2025 Cobet.
962 1986 1010 2024 V.
1049 1983 1096 2025 l.²
1136 1987 1233 2025 127.
1273 1987 1325 2026 N.
1355 1987 1383 2026 1.
1416 1985 1517 2040 608]
1551 1983 1820 2039 κεχρισμένου.

244 2041 296 2079 ef.
329 2041 504 2092 Magnet.
539 2043 577 2080 3.
618 2042 668 2081 ad
706 2041 934 2093 Gelytaden
973 2044 1099 2082 refert
1128 2043 1375 2096 Dindorfius‚
1406 2056 1497 2084 cum
1527 2044 1577 2083 fr.
1610 2044 1692 2084 471
1724 2056 1817 2084 con-

246 2098 379 2148 iungit
408 2098 620 2149 Bergkius.
651 2099 900 2150 significatur
930 2101 1153 2151 Euripides.

987 2199 1072 2243 582

448 2263 584 2308 ἄλλαι
615 2266 665 2310 δὲ
696 2268 994 2321 κυαμίζουσιν
1025 2265 1199 2312 αὐτῶν·
1232 2269 1319 2312 εἰσὶ
1349 2269 1400 2313 δὲ

370 2354 374 2358 ·
448 2331 533 2390 ἤδη
565 2333 677 2391 πρὸς
707 2332 878 2391 ἄνδρας
910 2336 1202 2392 ἐκπετήσιμοι
1232 2337 1430 2394 σχεδόν.

358 2417 502 2456 Pollux
523 2419 638 2470 2,18
657 2414 946 2471 Ἀριστοφάνης
967 2417 1044 2473 γὰρ
1073 2420 1281 2472 κυαμίζειν
1310 2419 1379 2469 τὰς
1409 2417 1665 2473 ἀκμαζούσας
1698 2418 1816 2475 (παρ-

242 2471 410 2525 θένους)
441 2462 518 2526 ε’φη
547 2477 629 2515 κτλ.
660 2473 778 2529 πρὸς]
810 2476 866 2524 εἰς
895 2479 945 2516 A.

987 2577 1072 2620 583

446 2643 522 2685 ἵνα
554 2643 751 2695 ξυνῶσιν
782 2639 904 2702 ᾧπερ
933 2643 1135 2701 ἥδεσθον
1164 2647 1264 2702 βίῳ,

449 2712 684 2768 σκώληκας
715 2712 923 2756 ἐσθίοντε
955 2713 1030 2756 καὶ
1059 2714 1353 2769 μυλακρίδας.

357 2783 500 2822 Pollux
531 2786 683 2832 2,189
729 2781 773 2836 ἡ
799 2782 932 2835 μέντοι
966 2784 1153 2839 κωμῳδία
1189 2801 1214 2837 η
1255 2783 1328 2837 τὴν
1362 2782 1545 2839 ἆλετριδα
1589 2786 1812 2839 μνλακρίδα

243 2842 357 2879 καλει
382 2836 409 2891 ἢ
438 2838 538 2895 ζῶόν
560 2856 594 2880 τι
617 2841 661 2882 ἐν
681 2843 733 2898 τῷ
762 2841 915 2895 μύλωνι
943 2841 1170 2895 γινόμενον,
1201 2839 1254 2890 ὧς
1281 2839 1569 2898 Ἀριστοφάνης
1598 2841 1700 2897 λέγει
1728 2847 1810 2885 κτλ.
