1872 3224
209 206 294 249 468
805 203 1200 239 ΑΡΙΣΤΟΦΑΝΟΤΣ

918 287 927 296 ”
961 317 1047 360 294

325 403 379 441 A.
412 405 505 449 τοῖς
535 397 675 441 πᾶσιν
704 395 1026 455 ἀνθρώποισιν
1056 396 1258 453 Εἰρήνης
1288 397 1423 454 φίλης

325 467 457 523 πιστὴ
491 465 684 523 τροφός,
718 469 876 524 ταμία,
909 465 1155 524 συνεργός,
1190 466 1466 522 ἐπίτροπος,-

323 536 555 593 θυγάτηρ,
588 533 791 592 ἀδελφή,
824 533 972 580 πάντα
1002 534 1132 579 ταῦτ’
1166 534 1329 592 ἐχρῆτό
1358 551 1449 592 μοι.

322 608 374 648 Β.
408 606 477 648 σοὶ
508 599 549 647 δ’
582 602 729 661 ὄνομα
759 602 815 662 δὴ
847 606 895 648 τί
921 605 1068 657 ἐστιν;
1101 608 1156 647 Λ.
1190 603 1215 647 ὅ
1246 620 1308 654 τι;
1340 606 1564 661 Γεωργία.

541 691 564 717 *
839 691 863 717 *
1138 690 1162 716 *
1437 690 1461 716 *

276 752 297 783 5
327 745 377 786 Β.
412 735 450 786 ὦ
479 740 674 798 ποθεινὴ
706 749 800 793 τοῖς
831 743 1024 794 δικαίοις
1053 740 1131 785 καὶ
1160 748 1379 798 γεωργοῖς
1407 739 1580 799 ἡμέρα,

323 810 520 869 ἄσμενός
550 808 592 854 σ’
626 808 739 854 ἰδών
769 818 1038 868 προσειπεῖν
1068 809 1292 867 βούλομαι
1322 809 1401 862 τὰς
1430 809 1673 867 ἀμπέλους.

325 907 763 955 StobaeusFloril.56‚
784 908 819 949 1
840 901 1155 958 Ἀριστοφάνους
1173 905 1367 972 Εἰρήνης.
1431 908 1466 949 1.
1483 909 1564 954 τοῖς
1588 904 1682 959 AB]
1707 905 1791 959 τῆς.

209 968 247 1006 4.
270 963 321 1017 δὴ
343 979 420 1006 om.
443 966 493 1004 A.
585 967 624 1004 5.
644 967 832 1017 γεωργοῖς
854 964 976 1005 Gesn.
998 961 1142 1017 marg]
1165 957 1350 1017 γεωργὸς.
1441 964 1479 1004 5.
1505 966 1529 1004 6
1560 964 1792 1004 ‘cohaerent

210 1037 300 1064 cum
331 1023 663 1074 praecedentibus
694 1023 736 1061 in
757 1023 793 1061 A
823 1024 863 1061 et
894 1022 977 1062 Tr!
1009 1021 1210 1062 Gaisfoimd
1244 1024 1339 1061 sunt
1370 1021 1530 1062 fabulae
1560 1021 1793 1072 superstitis

210 1083 307 1121 556.
327 1082 365 1120 7.
382 1082 518 1131 itaque
535 1080 666 1130 spatio
683 1080 818 1130 aliquo
836 1093 858 1118 a
871 1080 1037 1131 reliquis
1055 1079 1288 1119 secernendi
1304 1082 1430 1128 erant,
1449 1092 1540 1119 cum
1554 1078 1791 1130 praesertim

208 1139 366 1187 etiamsi
404 1138 569 1177 alterius
607 1149 765 1188 quoque
802 1137 917 1177 Pacis
949 1138 1044 1177 sunt
1072 1149 1153 1176 non
1184 1137 1375 1177 continuo
1406 1137 1634 1187 superiores
1663 1134 1793 1177 secuti

210 1209 295 1236 esse
324 1195 553 1236 videantur.
587 1195 844 1245 conloquitur
874 1196 1009 1234 autem
1039 1194 1318 1246 Agricultura,
1351 1207 1471 1245 quam
1502 1195 1550 1234 ut
1577 1194 1620 1234 in
1657 1194 1792 1245 priore

210 1253 349 1292 fabula
387 1252 562 1303 Oporam
600 1252 643 1292 in
681 1264 863 1292 scaenam
893 1252 1055 1292 induxit
1093 1263 1182 1291 cum
1215 1251 1401 1303 Trygaeo
1437 1253 1591 1303 aliquo,
1630 1251 1700 1303 qui
1729 1263 1792 1291 re-

208 1313 364 1361 pertam
393 1323 474 1350 non
505 1310 701 1361 agnoscit,
734 1311 776 1349 et
806 1309 948 1360 priscis
970 1309 1288 1349 Atheniensibus
1318 1322 1360 1349 se
1391 1310 1492 1349 bene
1518 1308 1722 1361 cognitam
1751 1309 1793 1348 et

209 1370 438 1418 exoptatam
468 1368 591 1408 fuisse
624 1367 732 1406 dicit.
786 1367 837 1406 ad
868 1366 1079 1406 Menandri
1115 1361 1302 1419 Γεωργόν
1332 1367 1429 1406 haec
1459 1366 1664 1418 pertinere
1694 1365 1792 1406 Din-

211 1425 362 1464 dorfius
393 1425 560 1473 censuit,
593 1437 829 1475 perperam:
862 1424 1038 1464 colorem
1068 1425 1175 1464 enim
1214 1425 1404 1475 antiquae
1443 1423 1672 1464 comoediae
1710 1435 1791 1464 cer-

211 1482 366 1522 tissime
403 1482 597 1521 referunt.
649 1479 788 1533 ἕχρῆτό
827 1494 894 1532 μοι
934 1484 1123 1532 corrupta
1159 1484 1276 1521 sunt:
1317 1495 1411 1521 nam
1441 1479 1623 1534 χρῆσθαί
1648 1478 1730 1520 τινί
1757 1493 1793 1519 τι

209 1541 272 1579 est
301 1540 432 1588 αῐίςιαο
468 1540 521 1578 ad
558 1539 711 1588 aliquid
749 1540 809 1578 uti
850 1535 951 1591 (τοῖς
990 1537 1189 1589 πολεμιοις
1226 1535 1458 1590 παρέδοσαν
1495 1542 1606 1589 σφοῖς
1643 1532 1792 1585 αὐτοὺς

209 1598 391 1648 χρῆσθαι
411 1593 612 1643 {amois-⁰
590 1608 651 1634 οτι
681 1590 921 1650 βούλοιντο).
953 1598 1114 1646 poterat
1145 1596 1223 1635 dici
1253 1595 1352 1634 πᾶσι
1383 1593 1535 1643 τούτοις
1570 1594 1670 1648 (τοῖς
1699 1587 1791 1635 ὀνό-

208 1653 349 1706 μασιν)
389 1648 454 1692 ἐπ’
495 1649 591 1704 ἐμοῦ
629 1650 804 1721 ἐχρῆτο.
830 1652 993 1693 videtur
1030 1653 1286 1693 scribendum
1325 1666 1412 1694 esse
1449 1651 1613 1692 πάντα
1651 1647 1788 1692 ταῦτ’

211 1707 419 1762 εὔχοντό
448 1723 548 1761 μοι,
580 1711 606 1749 i.
628 1724 663 1750 e.
696 1705 905 1761 εὖχόμενοί
930 1723 998 1761 μοι
1020 1708 1155 1749 πάντα
1186 1708 1312 1748 ταῦτα
1341 1725 1389 1762 με
1420 1708 1567 1762 ἔλεγον.
1619 1710 1728 1761 quod
1757 1711 1792 1751 si

210 1769 273 1807 cui
304 1768 492 1807 audacius
522 1768 719 1819 videatur,
750 1767 877 1807 multo
908 1767 1096 1808 audacius
1133 1768 1350 1818 Sophocles
1381 1768 1484 1807 dixit
1513 1771 1594 1807 νῦν
1613 1763 1658 1806 δὲ
1679 1763 1789 1807 τοῦτ’

209 1822 382 1876 εὕχεσθέ
411 1838 477 1876 μοι
507 1824 592 1865 OR.
627 1825 750 1875 1512,
782 1825 890 1875 quod
920 1838 1132 1876 perperam
1162 1839 1186 1864 a
1215 1825 1461 1876 quibusdam
1491 1825 1745 1865 sollicitatur.

962 1958 1049 2002 295

1035 2038 1121 2095 τὴν
1151 2037 1194 2082 δ’
1227 2036 1396 2082 ἀσπίδα

419 2106 621 2163 ἐπίθημα
651 2110 712 2164 τῷ
744 2107 907 2163 φρέατι
938 2107 1146 2162 παράθες
1177 2105 1363 2159 εὐθέως.

325 2191 471 2231 Pollux
495 2192 559 2242 10,
585 2192 663 2230 188
695 2189 819 2240 φαίης
852 2186 891 2227 δ’
924 2186 979 2230 ἂν
1009 2187 1075 2230 ἐπὶ
1105 2196 1177 2230 τοῦ
1206 2187 1334 2230 αὐτοῦ
1362 2188 1431 2230 καὶ
1459 2189 1578 2242 πῶμα
1607 2187 1675 2230 καὶ
1707 2187 1789 2231 ἐπί-

210 2250 341 2299 θημα,
372 2242 458 2286 οἷον
487 2246 616 2286 πίθου
644 2243 673 2298 ἢ
696 2244 860 2300 λέβητος
890 2244 919 2299 ἢ
949 2245 1162 2301 φαρέτρας.
1195 2245 1239 2287 ἓν
1267 2252 1371 2301 γοῦν
1399 2252 1448 2302 τῇ
1474 2243 1789 2301 Ἀριστοφάνους

211 2303 370 2360 Εἰρήνῃ
398 2302 617 2358 γέγραπται
647 2306 730 2343 κτλ.
762 2306 815 2345 cf.
847 2305 938 2346 Pac.
973 2307 1270 2346 1210—1264.
1345 2312 1362 2327 ⁶

962 2439 1047 2482 296

420 2517 472 2562 lm*
506 2519 833 2575 Λακεδαίμων,
865 2521 912 2562 τί
938 2535 1027 2575 αρα
1057 2519 1205 2562 πείσει
1234 2518 1428 2575 τήμερα;

328 2602 472 2642 Suidas
503 2601 689 2654 τήμερος·
721 2598 743 2641 ὁ
776 2600 1001 2655 σημερινός.
1032 2600 1101 2641 καὶ
1130 2599 1212 2641 ἔστι
1243 2598 1480 2654 τεταγμένον
1509 2599 1573 2641 ἐπὶ
1592 2599 1788 2654 σώματος·

211 2656 255 2696 τὸ
285 2655 330 2696 δὲ
360 2657 533 2711 τήμερον
564 2657 628 2699 ἐπὶ
659 2654 804 2712 χρόνου
834 2658 987 2712 λέγεται
1015 2657 1084 2698 και
1114 2657 1157 2698 ἐν
1189 2656 1348 2712 Εἰρήνῃ
1377 2660 1459 2697 κτλ.
1490 2659 1630 2699 eadem
1653 2659 1787 2700 Schol.
1802 2695 1804 2697 ,

212 2715 307 2755 Ald.
338 2716 445 2756 Nub.
479 2719 559 2756 699
591 2715 661 2770 (cf.
694 2718 826 2758 Schol.
858 2717 977 2758 Hom.
1008 2716 1057 2756 11.
1097 2717 1137 2768 3,
1172 2715 1272 2767 182)
1311 2729 1358 2755 ex
1389 2715 1634 2756 Holcadibus
1673 2717 1789 2756 affert

213 2770 526 2841 (Λακεδαῖμον),
556 2775 627 2814 ubi
659 2776 794 2814 tamen
821 2774 922 2814 Rav.
946 2775 987 2813 et
1005 2773 1109 2812 Ven.
1141 2770 1186 2811 ἐν
1214 2777 1264 2826 τῇ
1285 2769 1457 2826 Εἰρήνῃ.
1507 2772 1634 2813 πείσει
1655 2773 1788 2816 Schol.

211 2825 337 2884 Nub.]
369 2828 526 2880 ποιήσει
559 2831 671 2873 Suid.
703 2832 755 2871 cf.
786 2831 837 2870 fr.
867 2832 966 2871 401.
994 2830 1127 2881 potuit
1147 2829 1284 2869 eodem
1313 2842 1434 2869 versu
1458 2832 1579 2880 poeta
1607 2831 1652 2870 in
1679 2832 1788 2870 utra-

212 2899 288 2936 que
319 2888 525 2927 comoedia
554 2889 627 2930 uti.
666 2889 771 2928 mira
799 2890 937 2928 narrat
973 2881 1147 2927 Photius
1174 2887 1270 2937 202,
1305 2887 1357 2926 18
1389 2885 1682 2938 Λακεδαιμῶν·
1713 2882 1788 2939 τὴν
