1872 3224
172 146 258 188 422
776 140 1166 176 ΑΡΙΣΤΟΦΑΝΟΤΣ

173 255 289 303 paret
317 252 474 302 poetam
505 249 692 289 similiter
720 247 863 286 lusisse
894 248 941 285 ut
978 246 1053 296 Eq.
1088 246 1154 286 78.
1178 247 1217 285 9.
1268 245 1490 296 Στρεψαῐοι
1531 245 1574 284 in
1611 243 1755 285 Kirch-
1817 260 1822 262 ‘

174 310 267 349 hoff.
298 309 330 348 Ι.
361 309 448 348 Att.
482 308 577 346 337.
613 307 709 344 226.
743 306 837 343 229.
872 305 968 343 231
1001 305 1083 342 233
1115 305 1190 342 cet.
1243 303 1293 342 cf.
1324 302 1374 342 fr.
1406 303 1502 343 860.

379 462 720 519 τραπεζοφόρον
926 415 1007 457 124

289 534 333 575 ἐν
363 539 444 583 τοῖς
471 532 783 603 Ἀριστοφάνους
816 534 1056 585 Γεωργοῖς.
1090 565 1098 574 .
1131 563 1140 572 .
1173 528 1237 571 ἐπὶ
1267 537 1340 571 τοῦ
1370 525 1444 583 τὴν
1470 527 1666 584 τράπεζαν
1685 527 1756 583 φέ-

178 609 329 647 ροντος,
362 595 388 648 ᾑ
422 592 576 644 ἐπῆσαν
606 595 689 639 τοῖς
719 590 916 644 ἄρχουσιν
946 590 993 630 αἱ
1017 589 1221 643 μυρρίναι.
1253 590 1397 630 Pollux
1430 591 1498 640 10,
1529 591 1598 630 69.

885 703 1050 739 ΓΗΡΑΣ

291 779 435 818 Aetam
467 791 552 818 esse
585 776 831 816 Suevernius
861 775 904 815 in
942 775 1226 815 dissertatione
1266 789 1387 826 quam
1418 775 1468 815 de
1499 775 1573 815 hac
1599 787 1757 816 comoe-
1775 802 1784 806 -

176 838 242 876 dia
271 837 433 887 scripsit
461 835 667 885 Dionysiis
698 834 763 873 Ol.
787 835 854 882 89,
878 834 916 882 2,
949 832 1148 883 Bergkius
1169 832 1276 872 inter
1297 832 1451 884 Vespas
1471 835 1513 873 et
1531 832 1640 873 Aves
1671 828 1756 886 (Ol.

177 897 243 942 89,
267 895 291 932 2
323 896 364 933 et
394 895 461 944 91,
486 890 531 945 2)
563 893 707 931 censet.
739 892 789 930 cf.
821 890 942 930 etiam
973 890 1244 930 Wilamowitz
1274 889 1371 930 obs.
1400 891 1489 930 crit.
1523 892 1591 930 10.
1641 892 1686 931 at
1712 902 1760 930 ea

177 952 312 1003 opinio
333 963 440 990 nunc
468 962 710 1001 magnopere
739 948 966 988 infirmatur
996 948 1053 987 eis
1083 961 1185 998 quae
1208 960 1339 999 nuper
1358 947 1622 988 Fraenkelius
1653 946 1758 999 (Att.

177 1009 584 1059 Geschworenenger.
615 1021 653 1058 p.
680 1004 780 1057 106)
810 1006 858 1044 de
886 1005 1063 1044 iudicum
1093 1005 1304 1045 sortitione
1331 1007 1425 1046 ante
1444 1005 1656 1045 Euclidem
1676 1017 1760 1046 non

177 1067 488 1107 commemorata
522 1065 589 1116 (fr.
617 1063 714 1115 146)
740 1064 976 1114 disputavit.
1015 1062 1066 1102 cf.
1095 1063 1218 1102 etiam
1245 1063 1459 1115 Bamberg.
1489 1063 1628 1103 Herm.
1658 1061 1760 1103 XIII

178 1124 273 1166 5882
312 1122 588 1162 Wachsmuth.
617 1122 720 1161 Mus.
749 1121 826 1160 Rh.
856 1120 1050 1159 XXXIIII
1077 1121 1175 1160 614.
1207 1141 1259 1148 —-
1296 1122 1578 1172 argumentum
1609 1130 1754 1173 cogno-

180 1182 303 1222 scitur
333 1194 380 1220 ex
401 1181 548 1221 Athen.
572 1182 609 1228 3,
635 1179 745 1218 109f
773 1175 841 1232 (fr.
867 1174 981 1232 125).
1014 1178 1156 1218 chorus
1176 1178 1262 1229 ipse
1284 1177 1445 1219 videtur
1465 1178 1588 1218 fuisse
1618 1190 1760 1219 senum

178 1239 247 1290 qui
278 1240 509 1288 serpentum
530 1237 571 1276 in
592 1237 756 1276 modum
778 1238 897 1275 exuta
917 1237 1123 1275 senectute
1143 1236 1396 1276 iuventutem
1416 1237 1760 1288 recuperaverant.

179 1309 256 1347 quo
301 1294 409 1335 facto
454 1295 583 1334 multa
619 1294 807 1348 iuvenilis
844 1293 1095 1344 petulantiae
1133 1295 1174 1332 et
1210 1293 1490 1344 protervitatis
1521 1293 1761 1334 documenta

179 1353 396 1402 dederunt,
435 1354 482 1391 ut
518 1352 733 1391 Philocleo.
778 1351 940 1391 videtur
976 1351 1103 1402 igitur
1142 1351 1239 1391 haec
1277 1350 1486 1391 comoedia
1515 1351 1690 1403 aliquam
1719 1351 1763 1391 et

180 1424 270 1450 cum
290 1410 434 1461 Vespis
465 1412 506 1449 et
535 1422 625 1448 eum
644 1409 890 1459 Amphiarao
911 1408 1210 1459 Equitibusque
1232 1408 1539 1449 similitudinem
1558 1408 1760 1451 habuisse.

931 1518 1012 1562 125

314 1603 368 1647 A.
399 1599 525 1643 τουτὶ
555 1602 603 1643 τί
627 1591 685 1656 ἦν
715 1597 765 1642 τὸ
795 1601 1001 1656 πρᾶγμα;
1033 1601 1085 1641 Β.
1117 1600 1343 1655 θερμούς,
1376 1617 1411 1643 ω
1445 1599 1624 1644 τέκνον.

315 1674 370 1712 Α.
403 1666 506 1711 ἀλλ’
537 1662 568 1724 ἦ
597 1674 931 1748 παραφρονεῖς;
964 1670 1014 1711 Β.
1035 1669 1337 1749 ’κριβανίτας,
1369 1685 1405 1713 ω
1437 1669 1616 1725 τέκνον,

316 1735 509 1788 λευκούς
539 1737 589 1780 δὲ
619 1736 758 1780 πάνυ.

295 1823 526 1862 Athenaeus
558 1821 741 1870 3,109f
765 1819 1022 1890 κριβανίτην·
1062 1819 1204 1862 τούτου
1241 1817 1483 1874 μνημονεύει
1519 1817 1760 1874 Ἀριστοφά-

182 1896 256 1932 νης
288 1878 333 1919 ἐν
368 1877 504 1947 Γήρᾳ·
528 1881 639 1917 ποιεῖ
662 1875 706 1917 δὲ
736 1875 934 1943 λέγουσαν
962 1874 1247 1947 ἀρτόπωλιν
1283 1875 1597 1931 διηρπασμένων
1631 1875 1762 1950 αὖτης

182 1943 263 1978 τῶν
305 1935 438 1989 α’ρτων
481 1931 576 1974 ὑπὸ
615 1949 714 1975 των
759 1929 810 1975 τὸ
846 1942 1002 1989 γῆρας
1037 1933 1436 1990 ἀποβαλλόντων
1472 1938 1555 1976 κτλ.
1605 1933 1694 1977 αλλ’
1733 1953 1761 1990 η

182 1991 429 2047 Brunckius]
452 1989 550 2044 αλλὴ
572 1994 623 2032 A.
654 1995 748 2044 post
766 1993 1002 2045 κριβανίτας
1024 1995 1192 2045 codices,
1223 1995 1346 2035 etiam
1366 1994 1404 2034 A
1427 1992 1494 2046 (cf.
1514 1994 1654 2034 Dindf.
1670 1995 1762 2035 Phi-

183 2053 251 2092 lol.
283 2051 394 2091 XXX
424 2047 510 2115 84),
541 2050 696 2091 addunt
724 2048 836 2090 πάνυ
865 2050 1055 2103 λευκούς,
1094 2055 1302 2103 praeterea
1331 2048 1376 2092 δὲ
1405 2055 1499 2103 post
1526 2050 1762 2105 κριβανίτας

182 2110 279 2160 BD,
314 2110 410 2159 post
453 2104 563 2146 πάνυ
592 2108 639 2147 Ρ.
696 2109 803 2148 unde
840 2109 1074 2150 Dindorfius
1112 2110 1279 2150 tertium
1316 2122 1476 2150 versum
1511 2109 1667 2150 effinxit
1705 2110 1760 2151 A.

185 2166 224 2206 τί
257 2163 508 2218 κριβανίτας;
549 2165 594 2207 Β.
632 2178 742 2204 πανυ
780 2162 825 2204 δὲ
854 2164 1044 2214 λευκούς,
1085 2182 1116 2206 ω
1155 2164 1309 2207 τέκνον.
1360 2166 1763 2219 Schweighaeuserus

183 2224 294 2263 tertii
323 2235 464 2263 versus
493 2225 650 2287 partem
685 2219 853 2270 λευκοὺς
882 2237 994 2263 πανυ
1025 2224 1243 2265 addiderat.
1294 2237 1436 2265 scaena
1463 2227 1529 2265 est
1559 2224 1764 2264 simillima

183 2281 307 2332 Vesp.
323 2281 430 2320 1387
442 2293 502 2330 sq.
524 2272 567 2318 τὸ
585 2285 711 2349 γῆρας
731 2277 975 2344 αποβαλλειν
995 2282 1102 2321 idem
1123 2284 1184 2322 est
1203 2284 1323 2334 atque
1343 2279 1386 2321 τὸ
1400 2287 1525 2335 γῆρας
1542 2279 1764 2322 ἐκδύεσθαι

183 2339 276 2378 Pac.
298 2338 393 2387 336,
425 2336 497 2376 ubi
526 2337 647 2379 schol.
677 2333 703 2389 ἡ
734 2330 939 2391 μεταφορὰ
969 2334 1048 2378 ἀπὸ
1079 2353 1161 2378 των
1181 2336 1331 2390 ὄφεων.
1361 2339 1413 2379 cf.
1435 2340 1487 2379 fr.
1511 2339 1576 2380 35.
1607 2335 1762 2379 ἆποσεί-
1829 2353 1836 2359 ’
1871 2331 1872 2334 “

186 2397 341 2433 σασθαι
370 2392 413 2433 τὸ
432 2398 558 2446 γῆρας
578 2395 675 2447 Lys.
698 2395 794 2435 670.
827 2396 878 2436 cf.
899 2395 1000 2435 Ran.
1023 2397 1119 2436 346.
1150 2410 1275 2448 panes
1303 2409 1345 2438 se
1367 2410 1498 2437 emere
1517 2396 1621 2437 velle
1641 2397 1762 2438 simu-

186 2454 273 2492 lant
302 2465 413 2492 senes
442 2454 776 2503 repuerascentes.
807 2451 1001 2505 θερμούς,
1030 2454 1059 2494 i.
1091 2467 1125 2497 e.
1156 2451 1302 2507 ἄρτους
1332 2449 1415 2501 δός.

935 2553 1016 2598 126

394 2630 417 2674 ὁ
450 2632 499 2674 δὲ
529 2629 718 2687 μεθύων
750 2631 851 2689 ἤμει
882 2630 1005 2688 παρὰ
1033 2630 1139 2685 τούς
1169 2631 1428 2690 ἀρχηγέτας.

301 2715 473 2754 Bekker.
503 2715 654 2755 Anecd.
687 2716 783 2765 449,
814 2717 866 2756 14
896 2712 1128 2769 ἆρχηγέται’
1159 2712 1350 2785 ἡγεμόνες
1380 2715 1423 2756 οἱ
1449 2712 1652 2766 ἐπώνυμοι
1681 2716 1762 2756 τῶν

189 2773 356 2822 φυλων·
385 2767 674 2823 Ἀριστοφανης
706 2771 821 2828 Γήρα
840 2775 923 2814 κτλ.
953 2771 1048 2825 ἤμει
1067 2771 1256 2843 Bekker.]
1275 2769 1415 2841 ἡμεῖς.
1445 2774 1621 2839 ῌθεγοὴ.
1641 2769 1761 2825 ἀρχη-

189 2826 318 2881 γέται·
348 2826 476 2882 ἥρωες
507 2826 710 2882 ἐπώνυμοι
740 2836 820 2870 τῶν
851 2827 994 2881 φυλων
1026 2859 1034 2868 .
1070 2863 1079 2872 .
1111 2828 1155 2870 ἐν
1182 2825 1392 2882 Ἀθήναις.
1442 2832 1500 2871 sic
1528 2830 1633 2871 Plat.
1663 2830 1761 2883 Lys.
