1872 3224
160 190 247 232 408
770 184 1161 219 ΑΡΙΣΤΟΦΑΝΟΤΣ

164 296 304 360 populi
336 296 375 333 in
409 294 535 333 socios
566 292 824 343 potissimum
855 290 1062 330 insulanos
1092 289 1278 338 iniurias,
1318 290 1501 330 homines
1530 289 1747 342 populares

164 354 233 403 qui
266 355 350 391 tum
390 351 577 390 valebant
616 348 967 389 vehementissime
998 347 1221 386 accusabat.
1273 347 1439 387 chorum
1475 347 1675 400 Bergkius
1704 350 1749 389 et

163 409 392 449 Dindorfius
423 407 708 446 existimabant
730 418 942 444 servorum
965 404 1229 444 barbarorum
1250 404 1386 447 fuisse.
1416 405 1589 457 Hesych.
1611 402 1747 458 Βαβυ-

163 465 297 505 λωνιοι
328 465 369 503 οἵ
393 463 591 516 βάρβαροι
621 461 726 515 παρὰ
761 465 843 509 τοῖς
871 457 1076 508 Ἀττικοῖς.
1118 462 1263 502 Suidas
1297 461 1568 514 Βαβυλώνιοι·
1601 462 1747 512 παῖδες

162 521 207 577 (i
244 537 276 562 e
308 521 452 573 servi),
493 535 612 572 quam
652 522 828 572 glossam
867 520 1169 571 Bernhardyus,
1202 532 1292 559 cum
1322 521 1429 560 absit
1459 533 1482 560 a
1516 518 1566 570 V,
1599 520 1750 561 Suidae

163 581 417 620 abiudicavit.
463 582 603 618 contra
647 578 893 617 Fritzschius
934 577 1079 628 Babyl.
1123 579 1172 616 17
1213 590 1420 617 servorum
1455 578 1498 617 in
1542 577 1749 619 comoedia

163 638 301 678 Attica
332 637 496 676 chorum
528 649 614 676 esse
646 636 824 686 potuisse
854 637 979 686 negat
1015 638 1058 673 et
1098 648 1145 674 ex
1187 635 1451 685 optimatibus
1482 635 1748 687 compositum

166 696 286 734 fuisse
319 694 539 733 contendit.
571 694 728 745 legatos
759 707 782 732 a
811 706 906 744 rege
936 692 1152 731 Persarum
1190 692 1404 732 redeuntes
1439 693 1755 745 Dionysumquo‘

164 753 282 791 deum
313 753 355 791 in
386 765 569 791 scaenam
600 751 787 790 inductos
818 751 943 791 fuisse
973 750 1204 802 fragmenta
1234 749 1465 792 ostendunt.

935 908 993 950 64

372 1005 561 1056 Σαμίων
593 998 616 1043 ὁ
647 972 967 1057 δῆμόςσέστιν
1002 1016 1063 1051 ως
1093 999 1488 1057 πολυγράμματος.

278 1097 453 1148 Hesych.
487 1095 655 1147 Σαμίων
685 1092 706 1135 ὁ
739 1094 883 1147 δῆμος·
917 1095 1020 1147 φησί
1047 1109 1104 1143 τις
1136 1109 1244 1147 παρα
1274 1094 1327 1150 τῷ
1354 1091 1637 1162 Ἀριστοφάνει
1668 1094 1747 1151 (aio

168 1155 407 1202 Salmasius;
455 1155 542 1194 cod.
589 1153 691 1205 φησί
740 1168 775 1192 τι
820 1151 908 1204 περὶ
955 1158 1036 1192 τῶν
1074 1135 1406 1205 Ἀριστοφάνους)
1449 1146 1540 1201 τοὺς
1586 1151 1630 1194 ἐκ
1676 1159 1767 1195 τοῦ.

164 1207 347 1263 μύλωνος
395 1209 495 1251 ἰὸὠν
541 1210 851 1276 Βαβυλωνίους·
905 1209 1074 1262 Σαμίων
1117 1233 1171 1239 -
1217 1207 1564 1263 πολυγράμματος.
1595 1219 1597 1221 ’
1630 1226 1748 1252 κατα-

166 1267 435 1320 πληττόμενος
481 1266 554 1321 τὴν
603 1267 705 1318 ὄψιν
753 1263 893 1308 αὐτων
941 1266 1009 1307 καὶ
1063 1266 1290 1320 ἕπαπορων.
1356 1268 1563 1310 Plutarch.
1605 1269 1749 1310 Pericl.

167 1328 219 1366 26
259 1326 301 1366 οἱ
336 1323 379 1365 δὲ
418 1323 565 1378 Σάμιοι
602 1324 694 1374 τοὺς
734 1324 1007 1377 αἰχμαλώτους
1046 1324 1127 1364 τῶν
1161 1321 1411 1397 Ἀθηναίων..
1432 1321 1749 1395 ἀνθυβρίζοντες

166 1382 317 1431 ἔστιζον
347 1383 402 1431 εἰς
435 1381 478 1423 τὸ
506 1380 690 1435 μέτωπον
719 1385 917 1437 γλαῦκας·
956 1381 1023 1422 καὶ
1052 1381 1128 1436 γὰρ
1159 1380 1338 1431 ἐκείνους
1369 1383 1411 1423 οἱ
1433 1379 1648 1437 Ἀθηναῖοι
1677 1380 1750 1424 σά-

165 1456 328 1492 μαιναν.
361 1438 385 1492 ἡ
419 1439 461 1480 δὲ
493 1439 672 1492 σοίμαινα
706 1446 808 1488 ναῦς
840 1438 949 1479 ἐστιν
984 1437 1194 1494 ὑόπρωρος
1231 1438 1306 1491 μὲν
1336 1438 1379 1480 τὸ
1411 1439 1586 1494 σίμωμα,
1623 1444 1750 1499 κοιλο-

166 1496 256 1567 τέρα
302 1496 346 1537 δὲ
390 1495 460 1537 καὶ
497 1494 800 1560 γαστροειδής,
820 1495 922 1538 ὥστε
960 1496 1028 1537 καὶ
1067 1501 1334 1565 φορτοφορεῖν
1371 1496 1439 1538 καὶ
1469 1501 1749 1551 ταχυναυτεῖν.

167 1553 276 1594 οὕτω
314 1551 354 1594 δ’
395 1552 619 1607 ὠνομάσθη
656 1553 721 1595 διὰ
762 1550 806 1595 τὸ
851 1569 1009 1625 πρωτον
1048 1553 1093 1594 ἐν
1130 1550 1254 1610 Σαμῳ
1293 1561 1476 1608 φανῆναι
1513 1589 1524 1599 .
1649 1554 1750 1609 πρὸς

168 1618 294 1653 ταῦτα
325 1610 371 1652 τὰ
403 1613 596 1665 στίγματα
633 1611 792 1666 λέγουσι
829 1611 896 1652 καὶ
926 1610 969 1653 τὸ
997 1595 1325 1665 Ἀριστοφανειον
1354 1609 1541 1668 ᾐνίχθαι·
1583 1613 1752 1684 Σαμίων

167 1673 249 1710 κτλ.
304 1671 472 1710 Photius
513 1674 553 1710 et
592 1671 737 1711 Suidas
769 1669 938 1721 Σαμίων
976 1666 997 1709 ὁ
1036 1670 1160 1722 δῆμος
1199 1666 1254 1718 ὥς
1285 1669 1634 1724 πολυγράμματος’
1677 1667 1750 1725 (ὥς

168 1730 257 1767 πολ.
298 1728 445 1768 desunt
475 1728 580 1779 apud
619 1725 802 1781 Suidam)
839 1722 1131 1780 Ἀριστοφάνης
1172 1727 1446 1780 Βαβυλωνίοις
1487 1726 1751 1770 ἐπισκώπτων

169 1783 260 1832 τοὺς
293 1782 548 1837 ἐστιγμένους
583 1818 591 1825 .
626 1813 635 1821 .
668 1817 677 1825 .
716 1785 759 1824 οἵ
794 1783 837 1824 δὲ
868 1782 928 1824 ὅτι
961 1781 1174 1836 Ἀθηναῖοι
1210 1782 1285 1837 μὲν
1315 1782 1408 1833 τοὺς
1438 1784 1673 1838 ληφθέντας
1705 1784 1751 1827 έν

167 1841 321 1897 πολέμῳ
351 1840 476 1895 (bello
509 1839 661 1895 Samio)
702 1842 882 1894 Σαμίους
919 1840 1070 1888 ἔστιζον
1105 1842 1271 1894 γλαυκί,
1304 1842 1452 1895 Σαμιοι
1482 1841 1566 1898 (δὲ)
1598 1844 1646 1900 τῇ
1676 1854 1750 1885 σα-

166 1899 312 1954 μαίνῃ,
357 1897 379 1938 ὅ
424 1897 506 1938 ἐστι
550 1902 690 1939 πλοῖον
734 1898 920 1967 δίκροτον
963 1893 1045 1939 ὑπὸ
1091 1895 1379 1953 Πολυκράτους
1417 1906 1578 1968 πρῶτον
1615 1915 1747 1954 παρα-

167 1955 401 1997 σκευασθὲν
430 1962 502 1996 τοῦ
523 1956 692 2009 Σαμίων
722 1956 937 2009 τυράννου,
969 1953 1025 2005 ὥς
1054 1957 1290 2009 Λυσίμαχος
1329 1955 1372 1997 ἐν
1404 1957 1451 2009 β’
1474 1954 1679 1999 Νόστων.

168 2015 210 2053 οἱ
242 2011 287 2052 δὲ
326 2009 399 2065 τὴν
437 2013 640 2064 σάμαιναν
672 2013 846 2066 νόμισμα
885 2008 1001 2055 εἶναι.
1053 2015 1227 2067 Hesych.
1266 2013 1463 2067 σαμαινα·
1495 2009 1602 2064 εἶδος
1632 2031 1748 2067 νεως,

171 2068 242 2118 ὑὸς
290 2069 430 2122 ἔχουσα
472 2070 687 2123 προτομήν.
759 2073 810 2113 cf.
850 2073 1027 2112 eiusdem
1072 2070 1280 2124 Σαμιακὸς
1331 2069 1486 2126 τρόπος.
1546 2074 1666 2115 Phot.
1703 2071 1750 2114 τα

171 2127 338 2179 Σαμίων
374 2125 634 2175 ὑποπτεύεις·
666 2159 674 2167 .
705 2163 713 2171 .
745 2159 752 2167 .
785 2130 996 2182 παρῆλθεν
1032 2126 1112 2169 απὸ
1151 2135 1232 2169 των
1267 2128 1492 2197 γενομένων
1526 2124 1607 2170 ὑπὸ
1628 2125 1749 2184 Ἀθη·

175 2186 297 2224 ναίων
328 2201 382 2233 εις
415 2185 595 2237 Σαμίους
627 2186 847 2238 αἰκισμων·
881 2185 1036 2235 ἑλόντες
1067 2202 1143 2239 γαρ
1173 2182 1321 2236 αὐτους
1359 2188 1402 2228 οἵ
1432 2185 1713 2240 Ἀθηναῖοι..
1737 2217 1748 2230 .

170 2241 324 2291 ἔστιξαν
353 2248 400 2295 τῇ
431 2241 656 2314 καλουμένῃ
687 2245 844 2298 Σαμιῇ,
875 2242 904 2296 ἤ
934 2254 1045 2283 εστιν
1064 2238 1169 2291 εἶδος
1190 2242 1354 2293 παθους
1377 2245 1468 2309 (scr.
1491 2244 1745 2316 σκαφους)

171 2301 399 2350 Σαμιακοῦ·
432 2294 533 2338 ἀνθ
567 2315 626 2339 ων
655 2299 723 2340 καὶ
760 2301 802 2340 οἵ
829 2300 974 2353 Σαμιοι
1005 2299 1098 2349 τοὺς
1129 2298 1302 2350 ἁλόντας
1339 2296 1437 2354 μετά
1468 2308 1593 2343 ταῦτα
1620 2299 1747 2374 Ἀθη-

172 2357 308 2404 ναίους
339 2355 506 2405 ἕστιξαν.
538 2359 694 2398 Aelian.
728 2358 776 2401 V
800 2359 838 2398 h.
872 2360 910 2410 2,
936 2361 960 2398 9
992 2356 1246 2428 ἐψηφίσαντο
1272 2357 1486 2412 Ἀθηναῖοι
1518 2391 1527 2400 .
1560 2391 1570 2401 .
1602 2389 1613 2400 .
1652 2358 1748 2409 τους

168 2411 456 2466 ἁλισκομένους
487 2413 760 2466 αἰχμαλώτους
798 2415 940 2464 στίζειν
975 2414 1076 2456 κατὰ
1115 2422 1186 2456 τοῦ
1222 2415 1440 2469 προσώπου
1470 2416 1537 2457 καὶ
1567 2411 1672 2458 εἶναι
1701 2416 1747 2458 τὸ

171 2472 312 2523 στίγμα
347 2475 515 2524 γλαῦκα.
565 2478 722 2524 pugnat
759 2473 964 2513 Plutarchi
993 2475 1172 2514 narratio
1208 2487 1298 2514 cum
1328 2475 1506 2526 reliquis.
1559 2476 1608 2514 de
1637 2477 1747 2516 notis

170 2530 266 2568 belli
297 2529 421 2569 Samii
450 2533 629 2581 tempore
659 2534 751 2570 ante
783 2532 876 2582 plus
907 2531 1043 2571 decem
1073 2544 1199 2572 annos
1237 2545 1326 2572 com
1357 2532 1450 2572 ositi
1490 2533 1746 2583 captivorum

171 2587 296 2625 fronti
340 2587 486 2627 inustis
528 2588 694 2638 cogitari
735 2601 852 2639 posse
890 2591 1011 2640 negat
1046 2589 1292 2629 Fritzschiue
1357 2585 1517 2643 l9sq.):
1556 2589 1596 2628 id
1635 2591 1745 2630 enim

171 2644 300 2694 egisse
330 2647 510 2695 poetam,
552 2647 597 2684 ut
628 2646 756 2685 socios
788 2646 943 2686 civibus
973 2646 1288 2694 commendaret,
1335 2658 1417 2686 non
1454 2647 1501 2685 ut
1537 2646 1745 2687 inrideret.

172 2700 318 2739 addere
355 2704 513 2750 poterat
550 2715 709 2742 servum
748 2706 895 2742 noctua
931 2705 1116 2742 notatum
1155 2703 1233 2742 dici
1270 2704 1337 2743 vix
1366 2715 1484 2753 posse
1513 2701 1745 2755 πολυγράμ-

172 2770 311 2808 ματον.
343 2758 479 2807 itaque
509 2771 591 2797 non
621 2760 764 2810 liquet.
817 2760 866 2798 de
896 2761 1120 2806 sententiae
1151 2760 1280 2799 forma
1309 2759 1559 2800 Fritzschiue
1590 2761 1748 2800 confert

173 2816 248 2854 Av.
283 2815 385 2853 2842
418 2827 547 2865 neque
578 2829 677 2867 opus
708 2822 770 2856 est
800 2816 944 2856 Cobeti
973 2817 1139 2857 invento
1171 2815 1338 2869 (Mncm.
1370 2829 1465 2856 nov.
1498 2816 1518 2855 Ι
1551 2817 1649 2868 138)
1682 2831 1744 2858 ex-

173 2875 302 2911 trema
331 2872 454 2910 verba
484 2872 599 2911 alteri
629 2886 824 2924 personae
853 2874 1082 2916 tribuentis,
