1872 3224
198 190 284 233 502
799 185 1186 220 ΑΡΙΣΤΟΦΑΝΟΤΣ

948 286 1034 329 425

406 348 678 402 ὃραχμιαῖον

323 427 365 468 τὸ
399 424 574 481 δραχμῆς
604 425 732 478 ἄξιον,
754 422 809 475 ὡς
841 423 886 466 ἐν
911 422 1223 478 Ἀριστοφάνους
1249 421 1449 466 Ὁλκάσιν.
1480 426 1626 466 Pollux
1647 427 1688 476 9,
1709 426 1777 468 60.

939 560 1035 604 *426

407 620 599 674 ἐπίγυον

317 718 363 741 τα
392 700 626 753 πρυμνήσια
658 699 810 753 ἐπίγεια
841 698 986 753 ἔλεγον,
1019 698 1230 753 κέχρηνται
1261 705 1314 755 τῷ
1344 695 1508 751 ὀνόματι
1545 697 1614 740 καὶ
1642 699 1684 740 οἱ
1709 704 1780 752 τῆς
1816 704 1826 709 ”

201 757 368 812 ἀρχαίας
400 758 611 830 κωμῳδίας
639 757 812 808 ποιηταί.
840 755 1131 810 Ἀριστοφάνης
1155 741 1329 798 Ὁλκασι.
1361 757 1664 809 Harpocration.
1694 753 1780 796 ἕπί-

202 843 304 881 γυον
333 830 387 878 A,
415 814 619 880 ἆπόγυιον
650 828 698 867 N.
729 828 779 867 cf.
810 828 859 867 fr.
893 829 960 867 80.

954 949 1038 992 427

409 1006 580 1058 νάνους

319 1091 473 1131 Gellius
498 1092 639 1139 19,13
663 1086 811 1137 νάνους
834 1089 976 1130 Graeci
1005 1093 1237 1130 vocaverunt
1268 1090 1375 1130 brevi
1403 1093 1517 1138 atque
1535 1089 1676 1130 humili
1695 1101 1781 1130 cor-

205 1162 299 1199 porc
328 1149 522 1194 homines,
546 1149 731 1197 paullum
759 1161 883 1198 supra
919 1151 1066 1188 terram
1095 1151 1289 1187 exstantes
1320 1177 1329 1186 .
1354 1177 1362 1186 .
1387 1177 1396 1186 .
1427 1150 1483 1195 ct,
1513 1148 1550 1187 si
1577 1147 1778 1193 memoria,

207 1208 335 1255 inquit
367 1203 810 1257 (Apollina1is),vmhi
840 1218 922 1245 non
951 1206 1071 1250 labat,
1109 1206 1297 1254 seriptum
1333 1205 1403 1244 hoc
1431 1207 1486 1244 est
1514 1205 1560 1244 in
1589 1202 1784 1244 comoedia

207 1263 499 1312 Aristophanis,
538 1263 601 1302 cui
631 1275 773 1302 nomen
801 1266 855 1303 est
884 1257 1039 1308 ἅκαλές.
1066 1257 1255 1308 ‘munides
1285 1261 1550 1312 probabiliter
1581 1260 1783 1313 Hertzius,

208 1317 401 1366 Κώκαλος
433 1319 672 1360 Brunekius.

955 1407 1041 1450 428

412 1466 615 1519 τροχιλία

324 1545 431 1586 ἐστὶν
461 1543 481 1586 ὁ
514 1545 648 1599 τροχὸς
680 1552 750 1586 τοῦ
782 1542 901 1594 ξύλου
933 1551 1001 1586 τοῦ
1031 1544 1224 1599 φρέατος,
1257 1543 1312 1586 δι’
1336 1540 1385 1586 οὗ
1407 1546 1536 1598 ἱμῶσι.
1566 1540 1789 1598 δεδήλωται

211 1601 255 1644 δὲ
286 1603 374 1656 περὶ
404 1602 546 1643 τούτου
576 1603 643 1643 καὶ
673 1602 716 1643 ἐν
741 1600 917 1643 Ὁλκάσι.
951 1605 1081 1645 schol·
1114 1605 1287 1656 Lysistr.
1321 1606 1416 1644 722.

958 1738 1043 1782 429

418 1795 648 1845 Φασιανός

324 1879 550 1929 Stephanus
580 1880 676 1930 Byz.
707 1878 859 1926 Φᾶσις·
897 1876 1013 1926 πόλις
1053 1883 1123 1930 τῆς
1154 1877 1262 1926 Αἴας
1294 1908 1302 1916 .
1337 1909 1345 1918 .
1379 1908 1387 1917 .
1429 1875 1472 1917 τὸ
1503 1875 1674 1918 ε’θνικὸν
1701 1878 1784 1917 Φα-

211 1935 349 1987 σιοὶτης
380 1934 446 1975 καὶ
477 1932 723 1983 Φασιατικός
754 1934 819 1974 καὶ
848 1934 1133 1986 Φασιανός,
1165 1931 1219 1983 ὡς
1237 1932 1528 1987 Ἀριστοφάνης
1551 1933 1596 1975 ε’ν
1612 1932 1785 1976 Ὁλκάσι.

213 1994 464 2044 sycophanta
493 1993 710 2045 significari
744 1994 914 2033 videtur.
946 1994 996 2034 cf.
1029 1993 1128 2034 Aah.
1160 1994 1254 2032 726.

325 2063 390 2102 Ad
420 2062 619 2103 Holcades
651 2064 861 2112 praeterea
890 2062 941 2101 fr.
975 2063 1056 2102 636
1087 2062 1213 2102 refert
1241 2062 1452 2113 Bergkius.

867 2208 1126 2244 ΠΕΛΑΡΓΟῙ

327 2291 518 2341 Pelasgos
548 2291 775 2341 Tyrrhenos
812 2290 1105 2340 interpretatur
1134 2289 1374 2330 Fritzschius
1404 2289 1449 2336 Q.
1482 2289 1608 2330 Arist.
1642 2291 1695 2329 25
1707 2303 1782 2341 sq„

213 2348 461 2398 probabilius
493 2348 663 2387 ciconias
693 2359 783 2386 cum
814 2347 1031 2387 Suevernio
1064 2344 1143 2398 (De
1173 2347 1298 2386 Arist.
1330 2347 1407 2387 Av.
1439 2348 1493 2386 83
1522 2360 1562 2387 n.
1585 2344 1630 2399 2)
1659 2346 1786 2399 Berg-

214 2405 317 2444 kius.
359 2405 411 2443 cf.
442 2405 520 2444 Av.
556 2405 664 2444 1354
676 2417 734 2454 sq.
773 2403 943 2443 Photius
975 2404 1069 2453 245,
1102 2405 1124 2442 7
1157 2403 1199 2443 οἷ
1222 2401 1410 2469 πελαργοὶ
1439 2401 1529 2454 δίχα
1560 2408 1630 2442 τοῦ
1662 2401 1786 2455 νόμον

217 2458 257 2499 τὸ
303 2460 462 2500 δίκαιον
507 2458 679 2523 ἔχουσιν.
731 2461 835 2509 407,
865 2463 890 2500 8
929 2458 1157 2513 πελαργικοὶ
1194 2458 1330 2511 νόμοι·
1375 2456 1656 2511 ἅντεκτρέφειν
1692 2458 1785 2508 τούς

214 2521 358 2569 γονεῖς.
409 2515 535 2565 οὕτως
570 2510 904 2585 Ἀριστοφανης.
923 2517 1020 2557 Fab.
1060 2518 1153 2558 Aes.
1186 2518 1237 2556 76
1281 2516 1390 2567 (Cor.
1427 2531 1464 2565 p.
1499 2519 1602 2563 359,
1645 2518 1786 2557 attulit

214 2572 380 2624 Bergk.)
418 2573 613 2626 πελαργός
651 2575 750 2627 εἶμι,
779 2569 1064 2626 εὐσεβέστατον
1093 2574 1213 2628 ζῴον,
1246 2570 1355 2621 όστις
1383 2571 1519 2625 μητέρι
1549 2572 1615 2612 καὶ
1645 2571 1786 2639 πατέρι

217 2629 399 2669 δουλεύω
441 2628 555 2684 (sunt
586 2632 797 2671 choliambi
827 2631 1017 2682 politici).
1068 2644 1168 2681 quae
1206 2644 1297 2670 cum
1326 2631 1384 2669 ita
1413 2631 1514 2677 sint,
1552 2631 1685 2671 nescio
1717 2643 1786 2680 cur

217 2687 460 2727 Fritzschius
490 2692 611 2739 neget
641 2689 823 2739 componi
853 2689 1032 2738 potuisse
1063 2687 1319 2735 comoediam,
1353 2687 1394 2726 in
1423 2700 1502 2737 qua
1528 2687 1633 2727 filius
1653 2688 1786 2739 ingra-

220 2747 286 2783 tus
318 2747 359 2783 et
388 2757 556 2794 nequam
589 2746 638 2784 ad
667 2747 858 2796 pietatem
887 2757 984 2796 erga
1013 2747 1197 2795 parentes
1228 2744 1496 2783 reduceretur.
1528 2757 1600 2784 nec
1624 2745 1673 2784 dc
1694 2757 1784 2785 can-

219 2801 328 2840 tibus
373 2798 614 2852 ciconiarum
658 2805 752 2852 post
797 2802 995 2853 Magnetis
1037 2801 1182 2853 Ψῆνας
1222 2800 1282 2853 (et
1316 2800 1598 2851 Aristophanis
1634 2798 1786 2855 Ranae)

217 2857 392 2898 dubitari
429 2860 572 2909 potest.
631 2862 805 2899 ceterum
843 2871 972 2911 neque
1007 2859 1055 2898 de
1093 2859 1490 2911 argumentumque
1519 2858 1567 2897 de
1599 2860 1780 2910 tempore
