1872 3224
226 206 309 250 640
881 205 1153 241 ΠΛΑΤῼΝΟΣ

224 310 340 364 μένος
374 311 439 364 εἷς
459 308 696 363 γλυκύτητα.
730 309 797 349 καὶ
827 307 935 349 τοῦτ’
969 308 1020 349 ἂν
1053 310 1115 360 εἴη
1146 308 1188 349 τὸ
1219 307 1425 362 εἰρημένον
1456 308 1500 349 ἕν
1528 315 1576 364 τῇ
1598 310 1668 349 τοῦ
1688 307 1801 350 Πλά-

225 383 347 416 τωνος
379 369 448 407 τοῦ
477 373 656 419 κωμικοῦ
687 366 901 422 Συμμαχίᾳ
932 370 1014 407 κτλ.
1058 381 1138 407 non
1178 369 1295 407 eredo
1334 368 1534 407 Meinekio
1572 368 1677 408 huno
1713 381 1800 409 ver-

225 441 312 466 sum
357 427 537 466 censenti
580 426 749 476 figurate
805 426 1078 476 accipiendum
1123 438 1209 466 esse
1248 425 1367 476 ‘quod
1403 429 1447 465 tu
1482 426 1690 475 intrivisti,
1735 437 1802 476 eqo
1863 450 1866 454 ›

224 485 361 525 (ἐκθεῖτ’.
395 484 445 522 cf.
477 484 693 534 Phrynich.
728 484 793 522 65.

977 594 1058 636 150
1102 650 1104 652 v

430 673 577 729 νάρκη
609 672 696 729 γὰρ
729 673 848 729 ἑφθὴ
881 675 1042 730 βρῶμα
1073 670 1229 729 χάριεν
1258 676 1471 730 γίγνεται.

338 757 570 797 Abh'enaeus
613 759 656 806 7,
691 759 806 796 314a
846 755 1021 796 Πλάτων
1058 754 1085 808 ἢ
1125 757 1347 810 Κάνθαρος
1387 755 1431 796 ἐν
1468 745 1681 812 Συμμαχίᾳ
1720 759 1801 797 κτλ.

228 814 375 854 absunt
404 815 500 854 haec
530 829 553 854 a
583 816 669 855 cod.
702 815 746 856 Β.
778 812 889 865 ἑφθὴ
920 815 1052 854 Bentl.
1085 815 1291 854 Menandr.
1322 829 1360 866 p.
1394 817 1445 854 69
1480 813 1579 866 (498
1611 815 1672 855 ed.
1703 815 1803 854 Mei-

228 868 356 925 nek.)]
391 869 479 922 ἔφη.
512 869 587 924 γὰρ
619 869 730 923 ἑφθὴ
763 885 840 911 om.
874 871 918 913 C.

979 984 1059 1026 151

431 1064 559 1117 βατίς
588 1078 637 1106 τε
667 1063 743 1106 καὶ
775 1063 1008 1119 σμύραινα
1039 1061 1269 1119 πρόσεστι.

342 1146 573 1185 Athenaeus
607 1148 643 1194 7,
677 1147 789 1186 3120
819 1144 994 1185 Πλάτων
1024 1143 1069 1184 δὲ
1101 1143 1126 1197 ἢ
1156 1145 1376 1197 Κάνθαρος
1408 1143 1453 1184 ἕν
1484 1144 1698 1200 Συμμαχία
1729 1142 1823 1185 σὺν.

229 1208 282 1256 τῷ
313 1212 336 1240 6
368 1199 608 1256 (σμύραινα)
647 1205 729 1243 κτλ.
790 1201 994 1256 πρόσεστι]
1036 1201 1197 1255 προσέτι
1234 1204 1404 1243 Meinek.
1436 1204 1555 1242 Anal
1589 1205 1678 1243 crit.
1713 1205 1807 1243 138.

227 1263 398 1310 possunt
429 1262 547 1299 etiam
578 1263 907 1301 tetrametrorum
938 1262 1129 1311 reliquiae
1160 1274 1245 1300 esse
1275 1259 1389 1312 βατίς
1422 1274 1462 1300 τε
1482 1258 1550 1299 καὶ
1579 1256 1805 1315 σμύραιναΙ

227 1315 449 1369 πρόσεστιν.

978 1419 1060 1462 152

437 1495 524 1553 ἐγώ
556 1496 645 1554 γάρ
676 1494 787 1554 ὑμῖν
816 1496 877 1554 ἦν
908 1494 1070 1555 φράσω

342 1581 569 1621 Priscianus
604 1583 669 1629 18,
705 1583 785 1621 170
814 1583 992 1622 abumdat
1033 1584 1137 1621 enim
1174 1573 1261 1633 γάρ.
1324 1576 1498 1620 Πλάτων
1526 1575 1555 1632 ἢ
1587 1578 1805 1631 Κάνθαρος

231 1637 445 1692 Συμμαχίᾳ
476 1635 602 1686 οὕτως
632 1635 778 1691 ἤρξατο
815 1641 897 1678 κτλ.
957 1635 1028 1691 ἢν]
1070 1643 1149 1678 νῦν
1186 1636 1347 1692 (ΜΟ)α.

985 1750 1065 1793 153

233 1828 406 1880 εἷ’ξασιν
435 1830 523 1884 γὰρ
554 1836 647 1880 τοῖς
677 1829 935 1886 παιδαρίοις
964 1830 1155 1884 τούτοις,
1189 1831 1235 1871 οἳ
1263 1828 1472 1872 ἑκάστοτε
1502 1825 1714 1884 γραμμὴν

233 1899 285 1941 έν
316 1905 465 1940 ταῖσιν
496 1897 620 1949 ὁδοῖς
650 1898 983 1954 διαγράψαντες
1014 1897 1353 1954 διανειμάμενοι
1383 1897 1475 1953 δίχ’
1506 1896 1695 1947 ἑαυτοὺς

231 1965 381 2009 ἑστᾶσ’
415 1964 569 2009 αὐτῶν
599 1967 647 2010 οἱ
672 1968 756 2023 μὲν
788 1967 970 2010 ἐκεῖθεν
999 1968 1077 2022 τῆς
1106 1969 1323 2023 γραμμῆς,
1357 1966 1405 2009 οἱ
1431 1964 1472 2008 δ’
1506 1959 1566 2008 αὖ
1597 1964 1780 2008 ἐκεῖθεν

233 2028 297 2084 εἷς
327 2032 370 2076 δ’
404 2033 674 2091 άμφοτέρων
706 2034 934 2091 ὄστρακον
965 2033 1118 2085 αὐτοῖς
1148 2032 1331 2090 άνίησιν
1363 2035 1426 2086 εἰς
1454 2035 1594 2090 μέσον
1624 2033 1777 2088 ἑστώς,

229 2101 316 2145 κάν
332 2103 415 2158 μὲν
433 2105 622 2160 πίπτῃσι
644 2102 697 2146 τά
715 2102 839 2147 λεύκ’
865 2102 1033 2160 ἐπάνω,
1056 2104 1247 2160 φεύγειν
1267 2101 1380 2159 ταχὺ
1403 2103 1508 2154 τούς
1528 2101 1707 2159 ἑτέρους
1722 2102 1806 2157 δεῖ,

231 2171 338 2221 τοὺς
368 2171 417 2214 δὲ
449 2171 646 2215 διώκειν.

343 2256 530 2295 Hermias
574 2256 732 2296 Platon.
780 2257 947 2296 Phaedr.
991 2270 1030 2307 p.
1072 2258 1127 2296 90
1172 2256 1260 2295 Ast.
1309 2256 1443 2297 Schol.
1494 2255 1595 2294 Plat.
1643 2268 1682 2305 p.
1723 2255 1806 2294 314

232 2313 400 2352 Bekkel.
434 2317 550 2351 τοῦτο
580 2310 624 2351 δέ
655 2310 764 2352 ἐστιν
803 2311 945 2364 ἐκεῖνο,
977 2310 1000 2351 ὃ
1029 2327 1127 2351 κατα
1166 2311 1241 2364 τὴν
1278 2309 1517 2382 ὀστρακίνδα
1555 2307 1807 2363 καλουμένην

231 2366 401 2408 παιδιαν
438 2368 653 2422 γινόμενόν
691 2368 816 2418 ἐστιν,
853 2367 907 2421 ἣν
945 2368 1119 2409 Πλάτων
1157 2367 1178 2408 ὁ
1217 2367 1387 2421 κωμικὸς
1427 2367 1471 2408 ἓν
1507 2368 1554 2423 τῇ
1591 2367 1805 2422 Συμμαχίᾳ

231 2431 369 2477 σαφῶς
400 2426 610 2478 συνίστησι
640 2425 707 2466 διὰ
738 2425 890 2467 τούτων
918 2429 998 2466 κτλ.
1044 2428 1277 2467 Eustathius
1311 2429 1433 2479 1161,
1465 2427 1519 2465 42
1560 2430 1698 2479 χρῆσις
1735 2424 1805 2476 τῆς

231 2481 370 2532 λέξεως
402 2481 446 2522 ἐν
482 2485 529 2538 τῇ
566 2484 752 2554 κωμῳδία
798 2477 896 2537 πρὸς
934 2482 1100 2536 αἴνιγμα
1136 2484 1206 2552 τσῦ
1219 2481 1438 2547 ῥηθεντος
1477 2481 1802 2534 ἕξοστρακισμοῦ.

234 2539 409 2580 Πλάτων
438 2539 495 2592 δέ,
527 2541 667 2592 φασίν,
699 2538 719 2580 ὁ
749 2539 924 2593 κωμικὸς
954 2540 1094 2592 φράζει
1133 2534 1261 2591 αὐτὴν
1300 2538 1427 2587 ούτως
1464 2541 1545 2578 κτλ.
1590 2541 1639 2579 of.
1673 2539 1804 2579 Schol.
1869 2572 1872 2573 ν

232 2598 334 2637 Plat.
374 2600 468 2637 315.
511 2599 575 2650 (R.
614 2600 815 2638 Foerster.
853 2600 955 2638 Mus
995 2600 1068 2637 Rh.
1107 2599 1218 2637 XXX
1267 2595 1381 2649 288).
1451 2597 1616 2637 Sueten.
1657 2596 1805 2635 Milleri

232 2651 455 2707 (ΜὸΙειηςεε
487 2654 590 2707 436)
612 2655 803 2708 παροιμία
833 2651 1032 2708 ὀστράκου
1061 2652 1319 2707 περιστροφή,
1352 2651 1416 2692 ε’πι
1445 2658 1527 2692 τῶν
1555 2650 1711 2706 αθρόον
1740 2666 1802 2703 με·
1867 2686 1872 2690 .

234 2709 557 2763 ταβαλλομένων,
598 2710 641 2751 ἐκ
678 2727 906 2766 μεταφορας
942 2711 1107 2758 παιδιᾶς
1143 2710 1321 2750 τοιασδε·
1359 2710 1502 2757 παῖδες
1540 2709 1630 2761 δίχα
1654 2709 1804 2763 διῃρη-
1862 2748 1872 2761 ¹

232 2766 343 2819 μένοι
373 2770 552 2820 γραμμῆς
583 2767 706 2820 μέσον
735 2767 1030 2822 κεχαραγμένης
1070 2767 1264 2820 ὄστρακον
1301 2765 1464 2806 ἐδίδουν
1494 2764 1572 2815 ἑνί,
1612 2765 1656 2805 ἐν
1686 2764 1801 2836 ἑτέρῳ
1867 2768 1872 2814 ξ

232 2823 340 2876 μέρει
370 2824 685 2877 πεπισσωμένον,
712 2824 808 2876 ὅπερ
829 2824 1081 2878 άναρρίπτων
1102 2821 1122 2864 ὁ
1143 2829 1239 2872 παῖς
1261 2822 1414 2875 ἐπέλεγε
1431 2820 1552 2872 νὺξ”“
1524 2838 1549 2874 η
1566 2820 1714 2876 ἡμέρα·
1737 2820 1804 2862 καὶ
1862 2843 1864 2846 -

233 2882 269 2921 εἰ
297 2879 340 2921 τὸ
369 2881 673 2934 πεπισσωμένον
702 2882 788 2923 άνω
830 2882 982 2936 συνέβη
1011 2885 1169 2932 πεσεῖν,
1202 2880 1372 2934 ἔφευγον
1402 2881 1442 2921 οἱ
1466 2885 1581 2920 τοῦτο
1611 2878 1654 2919 τὸ
1682 2877 1798 2932 μέρος
