1872 3224
225 207 309 249 546
807 206 1191 240 ΑΡΙΣΤΟΦΑΝΟΤΣ

228 314 412 362 excerpta
442 324 527 350 esse
568 312 654 349 iure
693 310 912 349 arbitratur
942 309 1252 349 Valckenaerius
1290 310 1482 351 Herodot.
1515 313 1554 360 7,
1589 313 1683 352 162.
1713 312 1801 352 ΗΘ-ι

227 370 334 419 sych.
368 367 633 415 ἐξαυαίνεται·
668 362 934 417 ἀποθνήσκει.
996 367 1167 406 fortasse
1199 365 1426 418 Παιδάριον
1461 369 1737 418 scribendum,
1768 370 1796 409 i.

226 439 259 464 e.
293 426 495 465 comoedia
525 424 706 463 Platoni's
737 420 1006 476 (ἐξαυαίνεται
1032 421 1038 476 Ι
1065 419 1316 478 Πλάτωνος).

973 557 1058 600 614

431 632 513 692 τὴν
545 633 731 693 φάρυγα
761 639 920 693 μηλῶν
951 637 1034 680 δύο
1067 636 1269 693 δραχμας
1299 638 1386 689 ἕξει
1416 638 1571 693 μόνας.

340 721 507 759 Photius
537 723 577 759 et
608 720 752 760 Suidas
781 723 978 775 μηλῶσαι·
1011 717 1053 758 τὸ
1083 719 1275 759 καθεῖναί
1302 735 1338 759 τι
1367 719 1423 768 εἰς
1454 719 1597 772 βάθος.
1628 719 1697 761 καὶ
1725 719 1801 774 τὴν

226 776 413 829 φάρυγγα
442 779 621 827 μηλῶσαι
652 774 695 815 τὸ
725 771 929 828 διαχρῐσαι
947 776 1006 845 τῷ
1025 773 1218 831 δακτυλῳ,
1246 774 1537 829 Ἀριστοφάνης
1566 781 1646 817 κτλ.
1705 776 1795 833 τὴν]

225 832 294 872 τὸν
326 835 435 874 Suid.
468 835 619 874 codices
650 837 805 885 praeter
824 835 876 873 A.
898 831 1059 886 φάρυγα
1091 818 1201 874 Suid‘.
1226 833 1275 887 A]
1309 832 1507 887 φάρυγγα
1537 835 1674 886 μηλῶν
1701 834 1799 875 Por-

225 889 328 943 son.]
361 893 553 941 μηλωσαι.
594 892 643 930 cf.
677 892 747 941 Eq.
782 893 891 930 1150
928 895 970 930 et
999 891 1047 930 de
1077 893 1366 931 consuetudine
1405 897 1616 943 argentum
1652 894 1694 932 in
1731 906 1800 932 ore

222 949 492 987 abscondendi
522 948 644 998 Vesp.
678 950 772 987 791.
805 950 843 986 2.
886 951 970 987 erat
1007 949 1048 987 id
1087 951 1221 988 autem
1262 949 1342 988 fene
1380 946 1526 1000 κέρμα;
1571 951 1708 1000 itaque
1739 951 1797 989 vi·

224 1006 399 1044 dendum
431 1019 482 1044 an
511 1006 575 1044 hic
605 1006 810 1055 scripserit
840 1003 964 1053 ἕξεις
995 1002 1124 1052 ὅλας.

971 1139 1056 1182 615

427 1217 478 1261 τὸ
509 1220 691 1274 πρᾶγμα
722 1221 856 1261 τοῦτο
888 1220 1135 1273 συλλαβεῖν
1165 1216 1423 1275 ὑπίσχομαι.

337 1302 502 1341 Photius
533 1305 574 1340 et
605 1302 748 1341 Suidas
778 1299 967 1353 πρόσισχε
997 1298 1039 1340 τὸ
1071 1299 1237 1354 πρόσεχε
1269 1332 1278 1340 .
1303 1331 1312 1340 .
1335 1331 1345 1340 .
1376 1298 1502 1349 οὕτως
1533 1299 1579 1340 δὲ
1608 1299 1676 1341 καὶ
1704 1298 1800 1341 ὑπί-

224 1369 365 1410 σχομαι
396 1351 437 1396 τὸ
467 1355 753 1410 ὑπισχνοῦμαι,
785 1358 830 1397 οί
843 1373 883 1398 τε
904 1357 1080 1411 τραγικοὶ
1109 1357 1176 1397 καὶ
1201 1356 1490 1410 Ἀριστοφάνης
1519 1359 1800 1399 κτλ.Ρ1101;1115

223 1413 456 1466 ὑπίσχεται·
501 1412 766 1466 ὑπισχνεῖται.
832 1429 961 1467 neque
1007 1417 1223 1467 συλλαβεῖν
1265 1412 1356 1470 (pro
1401 1414 1684 1467 συλλήψεσθαι
1728 1421 1800 1454 τοῦ

222 1467 467 1526 πράγματος)
487 1486 618 1523 neque
639 1469 855 1524 ὑπίσχομαι
875 1474 1103 1513 Atticorum
1125 1474 1405 1514 consuetudini
1431 1475 1632 1514 convenit.
1663 1473 1798 1524 itaque

222 1531 355 1569 nescio
393 1530 483 1579 quis
519 1543 600 1569 non
638 1531 799 1569 Atticus
841 1531 1002 1569 videtur
1043 1531 1166 1580 loqui.
1207 1531 1349 1570 Aesch.
1380 1531 1548 1570 Eumen.
1581 1531 1664 1571 804
1705 1543 1800 1571 sano

222 1585 428 1632 πανδίκως
479 1582 709 1637 υπίσχομαι.
763 1588 812 1626 cf.
852 1588 1025 1626 Meinek.
1065 1586 1110 1633 Q.
1150 1588 1358 1626 Menandr.
1396 1589 1463 1626 36.
1513 1587 1674 1627 Thesm-
1714 1588 1797 1626 344

222 1644 339 1683 hodie
368 1644 518 1694 legitur
546 1640 600 1681 ἅν
628 1640 852 1695 ὑπόσχηται
883 1641 949 1697 (ex
979 1643 1098 1694 cod.).

972 1778 1056 1820 616

426 1858 607 1912 ἔφευγε,
639 1855 762 1912 κάγώ
794 1859 871 1913 τῆς
900 1855 1106 1908 ὑπαντάξ
1139 1856 1335 1914 εἰχόμην.

334 1941 571 1980 1111131313111115
612 1941 743 1989 1442,
776 1943 800 1979 3
837 1936 1040 1991 ὑπαντάξ,
1077 1933 1128 1978 οὗ
1164 1938 1358 1992 μέμνηται
1397 1939 1541 1987 Αἴλιος
1583 1936 1795 1987 Διονύσιος

221 1994 347 2048 λέγων
377 1994 432 2043 ὥς
463 1996 582 2045 δηλοῖ
607 1995 649 2035 τὸ
680 1995 719 2044 ἐξ
749 1994 944 2046 ἐναντίας,
977 1996 1112 2049 φέρων
1142 1997 1197 2045 εἰς
1227 2003 1371 2049 χρῆσιν
1411 1995 1451 2045 ἐξ
1479 1993 1793 2049 Ἀριστοφάνους

220 2056 300 2092 κτλ.
334 2055 383 2092 ef.
411 2055 531 2092 etiam
553 2054 722 2104 Hesych.
747 2050 942 2102 ὑπαντάξ.
975 2055 1043 2105 τῆς
1073 2051 1145 2093 ὑπ.
1178 2056 1205 2093 1.
1228 2068 1260 2096 e.
1282 2052 1394 2094 ὁδοῦ.
1427 2055 1496 2094 sed
1526 2068 1599 2104 pro
1629 2050 1793 2105 εἰχόμην

221 2111 473 2149 scribendum
503 2112 663 2150 videtur
692 2107 898 2164 ᾠχόμην.
931 2112 980 2151 cf.
1011 2112 1111 2152 Ran.
1148 2113 1241 2151 174.
1270 2113 1442 2151 Lobeok.
1466 2111 1585 2162 Soph.
1607 2112 1672 2150 Ai.
1697 2112 1793 2150 731.

220 2168 426 2217 Aristoph.
459 2167 579 2218 Vesp.
615 2169 739 2207 1155.
774 2169 897 2208 Thue.
919 2170 958 2217 4,
981 2171 1049 2218 47,
1073 2170 1110 2208 2.
1135 2171 1172 2219 2,
1196 2171 1262 2218 91,
1285 2170 1323 2208 3.
1354 2169 1454 2208 Xen.
1476 2169 1607 2208 Anab.
1633 2171 1669 2216 1,
1692 2171 1732 2219 3,
1758 2170 1795 2208 1.

967 2302 1049 2344 617

425 2378 599 2423 οὔκουν
628 2379 676 2435 μ’
710 2379 856 2431 ἐάσεις
886 2379 1286 2437 ἄναμετρήσασθαι
1316 2380 1448 2432 τάδε;

333 2464 501 2503 Bekker.
533 2465 684 2505 Aneed.
718 2466 783 2510 57,
811 2466 860 2502 14
891 2460 1044 2503 οὐκοῦν
1081 2495 1090 2503 .
1114 2495 1122 2503 .
1146 2498 1154 2506 .
1181 2463 1249 2503 καὶ
1278 2459 1676 2516 παρἈριστοφάνει
1706 2466 1789 2506 κτλ.

218 2514 307 2559 ἀντὶ
338 2522 407 2559 τοῦ
436 2515 508 2559 οὐκ
547 2519 676 2568 ἐάσεις
714 2514 790 2560 οὖν
825 2535 885 2571 με
933 2522 982 2563 cf.
1021 2535 1122 2572 quae
1160 2522 1438 2561 adnotavimus
1475 2522 1524 2560 ad
1555 2521 1657 2559 Nub.
1693 2522 1790 2561 203.

963 2655 1047 2698 618

424 2731 512 2775 ὑπὸ
543 2736 624 2776 τοί
654 2735 848 2789 γέλωτος
878 2734 941 2784 εἰς
971 2734 1118 2776 Γέλαν
1148 2732 1380 2789 ἀφίξομαι.

333 2816 532 2854 Plutarch.
566 2818 665 2856 Mor.
698 2819 815 2856 853b
845 2818 951 2856 inter
980 2817 1058 2855 alia
1085 2816 1368 2878 Aristophanis
1410 2817 1647 2867 fragmenta.
1707 2813 1788 2859 ὑπὸ

219 2872 288 2911 τοῦ
320 2871 479 2924 El.msl]
512 2867 602 2914 ὑπὸ.
634 2871 764 2913 Ιέλαν
791 2871 1016 2926 Xylander]
1055 2865 1098 2911 τὸ
1131 2873 1262 2925 γελᾶν.
1295 2873 1345 2913 cf.
1377 2873 1474 2912 Ach.
1511 2875 1606 2913 606.
1811 2881 1816 2887 “
