1872 3224
200 206 285 249 55ss
774 201 1164 236 ΑΡΙΣΤΟΦΑΝΟΤΣ

956 302 1041 346 665

409 393 508 428 νεῖν
540 385 586 436 ἐξ
617 381 779 436 ὑπτίας
1380 437 1382 439 ¹

313 468 485 521 μάθημα
501 468 764 520 κολυμβητῶν
774 460 1063 521 Ἀριστοφάνης
1081 459 1166 505 εἷπε
1179 462 1247 504 καὶ
1260 462 1444 504 Πλάτων.
1462 466 1609 506 Pollux
1627 467 1666 516 7,
1686 465 1780 507 138.

949 577 1033 621 666

407 660 457 702 αἰ
484 661 577 704 τῶν
609 662 845 716 γυναικῶν
875 658 1064 714 παγίδες

313 740 406 790 τοὺς
437 741 610 795 κόσμους
641 742 710 783 καὶ
739 737 807 790 τας
839 739 1041 794 ἐσθῆτας,
1079 735 1145 788 αἷς
1175 745 1349 792 χρῶνται
1385 740 1433 780 αἶ
1463 743 1653 793 γυναῖκες
1689 744 1780 782 καλ-

199 799 476 852 λωπιζόμεναι,
508 800 725 853 παγίδας
757 795 868 840 εἶπεν
895 796 1202 851 Ἀριστοφάνης.
1231 798 1403 838 Bekker.
1435 799 1587 843 Aneod.
1623 801 1687 849 18,
1711 801 1778 846 23.

198 859 248 898 cf.
281 859 469 910 Amphid.
502 860 569 899 23.
601 859 650 898 ad
682 858 1113 909 Thesmophoriazusas
1142 857 1288 895 alteras
1319 856 1446 896 refert
1474 855 1663 897 Dindorf.

947 967 1028 1011 667

403 1047 731 1106 ἀπεριλάλητος
762 1047 991 1104 Αἰσχύλος

258 1112 262 1114 -
312 1133 455 1172 Pollux
498 1135 657 1182 2,125
699 1131 741 1171 τὸ
781 1134 1017 1171 καταλαλεῐν
1053 1128 1160 1183 παρὰ
1196 1125 1468 1183 Ἀριστοφάνει
1508 1128 1628 1184 (Rau.
1663 1128 1778 1187 752),

197 1188 264 1229 καὶ
295 1186 441 1241 ὁμοίως
473 1187 498 1242 ἡ
530 1164 705 1242 λάλησις,
738 1188 805 1229 καὶ
835 1186 904 1229 ἆπ.
936 1189 1054 1241 Αἰσχ.

945 1311 1028 1356 668

403 1392 671 1448 λαλίστερόν
701 1391 748 1436 σ’
781 1391 954 1448 εὕρηκα

311 1477 450 1528 Etym.
482 1490 534 1516 m.
567 1479 633 1523 31,
669 1478 721 1515 14
747 1469 1079 1529 Ἀριστοφάνης.
1107 1506 1116 1514 .
1141 1504 1150 1513 .
1181 1472 1249 1514 καὶ
1277 1471 1401 1514 πάλιν
1429 1503 1438 1514 .
1462 1504 1471 1513 .
1497 1503 1507 1513 .
1537 1471 1606 1513 καὶ
1633 1475 1668 1514 λ.
1689 1478 1774 1515 κτλ.

196 1529 234 1570 σ’
267 1530 420 1601 εὕρηκα
458 1534 646 1574 Dindorf.
678 1534 776 1576 Ach.
807 1531 909 1586 425]
950 1530 1102 1585 ευρηκά
1142 1542 1198 1571 σε.
1259 1532 1431 1572 fortasse
1468 1529 1695 1585 λαλίστερον
1730 1527 1772 1572 δ’

195 1587 346 1643 εὕρηκᾴ
376 1585 429 1629 σ’.

942 1677 1027 1721 669

403 1756 569 1815 ἄχθομ’
603 1757 746 1802 αὐτοῦ
777 1761 838 1816 τῷ
871 1757 1000 1816 §vam

308 1836 398 1880 ἀντὶ
428 1846 498 1881 τοῦ
528 1846 576 1896 τῇ
611 1838 875 1897 ἀνελευθερία
913 1838 981 1880 καὶ
1016 1838 1642 1894 μικρολογία.811.ἱᾶ.οἶχθομαι
1671 1868 1682 1880 .
1715 1869 1726 1880 .

191 1894 516 1951 Ἀριστοφάνης.
573 1898 721 1951 .(Ach.
756 1896 830 1952 63)
860 1896 928 1938 καὶ
959 1896 1141 1950 ἄχθομαι
1169 1899 1252 1936 κτλ.
1285 1898 1467 1948 sequitur
1496 1897 1641 1936 deinde
1670 1897 1770 1938 Aah.

197 1958 327 2004 1100,
360 1959 407 1995 ut
448 1957 624 1996 dubitari
663 1970 744 1997 non
782 1957 911 2008 possit
948 1956 1047 2007 quin
1088 1955 1210 1995 etiam
1246 1955 1423 1995 medium
1461 1954 1687 2005 exemplum
1723 1967 1771 1995 ex

195 2014 464 2063 Aristophane
495 2015 548 2054 sit
588 2015 884 2066 depromptum.
944 2013 1138 2054 indicavit
1175 2013 1421 2052 Fritzschius
1461 2012 1508 2060 Q.
1540 2012 1667 2052 Arist.
1699 2012 1768 2051 81.

194 2070 243 2111 cf.
275 2070 444 2110 Bekker.
476 2071 625 2110 Anecd.
655 2072 751 2120 474,
786 2073 852 2111 19.

940 2183 1026 2226 670

399 2262 470 2316 ἔχε
501 2255 555 2316 δὴ
588 2260 664 2304 καὶ
694 2261 853 2304 σκόπει,

307 2344 442 2383 Lexic.
478 2358 541 2396 gr.
582 2358 696 2385 anon.
738 2346 856 2384 Laur.
895 2347 1001 2396 apud
1029 2346 1297 2386 Herwerden.
1338 2343 1454 2384 stud.
1486 2343 1572 2382 crik-
1604 2343 1657 2382 93
1689 2339 1767 2393 ἔχω

195 2431 203 2438 .
229 2430 236 2438 .
270 2397 313 2438 τὸ
343 2398 468 2452 ἐπέχω
498 2398 567 2439 καὶ
597 2399 747 2453 κατέχω
778 2398 1028 2454 ἆμετάβατον
1058 2400 1231 2452 ἐμαυτὸν
1270 2396 1475 2452 δηλονότι,
1513 2395 1569 2446 ὥς
1595 2394 1766 2450 Ἀριστο-

192 2454 326 2508 φάνης
346 2460 428 2500 κτλ.
451 2455 511 2509 ἔχε
527 2458 735 2499 Herwerd.
741 2456 787 2512 ]'
772 2457 862 2510 ε’χει.
883 2457 950 2498 καὶ
972 2460 1067 2500 eicit
1081 2459 1388 2508 Herwerdenus‚
1408 2457 1493 2498 sine
1513 2456 1765 2496 necessitate.

938 2594 1019 2637 671

839 2671 1148 2729 Ἐξηκεστίδης
1177 2653 1293 2728 ἔχων
1323 2669 1486 2726 λύραν,

397 2741 532 2794 ἔργον
563 2739 787 2796 Εὐδόξου,
818 2744 1005 2785 τιταίνει
1035 2744 1241 2795 ψίθυρον
1272 2736 1418 2795 εὐηθη
1448 2736 1603 2794 νόμον.

307 2821 437 2863 Schol.
466 2823 544 2862 Av.
579 2826 625 2862 11
662 2822 740 2862 ε’στι
769 2822 814 2864 δὲ
843 2822 912 2864 καὶ
941 2822 1069 2877 ἕτερος
1100 2820 1412 2892 (Ἐξηκεστίδης)
1452 2818 1578 2873 ἔχων
1605 2817 1762 2873 λύραν

193 2875 336 2932 ἔργον
364 2875 593 2930 Εὐδόξου
624 2880 843 2923 τιταίνει
881 2880 1110 2936 ψίθυρον
1146 2876 1308 2933 εὐήθη
1347 2874 1510 2932 νόμον.
1567 2874 1761 2931 μέμνηται
