1872 3224
629 186 841 221 ΑΔΗΛῼΝ
878 186 1152 221 ΔΡΑΜΑΤῼΝ
1600 186 1677 230 107

54 290 58 291 ’
89 305 241 346 pagum
271 292 380 332 inter
409 293 451 331 et
482 305 614 332 arcem
645 293 766 332 sitam
799 289 1060 344 (Thucyd.2,
1086 295 1151 333 17.
1183 293 1463 333 Wachsmuth.
1495 294 1640 337 Athen
1662 295 1682 333 1

46 352 65 380 ί
85 347 210 420 291).
260 363 507 401 quamquam
547 350 694 389 Strabo
737 352 784 391 9.
815 351 897 390 401
932 349 1204 403 Πελασγοὺς.
1268 380 1279 401 ,
1317 347 1392 401 ἀφ’
1428 366 1489 391 ων
1527 348 1681 403 ἐκλήθη

89 403 208 461 μέρος
239 421 276 447 τι
313 407 382 459 τῆς
419 402 570 454 πόλεως
601 405 879 460 Πελασγικόν·
919 407 1086 464 α’)’κησαν
1116 406 1161 448 δὲ
1196 405 1278 449 ὑπὸ
1311 414 1365 465 τῷ
1391 405 1580 465 Ὑμηττῷ.
1633 411 1681 449 de

46 471 49 473 ’
91 479 187 506 voce
217 463 343 519 α’γκος
366 466 415 506 cf.
418 468 601 535 ,praeter
622 466 742 507 Hom.
763 466 812 506 Il.
831 467 900 511 20
923 468 1019 507 490.
1053 467 1128 507 Od.
1152 468 1191 516 4,
1216 469 1297 507 337
1330 468 1515 518 inprimis
1537 469 1680 519 Eurip.

34 530 46 554 ”-
90 523 233 564 Bacch.
270 525 375 564 1051
409 520 534 576 ἄγκος
566 519 940 575 ἀμφίκρημνον.
982 524 1130 565 Her.od
1166 527 1203 575 6,
1238 527 1303 567 74.
1343 526 1443 565 Xen.
1475 526 1608 566 Anab.
1641 527 1678 574 4,

94 583 131 631 1,
155 583 194 622 7.
227 581 382 634 Cyneg.
418 584 483 631 10,
510 583 579 621 19.
613 582 915 623 Wilamowitzii
947 585 1218 624 commentum
1252 582 1405 636 (Herm.
1437 584 1558 623 XIIII
1583 585 1680 636 183)

89 640 220 681 sciens
250 640 544 692 praetermitto.

842 730 928 773 322

166 812 261 854 τῶν
292 810 498 868 αἰσχρῶν
529 812 707 867 φίλοισι
736 809 1033 868 χαριζόμενον
1063 810 1272 869 πονηρὸν
1302 811 1446 856 αὐτὸν
1476 810 1607 859 εἶναι.

19 936 23 938 ,
207 895 379 936 Aristid.
412 897 468 936 50
504 910 544 947 p.
577 897 659 936 565
696 896 820 936 Dind.
862 893 962 948 φησὶ
1002 897 1201 966 Κρατίνος
1241 896 1320 936 τῶν
1357 897 1535 949 αἰσχρῶν
1580 892 1683 938 εἶναι

20 954 26 982 ἶ
93 952 247 1005 φίλοισι
283 976 340 982 -
375 947 491 993 εἶναι.
544 959 625 993 τῶν
654 952 843 1008 αἰσχρῶν]
884 947 1046 1007 αἰσχρὸν
1085 951 1130 994 δὲ
1170 956 1396 995 Meinekius
1434 954 1589 1009 (turpe
1630 961 1684 997 est

0 998 43 1058 ss
93 1014 232 1053 amicis
261 1014 319 1052 ita
353 1014 594 1063 yratificari,
633 1017 678 1053 ut
705 1015 789 1063 ipse
803 1026 967 1079 ’pravus
1000 1015 1078 1062 fias
1090 1010 1122 1066 ⁹)
1154 1015 1282 1053 metro
1313 1014 1453 1052 eodem
1484 1015 1591 1065 quod
1621 1017 1683 1055 est

0 1066 17 1097 ff·
86 1071 136 1110 fr.
162 1071 258 1111 238.
291 1071 374 1120 9,‘
378 1071 457 1111 nisi
489 1071 598 1123 quod
629 1072 814 1111 anacrusi
843 1072 887 1112 in
917 1072 999 1112 illis
1030 1084 1126 1112 usus
1158 1073 1218 1112 est
1249 1072 1464 1124 disyllaba’
1471 1101 1479 1110 .

847 1207 934 1250 323

295 1285 434 1345 χαῖρ’,
466 1281 503 1331 ὦ
533 1285 632 1344 μέγ’
666 1286 965 1344 ἄχρειόγελως
995 1286 1124 1344 ὄμιλε
1153 1296 1251 1339 ταῖς
1283 1289 1507 1346 ἐπίβδαις,

294 1359 374 1414 τῆς
401 1354 622 1414 ἡμετέρας
651 1359 818 1414 σοφίας
848 1356 1005 1415 κριτὴς
1034 1355 1193 1413 ἄριστε
1224 1357 1425 1414 πάντων,

299 1424 533 1483 εὐδαίμον’
567 1427 714 1470 ἔτικτέ
741 1438 793 1470 σε
822 1428 970 1484 μήτηρ
1002 1427 1164 1483 ἰκρίων
1195 1427 1406 1484 ψόφησις.

154 1534 156 1537 >
202 1511 468 1563 Hephaestio
493 1512 565 1559 15,
598 1512 622 1550 2
655 1510 696 1551 οἵ
722 1507 768 1551 δὲ
803 1507 890 1563 μετ’
925 1507 1051 1551 αὐτὸν
1081 1508 1346 1566 (Ἀρχίλοχον)
1386 1518 1435 1567 τῇ
1475 1510 1555 1565 μὲν
1586 1514 1682 1568 τομῇ

88 1567 246 1620 (versus
277 1569 528 1613 Archilochii
559 1567 802 1623 asynarteti)
841 1567 1079 1637 ἀδιαφόρως
1117 1566 1355 1641 ἐχρήσαντο,
1396 1568 1531 1624 ὥσπερ
1570 1573 1680 1623 Κρα-

87 1629 195 1675 τῖνος
225 1623 332 1680 χαῖρ’
365 1627 397 1667 ὠ
428 1628 509 1670 κτλ.
543 1624 726 1667 ἐνταῦθα
755 1625 832 1680 γὰρ
864 1622 1009 1679 ὁμοίως
1041 1621 1083 1667 τὸ
1115 1626 1247 1678 τρίτον
1276 1625 1462 1680 τέτμηται
1492 1632 1573 1677 τοῖς
1592 1626 1680 1681 ’Λρ-

89 1683 309 1737 χιλοχείοις,
341 1699 388 1724 τα
420 1683 465 1724 δὲ
495 1683 572 1739 πρὸ
601 1681 731 1725 αὐτοῦ
762 1682 862 1735 δύο,
901 1683 979 1734 πρὸ
1011 1686 1231 1738 συλλαβῆς.
1292 1687 1492 1738 Κρατῖνος
1524 1685 1568 1726 έν
1599 1690 1681 1735 τοῖς

87 1741 284 1791 τοιούτοις
314 1743 362 1782 Ε.
396 1743 540 1792 Τ111·11.,
574 1744 681 1783 unde
711 1740 757 1782 ἐν
786 1747 868 1792 τοῖς
900 1741 1100 1793 Πλούτοις
1131 1745 1306 1784 Meinek.
1339 1745 1388 1784 ad
1419 1745 1681 1785 Archilochos

88 1801 252 1841 rettulit
280 1802 454 1853 Raspius
485 1801 588 1852 Eup.
621 1799 726 1853 Δήμ.
763 1803 858 1843 108.
883 1803 930 1855 9,
962 1803 1076 1842 nulla
1105 1803 1361 1842 necessitate.
1421 1800 1521 1855 μέγα
1553 1816 1681 1856 χρειο-

86 1855 210 1928 γέλως
248 1853 429 1910 ὁμιλετὴς
470 1856 656 1911 ἑπίβδαις
695 1855 1115 1912 Τ111·11.αχραιόγελος
1152 1856 1177 1900 ὃ
1212 1862 1345 1911 μιταῖς
1384 1856 1681 1911 Ρ1.ὁμι1ετεῐν

88 1915 133 1957 C.
165 1911 366 1968 ὁμῖλεταῖς
396 1917 440 1958 Ρ.
499 1918 539 1957 3.
573 1915 700 1957 ἔκτισε
731 1931 771 1956 τε
802 1939 856 1945 —
887 1915 1078 1970 ψόφησιν
1106 1919 1166 1958 Fl.

203 1969 537 2027 ἅχρειόγελως
570 1976 745 2026 sumpsit
774 1988 822 2015 ex
853 1976 974 2016 Hom.
1009 1975 1082 2017 Od.
1119 1977 1300 2023 18,163
1330 1971 1492 2046 ἀχρεῖον
1522 1973 1562 2014 ‹5’
1597 1973 1679 2029 ἐγέ-

86 2033 221 2071 λασσε.
254 2032 427 2072 Bekker.
459 2032 612 2072 Anecd.
645 2034 744 2085 475,
779 2035 802 2072 7
835 2036 877 2073 et
907 2030 1310 2085 8111ᾶ.ἆχρειόγελως
1340 2031 1584 2084 ἅνθρωπος·
1619 2030 1679 2088 (ὁ)

88 2086 154 2128 ἐπὶ
187 2091 268 2137 τοῖς
289 2085 502 2142 ἅχρηστοις
523 2088 591 2129 καὶ
610 2088 665 2142 μὴ
687 2089 920 2139 σπουδαίοις
941 2093 1082 2144 γελῶν.
1113 2089 1282 2144 ὅμιλος
1314 2094 1376 2133 est
1406 2094 1680 2143 spectatorum

88 2148 131 2187 in
160 2147 320 2187 theatro
352 2160 575 2187 consessus.
621 2148 772 2188 Herod.
807 2151 843 2199 1,
877 2150 931 2189 88
963 2145 984 2188 ὁ
1017 2147 1160 2197 πολλὸς
1191 2146 1326 2200 όμιλος
1359 2148 1515 2201 (populi
1542 2151 1679 2190 multi-

87 2203 220 2256 tudo).
283 2202 365 2244 ἕπί
407 2203 518 2252 δαις
551 2205 989 2258 Sch01.Pind.Pyth.
1021 2208 1068 2259 4,
1101 2208 1183 2247 249
1223 2203 1385 2259 ἒπίβδαι
1423 2206 1572 2259 κυρίως
1610 2222 1678 2246 κα-

87 2262 252 2302 λοῦνται
281 2277 322 2302 αι
374 2259 546 2315 πόμε-ναι
565 2260 768 2318 (ἐχόμεναι
778 2260 818 2319 ?)
841 2269 922 2304 τῶν
950 2262 1102 2315 ἕορτων
1120 2261 1275 2333 ἡμέραι,
1297 2265 1344 2305 αἵ
1358 2262 1580 2318 μεθέορτοι,
1604 2295 1612 2304 .
1637 2295 1645 2303 .
1670 2295 1679 2305 .

87 2314 176 2359 οἷον
195 2315 438 2373 ἐπαγόμεναι
459 2326 507 2375 τῇ
524 2318 653 2376 ἑορτῇ.
675 2322 792 2362 Phot.
814 2319 1026 2375 μεθέορτοι
1045 2318 1208 2376 ἡμέραι·
1230 2318 1280 2370 οἷς
1302 2337 1406 2371 τινες
1429 2320 1617 2375 ἐπίβδας·
1639 2322 1686 2362 αι

89 2380 177 2425 ταῖς
199 2375 353 2430 ἑορταῖς
375 2375 619 2431 ἐπαγόμεναι
641 2376 841 2435 (repotia).
869 2382 1030 2431 proprie
1051 2383 1240 2431 quartum
1262 2381 1552 2432 Apaturiorum
1573 2381 1679 2421 diem

88 2432 262 2487 ἕπίβδαν
292 2436 372 2476 dici
401 2436 628 2488 Hesychius
658 2438 786 2477 tradit
816 2434 1109 2492 (Ἀπατούρια).
1141 2439 1191 2478 cf.
1218 2439 1430 2478 Ruhnken.
1454 2439 1559 2478 Tim.
1586 2441 1679 2481 119.

89 2490 228 2544 ἴκρια
259 2490 329 2548 (of.
358 2493 507 2546 Bergk.
539 2495 589 2534 R.
622 2508 654 2535 c.
678 2496 767 2535 Att.
792 2493 868 2549 11)
899 2509 981 2536 non
1012 2498 1108 2536 sunt
1138 2497 1320 2536 tabulata
1348 2496 1420 2535 illa
1448 2509 1550 2546 quae
1581 2497 1678 2537 olim

87 2550 274 2590 ludorum
317 2551 461 2592 diebus
496 2553 540 2591 in
578 2549 665 2592 foro
704 2553 840 2593 subito
878 2554 1207 2602 exstruebantur,
1249 2551 1592 2605 cf.Phot.1.'xptoc
1626 2577 1673 2584 —

87 2609 123 2647 is
154 2609 262 2647 enim
292 2621 380 2648 mos
402 2608 558 2649 Cratini
588 2613 719 2650 aetate
740 2611 996 2659 obsoleverat
1027 2635 1077 2640 —-
1110 2611 1180 2651 sed
1211 2611 1326 2651 sedes
1356 2612 1486 2661 ipsius
1516 2612 1676 2663 theatri,

89 2667 136 2704 ut
167 2665 376 2716 Aristoph.
410 2666 571 2709 Thesm.
605 2668 704 2707 395.
736 2670 863 2708 totius
893 2669 1113 2720 fragmenti
1152 2669 1354 2708 sententia
1392 2669 1677 2709 obscurissima

90 2723 166 2762 est.
198 2735 243 2762 ac
270 2723 444 2774 Raspius
474 2725 635 2775 quidem
659 2722 781 2778 (114)
814 2725 1024 2766 Cratinum
1055 2727 1176 2776 putat
1204 2725 1368 2765 finxisse
1398 2726 1578 2765 fabulam
1611 2729 1677 2779 agi
1716 2773 1720 2775 ,

88 2780 277 2831 repotiis,
309 2781 534 2822 Meinekius
572 2784 708 2822 autem
747 2782 904 2823 Cratini
941 2783 1116 2823 fabulam
1153 2784 1195 2822 in
1236 2784 1533 2823 comoediarum
1573 2798 1677 2824 com-

89 2837 281 2877 missione
310 2839 479 2878 tertium
507 2839 640 2879 locum
671 2841 859 2881 sortitam
890 2854 990 2881 esse.
1023 2843 1066 2880 at
1084 2841 1127 2880 id
1148 2839 1340 2881 Cratinus
1371 2841 1550 2880 fabulam
1581 2843 1675 2881 scri-

92 2894 193 2935 bens
225 2895 326 2936 scire
362 2896 475 2936 nullo
512 2897 631 2937 modo
667 2900 842 2949 poterat.
904 2899 1065 2939 videtur
1103 2902 1172 2949 τῆς
1211 2896 1379 2951 ἑπίβδας
1419 2899 1675 2940 scribendum
