1872 3224
186 162 270 204 356
817 155 1120 190 ΕΤΠοΛΙΔοΣ

187 267 292 306 enim
325 266 373 304 ab
404 264 602 315 Eupolide
634 262 839 312 Euripidis
870 260 1201 300 consuetudinem
1240 259 1398 299 duobus
1437 258 1548 299 chori
1578 259 1763 300 versibus
1837 298 1840 302 ,

185 324 338 376 utendi,
370 323 439 362 ubi
470 323 624 361 veteres
655 319 801 370 tragici
832 319 1032 358 canticum
1062 317 1283 369 posuerint.
1734 338 1736 340 v

935 453 1020 496 364

311 539 482 577 Bekkcr.
513 537 668 579 Anecd.
702 538 798 585 335,
831 538 884 576 32
915 533 1066 607 ἄγαμαι
1095 533 1259 586 τούτου,
1289 527 1439 604 άγαμαι
1468 536 1641 587 κεραμεῖ.
1679 531 1768 574 Εὔ-

191 598 304 641 πολις
335 593 402 634 καὶ
428 588 730 646 Ἀριστοφάιης.
762 594 909 634 Moeris
938 591 1089 646 άγαμαι
1103 587 1360 645 Ὑπερβόλου.
1389 587 1587 639 Ἀττικαῖς.
1617 588 1771 644 ἄγαμαι

189 651 409 705 κεραμείων
438 653 650 692 Ruhnken.
675 652 779 691 Tim.
804 653 842 691 8.
873 649 1028 703 α’γαμαι
1058 648 1259 702 κεραμέως
1290 651 1356 690 vel
1386 646 1538 702 ἄγαμαι
1565 645 1768 702 κεραμέως

183 706 433 762 Ὑπερβόλου
473 710 709 749 Meinckius.
759 709 854 759 quid
887 712 1023 748 autem
1055 709 1096 748 in
1134 709 1195 748 his
1225 707 1436 758 Eupolidi‚
1478 707 1577 758 quid
1606 707 1769 747 Aristo-

187 768 308 818 phani
339 767 597 807 tribuendum
630 768 683 807 sit
712 767 879 806 dubium
910 771 983 806 est.

938 889 1023 931 365

305 974 446 1013 Pollux
481 976 518 1023 6,
552 974 605 1012 56
637 970 705 1011 καὶ
735 969 920 1010 πασταὶ
950 968 996 1010 δέ
1025 970 1098 1011 εἶσι
1128 968 1253 1022 ζωμὸς
1283 966 1479 1021 ἀλφίτων,
1510 966 1564 1017 ὥς
1583 962 1768 1021 Εὔπολίς

191 1042 306 1082 φησι,
339 1032 479 1083 ζωμῶν
508 1026 691 1081 ἀλφίτων
719 1027 852 1082 μέτρα.
886 1029 1110 1069 Meinekius
1142 1029 1319 1079 Eupolin
1351 1028 1499 1068 dixisse
1530 1030 1667 1069 censet
1694 1040 1770 1067 πα·
1802 1058 1805 1061 -

191 1088 298 1138 σταί,
332 1087 457 1140 ζωμὸς
479 1084 660 1137 αλφίτων
679 1085 787 1138 μέτα.
819 1087 869 1126 cf.
892 1087 1099 1138 Aristoph.
1124 1087 1220 1126 688
1251 1086 1426 1137 Hesych.
1448 1083 1604 1124 πάστα·
1627 1085 1777 1139 βρῶμα

192 1144 234 1184 ἐκ
266 1145 388 1198 τυροῦ
419 1142 572 1184 ἆνάλου
604 1147 707 1210 (sine
735 1145 833 1194 sale)
863 1141 959 1195 μετὰ
992 1141 1236 1195 σεμιδάλεως
1267 1140 1335 1181 καὶ
1358 1141 1557 1194 σησαμίου
1578 1139 1768 1190 σκευαζό-

189 1202 396 1254 μενον.οἱ
423 1199 467 1242 δὲ
499 1200 609 1250 ἔτνος
639 1195 822 1252 ἆλφίτοις
852 1198 1105 1254 μεμιγμένον.
1137 1214 1182 1241 ac
1212 1201 1269 1242 sic
1299 1200 1417 1240 Phot.
1450 1198 1596 1239 παστά.

940 1336 1026 1379 366

307 1421 536 1460 Athenaeus
570 1423 605 1468 1,
638 1423 696 1459 3a
733 1418 866 1459 πάντα
905 1416 949 1458 δὲ
979 1424 1105 1458 ταῦτα
1142 1416 1268 1470 μόνον
1306 1416 1482 1471 ἐξευρεῖν
1512 1416 1556 1457 ἐκ
1584 1420 1784 1458 παλαιῶν·

193 1476 470 1529 ψηφισμάτων
499 1492 566 1516 και
596 1474 806 1547 δογμάτων
836 1475 1056 1530 τηρήσεως,
1089 1474 1144 1515 ἔτι
1174 1473 1247 1515 δὲ
1250 1472 1385 1527 νόμων
1417 1480 1669 1529 συναγωγῆς,
1698 1471 1770 1523 οθς

192 1533 247 1573 ε’τι
277 1534 555 1586 διδάσκουσιν,
587 1531 641 1582 ὥς
674 1549 726 1572 τα
750 1533 1022 1586 Πινδάρου
1052 1530 1073 1572 ὁ
1103 1531 1398 1588 κωμωδιοποιὸς
1420 1531 1600 1581 Εὔπολίς
1630 1542 1772 1586 φησιν,

191 1590 272 1644 ἤδη
303 1590 704 1644 κατασεσιγασμένων
733 1588 813 1631 ὑπὸ
844 1591 914 1643 τῆς
946 1591 1027 1630 τῶν
1056 1592 1212 1630 πολλῶν
1242 1587 1518 1641 αφιλοκαλίας.
1569 1591 1619 1630 ad
1649 1590 1771 1634 Helo-

193 1653 254 1690 tas
286 1650 413 1690 refert
443 1651 617 1689 Meinek.
650 1649 691 1689 II
722 1650 818 1690 482.
851 1650 903 1690 cf.
937 1649 984 1690 fr.
1020 1649 1113 1688 139.

941 1784 1023 1827 367

311 1867 441 1907 801101.
477 1867 683 1918 Aristoph.
715 1867 802 1909 Pac.
836 1867 919 1906 740
955 1866 1010 1914 εἰς
1049 1859 1096 1905 τοὶ
1127 1863 1269 1918 ῥάκια·
1312 1861 1366 1912 ὥς
1397 1864 1559 1905 τοιαῦτα
1590 1859 1771 1919 εἰσαγόν-

196 1939 278 1963 των
307 1924 388 1963 miv
418 1923 552 1963 ἄλλων
580 1923 780 1975 κωμικῶν,
813 1922 1156 1977 ρακοφοροῦντας.
1189 1922 1402 1963 αἰνίττεται
1431 1919 1476 1962 δὲ
1497 1922 1553 1970 εἰς
1574 1920 1771 1963 Εὔπολιν.
1812 1979 1820 1986 .

195 1981 528 2034 ῥακοφοροΰντας
560 1983 673 2022 deest
703 1982 746 2021 in
776 1982 823 2023 R.

943 2082 1028 2125 368

313 2165 445 2205 Schol.
477 2165 683 2216 Aristoph.
718 2166 790 2216 Eq.
825 2166 922 2215 941,
953 2166 1021 2216 qui
1053 2178 1191 2204 versus
1221 2166 1348 2204 soluta
1385 2166 1559 2204 oratione
1598 2164 1772 2216 scriptus
1850 2193 1857 2200 .

201 2226 274 2274 cst,
306 2220 376 2261 τὸν
405 2219 524 2269 πεζὸν
553 2218 691 2274 λόγον·
724 2221 805 2261 ἔστι
825 2219 870 2261 δὲ
890 2217 1014 2262 πολλὰ
1048 2222 1230 2274 (τοιαῦτα
1252 2222 1342 2261 add.
1364 2220 1555 2272 Meinek.)
1585 2219 1652 2261 καὶ
1671 2217 1770 2273 παρ’

199 2275 397 2319 Εὐπόλιδι
426 2277 735 2331 σεσημειωμένα.

945 2368 1031 2411 369

326 2452 458 2491 801101.
492 2452 617 2492 Arist.
650 2452 808 2494 Thesm.
839 2453 921 2492 828
960 2448 1148 2517 συνέχεεν
1187 2443 1369 2516 (στρατια
1397 2453 1440 2492 et
1470 2446 1673 2504 στρατεία)
1708 2447 1775 2490 καὶ

205 2503 324 2555 ουτος
356 2505 410 2556 ὥς
445 2506 624 2556 Εὔπολις
661 2507 871 2557 πολλάκις·
909 2502 1069 2561 στρατιὰ
1097 2505 1172 2560 μὲν
1207 2506 1284 2562 γὰρ
1313 2501 1358 2547 τὸ
1384 2510 1561 2560 πλῆθος,
1593 2506 1775 2560 στρατεία

205 2563 251 2604 δὲ
285 2564 309 2616 ἡ
343 2562 584 2617 στράτευσις.
617 2567 665 2606 cf.
699 2567 905 2618 Aristoph.
936 2568 1008 2617 Eq.
1042 2567 1139 2607 587
1169 2565 1294 2617 Vesp.
1317 2566 1411 2605 354.
1436 2566 1531 2605 557.
1562 2565 1657 2616 Lys.
1679 2566 1774 2606 592.
1795 2609 1798 2612 ,

945 2700 1032 2743 370

317 2756 448 2821 SchoI.
471 2782 681 2834 Aristoph.
711 2785 789 2824 Av.
824 2785 890 2822 78.
930 2783 1061 2822 Draco
1094 2783 1273 2822 Straton.
1307 2783 1375 2821 86.
1429 2781 1573 2821 Suidas
1603 2776 1770 2834 τορύνη·

203 2837 350 2889 τορύνη
383 2845 590 2889 πανταχοῦ
628 2837 827 2879 ἐκτέταται
858 2837 922 2894 (ὗ)
954 2839 991 2879 εἰ
1025 2836 1081 2890 μὴ
1111 2835 1208 2889 παρ’
1237 2834 1450 2880 Εὐπόλιδι.
1502 2839 1552 2878 cf.
1584 2838 1772 2879 Dindorf.
