1872 3224
220 190 304 232 576
339 155 349 158 α
806 187 1198 221 ΑΡΙΣΤΟΦΑΝΟΤΣ

975 288 1057 331 789

429 349 774 401 θυλακοφορεῖν

334 428 425 476 τοὺς
455 426 666 479 μεταλλέας
684 426 978 498 Ἀριστοφάνης
994 426 1083 480 ἔφη.
1116 429 1260 468 Pollux
1284 430 1436 478 7,100.
1469 430 1576 469 idem
1609 418 1676 480 10,
1709 430 1790 470 149
1867 429 1870 434 ’

219 490 521 538 θυλακοφορεῖν
562 484 636 537 μὲν
680 483 770 533 τοὺς
814 483 1027 535 μεταλλέας
1073 485 1115 525 οἵ
1154 485 1340 540 κωμῳὸοι-
1384 483 1556 552 λέγουσι.
1616 481 1795 538 Hesych-

220 540 515 595 θυλακοφόροι
548 543 588 582 οἵ
612 546 833 594 μεταλλεῖς,
863 541 1063 590 θυλάκοις
1094 542 1372 595 περιφέροντες
1404 538 1452 582 τὰ
1471 539 1660 595 ἀρώματα
1682 540 1798 596 (ὀρύ-

219 616 346 654 γματα
362 602 535 641 Meinek.
540 599 571 654 ).
602 601 769 641 Photius
784 599 1084 652 θυλακοφόροι·
1116 601 1157 639 οἱ
1172 596 1490 652 μεταλλεύοντες,
1506 615 1567 640 οτι
1586 597 1797 648 θυλάκους

221 657 409 710 ἐφόρουν.

973 712 1057 755 790

425 769 739 824 θυμάγροικος

334 848 611 905 κωμικώτερον
640 848 661 891 ὁ
691 849 995 905 Ἀριστοφάνης.
1039 853 1182 892 Pollux
1216 855 1252 902 6,
1287 855 1382 893 125.

972 953 1047 995 791

426 1010 652 1061 κάνδυτος

336 1094 531 1134 σκευασία
550 1090 771 1144 ὀψοποιικὴ
790 1088 886 1144 μετὰ
907 1090 1101 1145 γάλακτος
1122 1092 1190 1132 καὶ
1220 1091 1379 1140 στέατος
1409 1091 1477 1133 καὶ
1501 1091 1668 1145 μέλιτος.
1699 1090 1800 1133 ἔνιοι

220 1149 264 1191 δὲ
295 1151 362 1191 διὰ
401 1150 525 1204 κρέως
566 1150 634 1191 καὶ
675 1149 800 1203 ἄρτου
837 1149 905 1189 καὶ
935 1156 1070 1202 τυροῦ.
1109 1148 1236 1198 οὕτως
1264 1147 1569 1203 Ἀριστοφάνης.
1618 1151 1797 1191 Photius.

220 1211 391 1261 Hesych.
423 1208 646 1256 κάνδυλος·
679 1206 745 1247 διὰ
778 1206 943 1262 λαγῴων
972 1221 1039 1246 και
1069 1206 1262 1260 γάλακτος
1299 1206 1368 1247 και
1398 1207 1520 1260 τυροῦ
1550 1205 1618 1247 καὶ
1645 1204 1801 1260 μέλιτος

219 1265 351 1318 πέμμα
391 1264 624 1317 ἐδώδιμον.
659 1262 825 1332 λαγῴων
855 1265 1025 1304 Meinek.
1050 1265 1192 1306 Philol.
1215 1265 1294 1304 XII
1316 1264 1417 1319 613]
1440 1269 1490 1304 λα
1491 1269 1606 1318 γααῖν
1633 1265 1723 1305 eod.
1747 1288 1800 1295 —

223 1325 358 1375 Etym.
392 1338 447 1363 m.
478 1325 576 1375 488,
610 1324 663 1362 53
694 1317 887 1371 κανδυλη.
940 1323 1088 1362 Athen.
1124 1324 1187 1370 12,
1222 1323 1362 1362 5160d
1401 1320 1470 1361 καὶ
1497 1321 1728 1362 κάνδαυλον
1755 1318 1802 1361 δέ

221 1395 310 1419 τινα
340 1379 475 1433 ἔλεγον
505 1380 546 1419 οἷ
571 1379 724 1430 Λυδοί,
757 1375 829 1431 οὐχ
859 1377 952 1428 ἕνα,
983 1374 1081 1418 ἄλλα
1114 1382 1218 1430 τρεῖς
1251 1412 1260 1421 .
1291 1408 1301 1419 .
1334 1410 1343 1418 .
1384 1379 1573 1431 γίνεσθαι
1602 1375 1641 1417 δ’
1674 1375 1813 1419 αυτόν

308 1436 388 1486 ,ἐξ
419 1436 553 1488 ἑφθοῦ
583 1435 707 1489 κρέως
738 1435 805 1476 καὶ
834 1441 1011 1487 κνηστοῦ
1040 1434 1163 1489 ἄρτου
1193 1434 1260 1475 καὶ
1290 1436 1470 1489 Φρυγιου
1491 1441 1615 1489 τυροῦ
1634 1432 1800 1488 ἀνήθου

220 1509 260 1533 τε
290 1493 357 1533 καὶ
386 1496 518 1546 ζωμοῦ
548 1493 698 1541 πίονος.
747 1494 905 1534 Alexid.
940 1495 1034 1536 167.
1084 1494 1393 1559 grammaticum
1421 1494 1537 1534 malit
1564 1494 1800 1546 intellegere

221 1553 407 1592 Dindorf.
441 1553 572 1592 Schol.
604 1552 694 1593 Pac.
729 1553 823 1590 123.
857 1551 980 1591 etiam
1010 1552 1183 1591 comicus
1214 1552 1331 1590 facile
1361 1565 1407 1591 ea
1434 1563 1530 1592 voce
1551 1552 1612 1591 uti
1630 1553 1800 1602 poterat.

974 1650 1057 1693 792
1081 1665 1085 1672 ’

428 1711 715 1765 καρηβαριᾶν

334 1789 376 1831 τὸ
395 1780 490 1831 ’ὑπὸ
518 1790 648 1844 μέθης
679 1795 795 1831 τοῦτο
823 1775 993 1843 πάσχειν
1019 1787 1321 1844 Ἀριστοφάνης.
1362 1792 1507 1831 Pollux
1538 1793 1577 1841 2,
1608 1792 1680 1830 41.

971 1891 1055 1934 793

426 1952 750 2006 καταχυτρίσαι

334 2031 469 2086 ἔλεγον
498 2030 542 2072 τὸ
575 2031 733 2084 βλάψαι
762 2029 817 2079 ὥς
847 2029 1014 2084 ἑτέρωθι
1041 2028 1342 2085 Ἀριστοφάνης.
1384 2033 1515 2073 Schol.
1546 2032 1642 2072 Ald.
1673 2031 1795 2083 Vesp.

222 2091 317 2130 289
351 2091 494 2130 Suidas
526 2089 825 2143 ἑγχυτρίστριαι.
858 2090 908 2129 of.
928 2091 1104 2140 Etymol.
1127 2104 1180 2128 m.
1205 2090 1299 2138 313,
1322 2090 1376 2128 42
1408 2092 1450 2129 et
1481 2090 1616 2130 Schol.
1639 2089 1798 2129 Platon.

223 2148 304 2186 336
335 2147 460 2189 Bekk.
492 2145 625 2200 ε’λεγον
654 2146 699 2186 δὲ
729 2145 797 2186 καὶ
826 2144 868 2185 τὸ
901 2145 1058 2197 βλάψαι
1086 2144 1383 2198 καταχυτρίσαι,
1414 2143 1469 2193 ὡς
1499 2142 1800 2198 Ἀριστοφάνης.

220 2205 366 2254 ubique
395 2200 534 2253 θάψαι
563 2218 636 2256 pro
656 2201 812 2256 βλάψαι
834 2204 1008 2243 Lobeek.
1031 2204 1127 2254 Agl.
1151 2205 1232 2243 632
1258 2205 1359 2244 conl.
1383 2204 1520 2254 Steph.
1536 2204 1632 2254 Byz.
1648 2200 1800 2255 ἽῙραια

258 2257 537 2314 ..ὀρύξαντες
568 2260 723 2312 τάφους
753 2260 899 2314 χύτρας
931 2254 1053 2311 ευρον
1080 2259 1148 2299 καὶ
1177 2255 1287 2300 ὀστα.

972 2371 1057 2414 794

428 2430 716 2486 καχύποπτος

336 2510 391 2560 ὡς
419 2510 720 2566 Ἀριστοφάνης.
764 2513 909 2552 Pollux
940 2513 977 2561 2,
1010 2513 1079 2551 57.

972 2612 1056 2654 795

425 2672 657 2721 κελέοντες

337 2753 377 2792 οἵ
402 2751 619 2801 ἷστόποδες.
651 2750 706 2801 ὡς
735 2751 803 2792 καὶ
831 2747 928 2804 παρ’
957 2746 1234 2804 Ἀριστοφάνει
1263 2749 1386 2801 δῆλον
1406 2753 1460 2804 τῷ
1481 2753 1656 2804 κωμικῷ.
1690 2725 1794 2790 Har-

221 2812 443 2862 pocration.
476 2812 525 2850 cf.
557 2812 672 2853 Phot.
706 2812 798 2855 153,
831 2811 899 2849 21.
933 2810 1000 2849 24.
1033 2808 1233 2848 Theocrit.
1260 2809 1323 2856 18,
1346 2807 1413 2848 34.
1444 2806 1675 2847 Schneider.
1705 2807 1794 2846 Ind.

222 2868 367 2919 Script.
397 2869 445 2907 R.
477 2881 511 2907 r.
542 2870 629 2932 τοῖα.
