1872 3224
655 175 1160 214 ΔΟΤΛΟΔΙΔΑΣΚΑΛΟΣ
1613 185 1694 227 157

873 280 930 323 42

343 371 427 400 ουκ
459 354 750 414 ἀπολιβάξεις
781 360 858 403 καὶ
887 361 1143 416 τριγώνους
1173 363 1249 406 καὶ
1281 361 1447 420 λύρας;

7 474 60 492 ⁷2.
212 440 383 481 Bekker.
423 442 575 482 Anecd.
608 444 711 493 431,
747 445 772 483 3
811 441 1074 497 άπολιβάξαι·
1115 445 1158 487 τὸ
1195 445 1400 500 ἐκρυῆναι,
1435 481 1444 489 .
1478 479 1487 488 .
1522 481 1533 496 .
1565 451 1615 491 οι
1640 450 1694 490 δὲ

18 493 384 557 ἥᾶπορρῐψαι
414 498 496 538 καὶ
526 496 789 569 αποφθειρ
802 517 890 541 ειν
926 503 1182 556 Φερεκράτης
1215 504 1578 564 Δουλοδιδασκάλῳ
1608 511 1690 549 κτλ.

7 555 43 614 3?ss
98 552 269 597 Phofius
298 556 510 609 τρίγωνος·
542 554 789 611 άρρενικῶς·
821 559 1016 611 μουσικὸν
1036 560 1212 614 ὄργανον
1233 564 1441 634 ψαλτηρίῳ
1472 564 1547 617 τὴν
1576 565 1690 620 ἐξάρ-

97 623 215 677 τησιν
244 610 390 667 ὁμοίαν
420 613 524 667 ἔχον.
575 613 880 669 ἀπολιβάξεις
864 620 1039 659 Meinek.
1072 621 1134 659 ed.
1167 620 1278 674 mai]
1313 619 1555 675 ἆπολιβάζω
1598 638 1690 665 vere

46 685 65 715 ἰ
97 686 190 714 eum
228 674 463 714 emendasse
501 675 626 714 verba
662 677 916 727 grammatici
954 677 1043 728 ipsa
1075 678 1366 720 demonstrant.
1427 684 1604 721 ceterum
1635 683 1686 722 cf.

86 730 244 782 ‘'Eupol.
286 732 370 772 206
408 734 451 772 et
488 732 537 772 de
578 733 742 785 trigono
787 735 1035 774 musicorum
1075 736 1224 776 Athen.
1265 738 1479 786 4,175ᾶ.
1523 741 1603 780 183
1627 741 1688 779 ef.

72 787 243 841 ·Eupol.
267 790 336 829 77.
366 789 564 830 Fritzsch.
599 791 647 839 Q.
677 791 806 832 Arist.
833 794 930 832 213.

874 905 931 949 43

0 925 41 1058 Ξ
312 981 413 1028 ἄντ’
448 982 752 1042 ἀστραγάλων
782 986 1058 1030 κονδύλοισί
1083 989 1275 1040 παίζετε.

0 1053 70 1203 ξ
208 1067 380 1108 Bekker.
413 1069 565 1110 Anecd.
598 1070 695 1120 454,
731 1072 788 1111 30
817 1066 1092 1124 ἀστραγάλους
1123 1070 1168 1111 δὲ
1189 1072 1231 1111 οῖ
1253 1068 1441 1111 Ἀττικοί·
1477 1104 1486 1113 .
1611 1075 1688 1114 Φε-

26 1175 28 1177 ‚
93 1123 288 1180 ρεκράτης
313 1126 705 1176 Δουλοδιδασκάλοις
725 1131 808 1169 κτλ.
840 1128 996 1177 παίζετε
1026 1129 1221 1183 Bekker.]
1254 1129 1447 1176 παίζεται.
1479 1132 1586 1172 idem
1608 1135 1690 1180 τοῖς

0 1203 34 1244 Vt
93 1182 341 1236 κονδύλοισι,
373 1186 438 1226 oui
458 1199 542 1226 non
562 1187 693 1238 magis
715 1187 922 1227 adsentior
942 1202 1063 1239 quam
1085 1188 1288 1228 Meinekio
1309 1189 1526 1239 Eupolidei
1549 1203 1689 1230 versus

0 1243 25 1298 ζ·
93 1242 197 1283 hanc
225 1245 382 1294 partem
412 1257 499 1284 esse
530 1245 780 1284 existimanti
817 1248 887 1285 aut
917 1246 1139 1286 Fritzschio
1162 1247 1229 1286 Fr.
1253 1260 1358 1286 vers.
1382 1247 1484 1298 Eup.
1510 1249 1576 1287 12.
1618 1261 1687 1287 ex-

0 1306 6 1314 “
94 1301 195 1340 cidit
225 1298 270 1340 δέ
300 1301 366 1342 vel
394 1297 471 1354 γάρ
502 1304 568 1343 vel
599 1295 689 1342 οὖν.

870 1381 931 1425 44

305 1458 536 1518 γαλαθήν’
569 1463 794 1506 ἔκλεπτον
825 1460 882 1506 οὐ
913 1462 1057 1506 τέλεα.

207 1545 442 1586 Athenaeus
466 1547 504 1594 9,
528 1547 642 1586 3960
671 1549 922 1598 γαλαθηνῶν
951 1544 996 1586 δὲ
1017 1546 1163 1598 χοίρων
1195 1578 1203 1586 .
1228 1576 1237 1584 .
1262 1577 1271 1587 .
1304 1544 1558 1601 Φερεκράτης
1583 1550 1686 1589 Δου-

91 1601 368 1658 λοδιδασκάλῳ
398 1606 480 1646 κτλ.
521 1601 632 1643 τέλεα
663 1618 745 1645 non
777 1606 916 1644 eadem
947 1604 1163 1654 sententia,
1204 1620 1283 1659 qua
1313 1605 1439 1658 ἱερεῖα
1470 1605 1597 1646 τέλεια
1628 1609 1685 1647 di-

93 1662 251 1711 cuntur,
275 1662 346 1701 sed
367 1662 443 1711 ita,
466 1665 513 1702 ut
533 1659 677 1701 τέλειαι
696 1666 891 1715 γυναῖκες
913 1666 1175 1714 opponuntur
1195 1664 1437 1715 virginibus.
1469 1662 1689 1717 γαλαθηνά

92 1718 199 1758 enim
230 1721 328 1759 sunt
357 1721 575 1759 tenerrima
603 1722 777 1760 necdum
808 1722 859 1761 ad
891 1722 953 1761 sui
985 1722 1145 1772 generis
1176 1721 1346 1760 formam
1375 1723 1568 1772 perfecta.

868 1834 925 1876 45

219 1921 223 1924 '
294 1911 420 1964 ὅπως
449 1915 843 1970 παρασκευάζεται
873 1912 924 1956 τὸ
956 1914 1148 1957 δεῖπνον
1179 1913 1336 1956 εἴπαθ’
1369 1913 1492 1970 ἡμῖν.

294 1985 346 2025 Β.
378 1983 454 2025 καὶ
486 1981 594 2039 δῆθ’
627 1979 824 2038 ὑπάρχει
854 1982 1043 2038 τέμαχος
1073 1983 1153 2038 ἐγ-

293 2051 471 2106 χέλειον
500 2049 627 2108 ἡμῖν,
659 2053 840 2107 τευθίς,
873 2049 956 2107 ἅρ-

295 2135 425 2163 νειον
456 2120 613 2176 κρέας,
646 2120 829 2177 φύσκης
858 2120 1017 2178 τόμος,

244 2197 266 2229 5
296 2186 413 2241 ποὺς
442 2188 603 2247 ἑφθός,
635 2183 781 2248 ἧπαρ,
814 2189 1041 2248 πλευρόν,
1075 2188 1154 2246 ὀρ-

296 2261 451 2302 νίθεια
482 2260 653 2315 πλήθει
683 2260 853 2319 πολλοὶ,
885 2276 969 2303 τυ-

295 2326 373 2385 ρὸς
404 2325 645 2385 ἐν’μέλιτι,
676 2329 804 2384 μερὶς
833 2332 998 2385 κρεῶν.

205 2413 440 2453 Athenaeus
471 2414 509 2463 3,
543 2413 632 2453 9612
671 2419 753 2453 τῶν
791 2411 938 2465 ἑφθῶν
973 2413 1111 2453 ποδῶν
1148 2406 1390 2465 μνημονεύει
1418 2411 1676 2466 Φερεκράτης

90 2467 134 2510 ἕν
173 2466 535 2524 Δουλοδιδασκάλῳ
571 2473 652 2513 κτλ.
771 2474 807 2514 1.
846 2469 957 2519 ὅπως
996 2472 1145 2523 Bergk.
1186 2472 1231 2511 R.
1273 2483 1306 2510 c.
1338 2471 1427 2512 Att.
1461 2469 1560 2524 298]
1604 2467 1674 2519 ὣς.

89 2529 232 2569 Elmsl.
254 2528 412 2570 Edinb.
449 2529 547 2568 Rev.
584 2528 778 2568 XXXVII
814 2531 867 2569 38
900 2527 986 2577 ἕως
1046 2526 1089 2568 τὸ
1120 2528 1288 2567 δεῖπνον
1317 2524 1462 2567 εἴπαθ’
1507 2527 1673 2581 ElmsL]

90 2585 258 2626 δεῖπνον
284 2591 372 2634 πως
401 2582 455 2624 ὅὶν
485 2582 648 2626 εἴπαθ’.
711 2588 750 2625 2.
783 2584 978 2639 ἐγχέλειον
1009 2585 1351 2638 8οὴννεί3ὴ36ηε.]
1384 2583 1568 2638 ἐγχέλιον.
1631 2588 1669 2626 3.

90 2640 188 2695 ἡμῖν
224 2644 379 2684 PBasil.
411 2639 475 2709 L]
510 2639 608 2694 ὑμῖν
644 2644 769 2684 BDV.
831 2646 869 2684 4.
910 2642 1076 2697 ἄρνειον
1115 2641 1451 2696 Schweighaeus.]
1492 2639 1672 2695 άρνεῑον.

91 2702 130 2740 A
159 2698 313 2754 ἀρνίον.
377 2703 414 2741 6.
454 2695 641 2753 ὀρνίθεια
679 2701 844 2771 ElmsL]
886 2698 1062 2755 ὀρνίθια.
1094 2699 1204 2753 μερὶς
1235 2705 1367 2753 κρεων
1397 2700 1587 2752 corrupta
1616 2701 1673 2741 vi-

92 2759 250 2806 dentur,
295 2773 391 2799 nam
424 2754 591 2808 α’ρνειον
628 2756 747 2811 κρέας
788 2761 868 2799 iam
909 2763 1026 2799 antea
1065 2760 1422 2798 commemoratum
1451 2761 1516 2798 est
1546 2772 1675 2809 neque

92 2817 348 2868 intellegitur
390 2817 528 2868 quales
573 2816 638 2856 hie
677 2829 815 2856 carnes
854 2817 1147 2869 significentur.
1198 2829 1289 2855 cum
1327 2829 1441 2856 caseo
1484 2818 1526 2855 et
1555 2817 1675 2855 melle

91 2876 212 2924 poeta
241 2875 327 2915 sine
357 2874 480 2914 dubio
501 2887 584 2914 non
609 2887 758 2924 carnes,
791 2875 860 2914 sed
883 2872 1062 2927 τράγημα
1084 2874 1248 2924 aliquod
1269 2874 1545 2913 coniunxeiat.
1579 2874 1676 2913 scri-
