1872 3224
222 227 300 268 196
821 214 1183 251 ΦΕΡΕΚΡΑΤΟΤΣ

218 332 315 370 nihil
342 330 493 376 sentire,
524 337 684 376 prorsus
714 324 759 361 ut
781 321 983 371 Aristoph.
1017 320 1093 369 Eq.
1119 319 1242 357 1146.
1283 317 1375 357 Pac.
1402 318 1524 358 1051.
1556 317 1656 359 Rau.
1678 317 1765 360 564

219 388 361 437 Eupol.
397 386 486 432 159,
522 384 584 421 10.
616 381 806 420 Xenaroh.
843 381 878 427 7,
915 379 980 416 12.
1731 403 1761 417 ι.

959 487 1040 530 164

458 571 487 627 ἢ
518 577 596 628 τῆς
626 569 816 624 ἄχε’ρδου
847 570 923 623 τῆς
953 564 1327 622 άκραχολωτάτης

328 657 496 695 Bekker.
536 654 683 693 Anecd,
716 653 812 703 475,
846 652 898 690 14
929 646 949 689 ὅ
980 646 1053 701 μὲν
1089 642 1240 702 καρπὸς
1278 641 1424 700 ἀχράς,
1463 644 1506 687 τὸ
1537 645 1583 688 δὲ
1613 645 1785 702 δένδρον

217 713 391 766 ἅχερὸος.
431 707 700 764 Φερεκράτης·
731 707 757 760 ἢ
788 709 856 759 τῆς
887 704 1055 760 άχέρδου
1085 709 1164 746 κτλ.
1196 706 1326 745 Attici
1356 719 1516 756 semper
1545 702 1778 759 ἀκράχολος,
1858 767 1860 770 y

219 785 298 811 non
327 765 550 822 άκρόχολος.
581 767 784 818 Aristoph.
814 766 889 816 Eq.
911 767 978 804 41.
1011 765 1158 815 Bergk.
1189 764 1236 802 R.
1261 777 1294 802 o.
1318 763 1407 802 Att.
1431 763 1527 804 305.
1560 764 1781 815 ‘spinosam

218 841 303 867 esse
332 825 499 878 ἄχερδον
529 826 695 873 οοηεῂαὺ,
727 823 831 862 unde
861 817 1081 874 άκράχολον
1110 834 1195 860 eam
1235 821 1345 860 dicit.
1391 821 1665 861 feracissimus
1695 820 1796 881 eius-

218 885 368 923 arboris
399 884 476 922 fuit
506 883 642 921 demus
673 880 954 920 Acherdusius.
986 879 1077 918 hino
1108 878 1260 918 arboris
1281 880 1467 917 naturam
1488 877 1538 917 ad
1557 878 1783 918 incolarum

218 941 391 980 indolem
420 939 624 978 transtuliss
654 938 822 987 scriptor
850 938 1024 976 incerssus
1055 949 1117 986 ap.
1149 935 1285 986 Etym.
1307 948 1359 976 m.
1395 936 1489 984 181,
1522 935 1548 974 5
1578 931 1789 988 μοχθηρὸς

219 995 278 1036 (ὂν
307 995 372 1035 καὶ
402 994 472 1047 τὴν
500 991 663 1048 γνώμην
689 989 986 1046 Ἀχερδούσιος’.
1025 993 1197 1033 Meinek.
1231 993 1417 1032 similiter
1437 992 1696 1033 Pherecrates
1726 993 1783 1032 vi-

222 1055 335 1094 detur
364 1054 495 1093 iocari.

964 1138 1043 1181 165

449 1226 528 1262 ποῖ
554 1222 706 1275 κῆχος;
739 1222 788 1261 Β.
823 1217 972 1273 ἐγγύς,
1003 1216 1185 1274 ἡμερῶν
1214 1232 1266 1272 γε
1295 1216 1536 1272 τεττάρων.

333 1303 502 1341 Cramer.
535 1302 611 1340 An.
645 1301 716 1341 Ox.
748 1302 768 1340 I
799 1302 894 1350 344,
927 1302 978 1340 27
1011 1305 1151 1352 κῆχος·
1191 1299 1310 1352 δηλοῖ
1342 1296 1387 1339 δὲ
1418 1297 1460 1339 τὸ
1491 1299 1643 1352 δήπου·
1684 1309 1779 1341 συν-

220 1358 402 1398 τάσσεται
430 1355 536 1413 αὕτῷ
556 1363 609 1413 τῷ
633 1356 711 1410 (τὸ)
743 1361 823 1397 ποῖ.
854 1355 908 1405 ὥς
929 1356 1202 1410 Φερεκράτης·
1224 1361 1300 1396 ποῖ
1322 1358 1462 1409 κῆχος;
1492 1360 1574 1400 κτλ.
1603 1358 1781 1410 Etymol.

220 1431 272 1455 m.
296 1418 388 1465 682,
411 1418 462 1454 52
493 1414 598 1467 παρὰ
618 1413 854 1468 Φερεκράτει
882 1418 968 1454 ποῖ
993 1415 1158 1466 κῆχος;
1190 1416 1306 1455 Phot.
1328 1418 1415 1454 ποῖ·
1446 1409 1554 1466 ἦχος,
1587 1415 1658 1455 ubi
1677 1417 1784 1456 reete

221 1475 397 1512 Naberus
427 1475 500 1510 ποῖ
523 1477 662 1523 κῆχος;
702 1473 750 1513 cf.
782 1473 996 1512 Herodian.
1018 1473 1037 1511 Ι
1059 1473 1157 1523 513,
1184 1475 1219 1511 1.
1260 1472 1300 1511 II
1321 1473 1416 1522 295,
1442 1475 1507 1515 15.
1542 1469 1660 1526 ἐγγύς
1691 1485 1784 1514 cum

221 1531 347 1569 ironia
377 1530 536 1570 dictum.
595 1526 752 1582 ἡμερῶν
782 1525 989 1581 τεττάρων,
1020 1530 1047 1569 i.
1079 1542 1112 1569 e.
1144 1525 1243 1568 ὁδὸν
1271 1527 1452 1568 ἄπεστιν.

961 1640 1040 1682 166

450 1717 523 1761 ἀεί
549 1717 656 1762 ποθ’
688 1717 795 1775 ἡμῖν
829 1717 1144 1774 ἐγκιλικίζουσ’
1177 1720 1223 1762 οἱ
1249 1722 1366 1764 θεοί.

330 1801 495 1840 Photius
526 1804 565 1840 eb
596 1802 736 1842 Suidas
775 1804 974 1841 Κιλλικῶν
1005 1800 1215 1855 (Κιλίκων)
1235 1815 1244 1824 ·
1284 1801 1464 1856 παρόσον
1500 1803 1661 1852 Κίλικες
1705 1802 1784 1845 διε-

221 1855 411 1909 βέβληντο
441 1855 504 1897 ἐπὶ
524 1858 693 1913 πονηρίᾳ
723 1856 788 1897 καὶ
820 1855 1002 1911 ὠμότητι,
1034 1858 1100 1898 διὰ
1131 1866 1247 1899 τοῦτο
1278 1858 1431 1913 ἐκλήθη
1461 1856 1656 1917 (Ἀχαιός)
1685 1862 1784 1901 Κιλ-

221 1916 353 1952 λικῶν.
384 1913 655 1966 Φερεκράτης·
686 1913 747 1954 ἀεὶ
778 1919 859 1956 κτλ.
889 1917 1025 1967 Etym.
1056 1931 1109 1956 m.
1143 1919 1239 1971 310,
1273 1919 1326 1957 55
1364 1916 1611 1971 ἕγκιλικίζειν
1639 1915 1682 1958 τὸ
1710 1932 1784 1958 πο-

220 1967 471 2023 νηρεύεσθαι,
501 1968 579 2010 άπὸ
609 1972 676 2022 τῆς
706 1977 786 2012 τῶν
816 1973 991 2012 Κιλίκων
1020 1974 1228 2025 πονηρίας.
1260 1974 1419 2022 Κίλικες
1451 1969 1526 2029 γάρ
1557 1973 1678 2024 ἔθνος
1719 1973 1784 2015 ἐπὶ

161 2053 165 2056 -
220 2027 387 2080 πονηρία
425 2027 743 2080 διαβαλλόμενον.
782 2031 969 2070 Proverb.
1007 2032 1098 2081 syll.
1133 2032 1278 2072 Milleri
1309 2029 1422 2101 §MeL
1455 2030 1558 2087 364)
1600 2030 1780 2080 Κιλίκιος

218 2081 401 2135 ὄλεθρος·
440 2082 499 2122 ὅτι
535 2085 692 2132 Κίλικες
729 2086 922 2140 λῃστείαις
971 2086 1163 2138 χρώμενοι
1201 2085 1264 2128 ἐπ’
1306 2085 1476 2141 ωμότητι
1514 2087 1782 2143 διεβέβληντο.

220 2137 318 2178 ὅθεν
355 2139 420 2178 καὶ
461 2141 705 2195 Φερεκράτης
743 2143 860 2194 φησί·
899 2137 948 2195 δὴ
986 2141 1086 2183 πόθ’
1127 2142 1221 2200 (sic)
1256 2142 1361 2198 ἡμᾶς
1407 2144 1710 2199 ἕγκιλικίζουσιν
1746 2146 1789 2186 οἱ

221 2195 312 2234 θεοί
339 2194 460 2249 (ἡμᾶς
493 2212 592 2240 corr.
623 2213 695 2249 pro
723 2196 848 2253 ἡμῖν).
870 2197 987 2255 ἡμῖν]
1008 2198 1124 2252 ἡμῶν
1153 2203 1289 2254 Etym.
1321 2199 1438 2255 ὑμῶν
1466 2205 1601 2255 Etym.
1633 2204 1783 2244 Milleri

221 2250 440 2305 (Mfflanges
472 2253 553 2307 97).
612 2254 909 2311 ἐγκιλικίζουσ’]
950 2256 1223 2306 ἐκκιλικίζουσι
1253 2261 1369 2300 Phot.
1402 2263 1443 2300 et
1473 2261 1619 2302 Suidae
1650 2262 1699 2301 V.
1730 2261 1782 2301 cf.

221 2311 422 2360 Aristoph.
454 2311 503 2350 fr.
537 2314 615 2352 105
647 2315 687 2352 et
721 2315 864 2354 Zenob.
896 2317 940 2363 4,
971 2316 1044 2364 53,
1077 2317 1147 2356 ubi
1176 2317 1423 2358 Pherecratis
1453 2319 1578 2359 verba
1607 2331 1690 2358 non
1718 2318 1783 2357 ad·-

222 2366 412 2406 feruntur.
445 2369 654 2417 ‘inponunt
683 2373 793 2410 nobis
822 2374 1000 2412 cilicatim
1030 2374 1120 2412 ἀεί’.
1155 2373 1330 2414 Grotius.

961 2496 1038 2537 167

450 2566 579 2622 ἀρκεῖ
604 2573 682 2625 μία
713 2573 908 2625 σκόνυζα
939 2574 1014 2616 καὶ
1044 2574 1177 2629 θύμω
1210 2575 1307 2619 δύο.

331 2649 494 2690 Photius
535 2651 751 2700 σκόνυζαν·
790 2654 856 2694 καὶ
894 2655 1010 2709 χωρὶς
1050 2657 1118 2696 τοῦ
1161 2659 1184 2696 ὅ
1222 2655 1396 2706 κόνυζαν
1433 2642 1603 2712 λέγουσι.
1663 2659 1782 2712 Φερε·

220 2703 382 2755 κράτης·
414 2703 526 2757 άρκεῐ
550 2711 629 2748 κτλ.
659 2710 728 2760 μία
757 2706 927 2760 σκὸιύζα
951 2735 1000 2741 -
1023 2713 1145 2765 θύμω
1167 2715 1297 2768 Pors.]
1330 2721 1424 2767 μιᾶς
1453 2715 1603 2764 κόνυζα
1624 2739 1678 2745 --
1698 2715 1779 2755 θύ-

220 2775 316 2809 μων.
349 2763 447 2800 Poll.
481 2767 543 2812 10,
579 2769 653 2805 131
686 2766 833 2814 κόνυζα
856 2799 865 2808 .
891 2801 898 2809 .
923 2798 931 2807 .
953 2769 1020 2809 καὶ
1048 2769 1181 2810 πάνθ’
1214 2770 1289 2812 ’ὅσα
1318 2770 1540 2825 άκανθώδη
1570 2776 1653 2821 τοῖς
1681 2787 1779 2826 καρ-

220 2820 308 2864 ποῖς
325 2816 388 2856 ἐπὶ
404 2821 556 2874 φρουρᾷ
572 2822 853 2874 περιβάλλεται.
876 2827 1016 2876 planta
1035 2831 1097 2867 est
1113 2831 1225 2879 gravi
1241 2831 1360 2870 odore
1375 2831 1560 2882 insignis.
1584 2831 1780 2881 Theophr.

221 2873 270 2912 H.
303 2876 359 2924 pl.
393 2876 430 2924 6,
463 2878 499 2924 2,
532 2879 569 2916 6.
602 2879 697 2919 Lob.
730 2883 859 2921 Paral.
893 2885 974 2922 406
1006 2897 1093 2924 cum
1126 2887 1218 2925 adn.
1257 2890 1320 2927 16.
