1872 3224
221 210 301 252 100
620 169 623 171 ⁴
866 195 1117 231 KPATINo‘r

221 315 350 354 editur
380 307 550 360 εὐδήμου
581 302 725 358 τρέχων
754 301 943 354 κώμυθος
975 293 1047 350 τὴν
1076 294 1220 348 λοιπὴν
1258 293 1335 346 ἔχει
1374 297 1427 347 τῷ
1466 288 1668 356 στεφάνῳ.
1705 289 1778 331 sed
1847 346 1851 348 v

220 383 292 421 pro
322 368 471 407 ultimis
508 363 606 415 ἔχων
635 362 717 400 τῶν
753 354 899 412 πρώων
938 357 1028 396 Vat.
1059 356 1100 397 4.
1132 355 1171 394 5.
1217 352 1317 392 nihil
1347 351 1426 390 nisi
1455 351 1600 400 λοιπην
1627 344 1778 402 προίων

220 427 309 466 Vat.
329 428 366 465 3.
397 421 541 473 πριόων
569 422 594 459 i.
626 434 658 459 e.
690 414 895 470 πατρῴων.
926 415 1096 454 restituo
1126 412 1252 463 igitur
1282 411 1443 448 tetram.
1465 406 1594 446 troch.

386 500 406 541 ὁ
436 499 478 540 δὲ
507 496 589 552 μετ’
623 495 816 549 Εὐδήμου
846 492 994 546 τρέχων
1023 487 1186 542 κώμυθ’
1219 488 1322 541 ’ὅσην
1351 479 1497 538 λοιπὴν
1526 483 1604 538 ἔχει

387 559 466 598 τῶν
494 554 697 611 πατρῴων.

220 643 439 682 Eudemum
468 640 600 677 autem
630 635 810 675 existimo
842 646 925 673 esse
956 632 1070 670 illum
1092 624 1437 681 φαρμακοπώλην,
1469 638 1492 663 a
1511 636 1590 675 quo
1613 623 1779 663 anulum

222 700 418 748 magicum
455 709 496 735 se
532 694 674 733 emisse
710 692 871 731 simulat
905 690 1024 728 homo
1055 689 1182 726 iustus
1213 683 1419 733 Aristoph.
1450 682 1558 721 Plut.
1590 681 1689 722 884.
1729 680 1778 720 cf.

221 755 412 805 Theophr.
444 752 494 791 H.
526 752 652 801 plant.
684 751 720 797 9,
756 750 819 796 17,
853 748 876 785 2
922 743 1106 795 Εὔδημος
1144 744 1164 782 ὁ
1196 737 1519 793 φαρμακοπώλης
1549 734 1780 790 εὐδοκιμῶν

222 809 377 863 σφόδρα
406 806 504 848 κατὰ
536 805 608 857 τὴν
637 803 790 856 τέχνην.
840 805 975 843 narrat
1003 801 1127 852 igitur
1166 800 1352 839 Cratinus
1382 797 1518 837 nescio
1548 808 1668 847 quem
1698 794 1778 834 Eu·
1857 790 1872 838 *²

223 869 327 907 demi
363 879 434 917 per
470 865 588 904 urbes
618 863 804 902 Graeciae
842 861 1106 911 pedisequum
1135 871 1221 896 rem
1259 856 1500 895 familiarem
1527 855 1655 893 totam
1684 864 1778 904 per-

223 926 381 964 didisse.
412 912 572 972 κώμυθ’
595 917 696 968 ὅσην
715 920 740 957 i.
763 932 795 958 e.
827 918 1012 956 τοσοῦτον
1041 913 1139 954 ὅσον
1167 912 1304 965 κώμυς
1327 910 1446 951 ἐστίν.
1478 923 1562 950 non
1581 910 1673 962 plus
1703 909 1778 961 igi-

226 984 292 1020 tur
323 981 370 1019 de
399 978 639 1029 patrimonio
670 989 786 1026 quam
817 974 1048 1014 fasciculum
1077 973 1278 1022 reliquum
1307 970 1442 1009 habet.

948 1085 1033 1128 300

1102 1150 1242 1194 πάλαι
1273 1150 1362 1206 γάρ
1395 1146 1506 1192 αὐτὸ

366 1225 537 1280 λόγοισι
566 1225 753 1279 προάγει
782 1220 1051 1277 Περικλέης,
1084 1222 1256 1275 ἔργοισι
1286 1217 1329 1261 δ’
1363 1215 1471 1261 οὐδὲ
1503 1223 1634 1260 κινεῖ.

335 1308 569 1348 Plutarchus
599 1307 738 1345 Pericl.
774 1307 824 1345 13
855 1302 898 1343 τὸ
928 1301 972 1342 δὲ
1001 1301 1154 1355 μακρὸν
1184 1305 1332 1353 τεῖχος,
1362 1299 1453 1354 περὶ
1482 1294 1534 1340 οὗ
1563 1296 1781 1352 Σωκράτης

224 1363 393 1405 ἀκοῦσαί
419 1375 541 1415 φησιν
570 1358 689 1410 αὐτὸς
719 1359 999 1414 εἰσηγουμένου
1029 1356 1192 1412 γνώμην
1230 1356 1497 1410 Περικλέους,
1533 1353 1783 1410 ἠργολάβησε

226 1417 510 1474 Καλλικράτης·
541 1419 724 1472 κωμῳδεῖ
754 1416 798 1457 δὲ
834 1416 876 1457 τὸ
907 1416 1021 1470 ἔργον
1051 1419 1248 1470 Κρατῖνος
1287 1412 1340 1463 ὡς
1378 1412 1560 1467 βραδέως
1597 1411 1782 1467 περαινό·

226 1494 346 1530 μενον
360 1480 442 1517 κτλ.
472 1479 575 1516 Mor.
595 1478 671 1516 351
687 1491 708 1515 a
723 1474 792 1514 καί
810 1489 868 1514 τοι
887 1474 954 1514 καὶ
969 1479 1109 1514 τοῦτον
1130 1471 1359 1527 (Periclem)
1375 1469 1430 1520 ὡς
1444 1468 1624 1525 βραδέως
1639 1467 1784 1511 άνύον·

227 1551 272 1574 τα
304 1539 383 1583 τοῖς
414 1533 536 1587 ἔργοις
568 1532 825 1572 ἐπισκώπτων
860 1534 1079 1585 Κρατῖνος,
1110 1529 1215 1570 οὕτω
1253 1545 1337 1578 πως
1368 1528 1470 1583 λέγει
1499 1526 1588 1581 περὶ
1616 1532 1688 1568 τοῦ
1717 1520 1785 1568 διὰ

228 1591 348 1642 μέσου
378 1593 528 1642 τείχους
558 1589 706 1641 λόγοισι
736 1587 810 1642 γὰρ
839 1586 936 1628 αὐτὸ
966 1588 1132 1641 προάγει
1163 1586 1405 1640 Περικλέης,
1437 1585 1584 1639 ἔργοισι
1613 1582 1653 1625 δ’
1688 1581 1784 1626 οὐδὲ

233 1653 344 1688 κινεῖ.
386 1646 532 1700 λόγοισι
565 1644 805 1699 Stephanus]
838 1646 979 1698 λόγοις.
1031 1644 1197 1698 προάγει
1234 1642 1437 1698 Reiskius]
1478 1640 1679 1696 προσάγει.
1731 1643 1783 1685 cf.

227 1707 330 1745 Plat.
362 1705 484 1755 Gorg.
515 1705 627 1744 455e
656 1718 744 1743 cum
775 1704 895 1743 schol.
928 1705 1008 1743 342
1038 1704 1209 1742 Bekker.
1240 1702 1391 1754 Krueg.
1423 1702 1538 1741 Stud.
1569 1701 1664 1741 hist.
1684 1699 1783 1752 phil.

232 1764 309 1802 167
323 1776 377 1812 sq.
409 1762 677 1800 Wachsmuth.
708 1762 851 1800 Athen.
882 1761 902 1799 I
933 1761 1172 1801 328—336.

952 1872 1034 1914 301

343 1953 594 2006 γαυριῶσαι
624 1948 669 1992 δ’
702 1948 1004 2006 ἀναμένουσιν
1034 1945 1115 1994 ὧδ’
1151 1951 1504 2007 ἐπηγλαισμέναι

346 2021 550 2074 μείρακες
580 2019 768 2075 φαιδραὶ
797 2022 1008 2076 τράπεζαι
1037 2022 1286 2077 τρισκελεῖς
1315 2018 1662 2076 σφενδάμνιναι.

345 2102 570 2142 Athenaeus
610 2104 655 2152 2,
693 2104 777 2142 492,
813 2102 998 2155 τράπεζαι
1033 2101 1369 2154 ἐλεφαντόποδες,
1408 2099 1488 2142 τῶν
1523 2099 1787 2154 ἐπιθημάτων

234 2156 276 2196 ἐκ
306 2162 374 2208 τῆς
394 2156 635 2210 καλουμένης
667 2158 922 2210 σφενδάμνου
952 2158 1241 2212 πεποιημένων.
1273 2161 1470 2212 Κρατῖνος
1491 2161 1571 2198 κτλ.
1602 2157 1787 2211 μείρακες

234 2215 370 2253 Valck.
401 2216 526 2256 Diatr.
570 2218 706 2267 Eurip.
742 2216 839 2269 163]
877 2219 1013 2269 μείραξ
1045 2217 1086 2259 C.
1122 2218 1306 2260 Eustath.
1340 2219 1471 2268 1398,
1504 2218 1558 2257 20
1587 2217 1784 2269 Κρατῖνος

237 2300 244 2307 .
278 2302 284 2308 .
319 2300 328 2310 .
359 2270 543 2323 τράπεζαι
573 2276 780 2324 τρισκελεῖς
809 2273 1113 2326 σφενδάμνιναι.
1143 2273 1415 2325 ἀναμένουσιν
1444 2275 1472 2313 i.
1503 2287 1536 2313 e.
1568 2275 1788 2323 eoespedcmt

233 2331 424 2392 convivas.
456 2327 638 2379 τράπεζαι
674 2333 883 2382 τρισκελεῖς
921 2333 1032 2382 quasi
1070 2333 1269 2383 quoddam
1308 2327 1537 2383 ὀξύμωρον,
1569 2343 1662 2370 cum
1692 2327 1786 2382 τρά-

234 2384 328 2430 πεζα
359 2390 410 2423 sit
438 2389 626 2435 quattuor
654 2388 814 2436 pedum.
846 2389 893 2430 cf.
923 2390 1130 2439 Aristoph.
1161 2391 1210 2430 fr.
1244 2390 1339 2437 530,
1364 2390 1401 2428 3.
1433 2400 1590 2428 mensas
1621 2388 1786 2438 adpara-

238 2444 296 2478 tas
325 2442 487 2491 pulchre
517 2455 603 2481 cum
633 2445 776 2493 puellis
807 2448 1022 2495 comparat.
1056 2447 1160 2486 Plin.
1192 2447 1243 2485 N.
1274 2446 1314 2485 h.
1354 2447 1427 2494 16,
1461 2447 1513 2484 66
1545 2457 1659 2485 acer
1690 2474 1699 2482 .
1732 2475 1743 2486 .
1775 2473 1785 2484 .
1819 2471 1823 2475 ,

235 2509 390 2544 operum
425 2499 611 2548 eleya‘ntia
647 2514 692 2539 ac
734 2502 941 2542 subtilitate
979 2505 1104 2542 citro
1146 2503 1372 2543 secumdum.
1412 2502 1511 2541 Hor.
1550 2502 1633 2541 Sat.
1668 2502 1714 2549 2,
1747 2502 1787 2549 8,

241 2555 306 2616 10.
335 2555 384 2592 ad
412 2554 537 2604 Leges
566 2557 641 2595 hoc
669 2558 934 2608 fragmentum
963 2573 1045 2599 non
1074 2574 1220 2611 magna
1240 2573 1328 2598 cum
1358 2559 1644 2609 probabilitate
1663 2557 1788 2609 Berg-

237 2609 326 2648 kius
355 2610 550 2650 referebat
578 2613 624 2652 R.
655 2626 687 2651 c.
718 2616 800 2653 Att.
835 2617 929 2654 140.
964 2618 1001 2655 1.

958 2714 1042 2756 302

349 2784 409 2835 ὥς
438 2787 487 2829 δὲ
508 2768 715 2841 ’μαλακὸν
744 2791 819 2834 καὶ
848 2793 976 2849 τέρεν
1005 2792 1056 2836 τὸ
1085 2795 1326 2850 χρωτίδιον
1354 2788 1437 2850 ἦν,
1469 2787 1504 2838 ὦ
1534 2796 1657 2838 θεοί·

349 2852 425 2896 καὶ
453 2853 541 2911 γάρ
573 2855 806 2914 ε’βλίμαζον
836 2859 1004 2917 αὐτήν,
1034 2859 1062 2917 ἡ
1095 2861 1139 2904 δ’
1170 2861 1400 2918 Αἐφρόντιζ’
1433 2861 1542 2906 οὐδὲ
1571 2861 1636 2908 ἕν.
