1872 3224
213 196 298 238 644
902 194 1177 229 ΠΛΑΤΩΝΟΣ

214 302 293 352 81,
326 303 349 340 6
382 297 582 350 ε’πιλαχων
621 332 630 340 .
654 329 663 337 .
689 327 698 337 .
739 296 979 350 ἐκληροῦντο
1016 298 1057 338 οἵ
1090 294 1300 350 βουλεύειν
1335 295 1364 350 ἢ
1388 296 1538 369 ἄρχειν
1575 296 1789 351 ἐφιέμενοι,

214 355 346 395 ἔπειτα
378 355 530 410 ἑκάστῳ
561 361 641 394 τῶν
669 354 876 425 λαχόντων
908 353 1036 408 ἕτερος
1067 353 1401 408 ἐπελάγχανεν,”
1386 353 1447 395 ι’ν’
1482 354 1553 395 ἐὰν
1583 353 1604 396 6
1634 356 1789 410 πρῶτος

214 412 347 483 λαχών
375 397 698 482 ἀποδοκιμασθῇ
716 409 743 464 ἢ
773 415 854 452 τελε
838 412 1006 468 ευτήσῃ,
1046 409 1134 451 ἄντ’
1178 411 1334 452 ἐκείνου
1371 410 1556 481 γένηται
1571 412 1791 466 βουλευτὴς
1853 434 1871 457 ·,

214 469 234 510 ὃ
268 469 466 521 ἐπιλαχών
494 467 615 525 αὐτῷ.
676 466 943 520 ὑποφαίνεται
982 467 1026 509 δὲ
1063 475 1187 509 ταῦτα
1228 468 1273 509 ἕν
1309 475 1361 525 τῷ
1402 466 1619 518 Πλάτωνος
1644 467 1790 539 Ὑπερ·

214 526 332 581 βόλῳ.
374 529 542 567 Bekker.
576 529 726 567 Anecd.
760 529 861 577 256,
895 530 918 567 3
951 525 1169 579 ἐπιλαχών·
1201 526 1327 575 εἴτις
1335 511 1723 585 ἆποδοκιμασθείη
1734 525 1790 576 ὥς

213 582 502 636 ἀνεπιτήδειος,
531 581 652 632 ὅίλλος
681 581 774 624 οἷντὶ
803 583 946 624 τούτου
979 583 1177 636 ἐπιλαχών
1206 580 1327 633 αὐτὸς
1357 586 1489 638 ἦρχεν.
1521 587 1564 625 111
1583 600 1622 626 v.
1645 588 1668 625 7
1690 586 1790 638 βου-

216 645 288 693 λῆς
319 643 468 693 pendet
488 643 536 682 ab
561 640 764 693 ἐπέλαχον.
795 644 933 682 Meier.
955 642 1066 694 Allg.
1089 643 1250 682 Litzeit.
1275 643 1383 682 1836
1405 657 1445 694 p.
1469 644 1565 683 366.
1596 643 1790 684 Fritzsch.

215 702 305 738 Act.
339 700 473 739 societ.
505 713 565 751 gr.
595 700 615 738 I
649 701 742 739 139.
790 700 1045 750 conloquitur
1080 700 1124 739 in
1160 701 1329 751 prologo
1368 703 1414 740 ut
1449 701 1608 740 videtur
1644 713 1736 740 erus
1767 713 1792 740 a

215 757 426 796 sortitione
457 759 617 796 senatus
649 758 809 797 domum
841 770 1027 797 reversus
1058 770 1149 797 cum
1181 770 1309 797 servo.
1359 759 1599 808 exposuerat
1627 770 1718 798 erus
1749 769 1791 798 se

215 814 257 853 in
289 815 492 854 sortiendo
522 815 725 854 infelicem
754 815 898 854 fuisse:
931 827 1012 854 non
1043 815 1229 863 electum,
1265 815 1333 854 sed
1365 816 1642 855 substitutum.
1672 827 1792 869 quern
1866 850 1870 854 .

216 885 355 910 servus
386 872 629 922 Euripideae
659 874 705 910 ut
734 872 896 912 videtur
926 872 1164 912 subtilitatis
1201 885 1283 911 non
1312 873 1510 923 inperitus
1541 872 1788 912 consolatur:

219 930 318 968 ‘non
349 929 489 968 infelix
520 930 654 978 fuisti,
686 929 755 968 sed
794 930 903 968 felix.
962 942 1054 968 nam
1095 942 1176 969 non
1212 929 1383 968 multum
1421 930 1534 970 abest
1571 930 1669 980 quin
1708 942 1791 970 sor-

215 987 315 1025 titus
347 981 423 1025 sis:
457 1000 699 1037 quamquam
731 988 837 1026 enim
867 999 949 1026 non
981 987 1150 1026 sortitus
1189 999 1251 1034 es,
1289 989 1425 1026 tamen
1463 987 1631 1027 sortitus
1661 989 1726 1038 es',
1758 987 1792 1026 si

216 1046 322 1082 recte
352 1057 438 1082 rem
467 1044 709 1095 intellegis’:
741 1045 886 1094 quibus
917 1044 1052 1084 verbis
1090 1044 1255 1084 suadere
1296 1044 1456 1084 videtur
1485 1044 1646 1084 domino
1675 1048 1723 1084 ut
1751 1044 1794 1083 in

216 1099 433 1154 δοκιμασία
464 1101 743 1151 Hyperbolum
774 1102 993 1152 inpugnat:
1024 1102 1109 1140 fore
1139 1102 1246 1141 enim
1267 1103 1314 1140 ut
1338 1102 1372 1140 is
1393 1103 1535 1151 utpote
1555 1101 1793 1152 peregrinus

217 1160 256 1196 et
285 1171 367 1196 non
397 1159 500 1197 liber
541 1159 744 1198 reiciatur.
805 1161 847 1197 at
884 1172 997 1208 erus,
1037 1159 1180 1197 talium
1218 1158 1491 1198 machinarum
1528 1160 1793 1210 contemptor,

216 1215 325 1253 abire
365 1228 526 1254 servum
568 1216 680 1254 iubet
718 1218 759 1255 et
795 1216 1091 1266 spectatoribus
1131 1229 1216 1254 rem
1261 1216 1459 1267 quomodo
1497 1216 1605 1256 facta
1641 1215 1694 1256 sit
1731 1228 1795 1255 ex-

215 1272 340 1322 ponit.
373 1273 490 1311 aliter
521 1271 696 1312 Cobetus
718 1272 812 1312 Obs.
836 1273 924 1312 crit.
950 1274 1042 1315 136.
1065 1274 1103 1312 7.
1163 1287 1201 1313 v.
1234 1273 1259 1312 5
1290 1273 1470 1312 nondum
1506 1273 1670 1313 videtur
1697 1285 1794 1324 per·-

216 1331 380 1369 sanatus
411 1343 510 1370 esse.
570 1327 754 1368 κούδέπω
791 1326 831 1382 γ’
873 1326 1072 1384 ἐλευθέρῳ
1101 1331 1323 1370 Hanovius.
1354 1325 1567 1382 κούδαμῶς
1607 1323 1646 1383 γ’
1689 1327 1795 1369 ε’λεν-

215 1384 323 1440 θέρῳ
344 1388 493 1438 Bergk.
543 1383 617 1426 κού
648 1386 840 1440 καθαρῶς
872 1385 1069 1442 ἐλευθέρῳ
1108 1387 1284 1428 Cobetus
1322 1388 1468 1429 Mnem.
1499 1387 1536 1426 V
1565 1387 1649 1428 203
1689 1387 1796 1428 conl.

216 1444 379 1483 Lucian.
411 1445 513 1486 Tim.
545 1446 611 1483 52.
670 1446 839 1485 fortasse
878 1446 1041 1495 scripsit
1079 1442 1200 1497 πρὸς
1231 1441 1271 1483 δ’
1313 1442 1386 1483 ε’τι
1427 1440 1795 1499 κᾶνελευθέρω.

216 1501 410 1540 Andocid.
445 1502 496 1540 fr
527 1503 553 1540 4
595 1502 653 1552 (p.
691 1504 770 1542 166
809 1502 870 1541 ed.
912 1501 1067 1555 Τ111·1ο.)
1099 1499 1189 1554 περὶ
1223 1498 1471 1554 Ὑπερβόλου
1502 1499 1631 1554 λέγειν
1659 1483 1797 1552 αἰσχύ·
1845 1541 1856 1551 ,

217 1570 357 1608 νομαι·
391 1552 441 1596 οὗ
470 1554 491 1597 ὁ
523 1555 598 1609 μὲν
636 1557 766 1611 πατὴρ
791 1557 1020 1627 ἐστιγμένος
1053 1557 1108 1598 ἔτι
1137 1556 1204 1598 καὶ
1233 1558 1312 1598 νῦν
1342 1556 1387 1598 ἐν
1416 1563 1470 1614 τῷ
1499 1555 1798 1612 ἆργυροκοπείῳ

218 1613 400 1654 δουλεύει
431 1621 484 1654 τῶ
514 1615 712 1670 δημοσίῳ,
750 1612 871 1664 αὐτὸς
911 1613 956 1655 δὲ
987 1615 1098 1665 ξένος
1128 1613 1187 1655 ω“ν
1223 1629 1292 1654 και
1323 1614 1525 1669 βαρβαρος
1555 1617 1796 1669 λυχνοποιεΐ,

218 1685 336 1722 quem
365 1673 498 1712 locum
528 1674 817 1724 interpretatus
847 1676 910 1715 est
938 1674 1158 1714 Kirchhoff.
1189 1674 1328 1714 Herm.
1360 1674 1380 1713 I
1410 1675 1506 1725 4sq.

971 1808 1053 1852 168

426 1884 449 1930 6
481 1886 525 1931 6'
557 1885 611 1930 οὐ
641 1885 726 1945 γὰρ
757 1886 991 1943 ἠττίκιζεν,
1024 1882 1061 1930 (11
1092 1891 1269 1942 Μοῖραι
1299 1891 1442 1945 φίλαι,

425 1955 526 1998 ἀλλ’
559 1955 693 2000 ὁπότε
723 1957 807 2013 μὲν
836 1959 963 2014 χρείη
994 1957 1258 2014 *διῃτώμηψ
1290 1957 1456 2013 λέγειν,

427 2026 597 2080 ἔφασκε
628 2025 890 2082 “δῃτω’μην’,
922 2023 1056 2069 ὁπότε
1087 2021 1130 2068 δ’
1147 2026 1307 2069 εἰπεῖν
1338 2026 1431 2068 δέοι

426 2091 631 2149 ὀλίγον’,
663 2093 823 2137 “ὀλίον’
855 2095 1023 2150 ἔλεγεν.

339 2188 593 2228 Herodianus
623 2189 664 2227 II
695 2190 789 2238 926,
814 2189 838 2228 5
870 2186 1045 2228 Πλάτων
1074 2186 1208 2240 μέντοι
1238 2185 1259 2228 6
1288 2185 1463 2240 κωμικὸς
1494 2186 1538 2228 ἕν
1563 2184 1796 2258 Ὑπερβόλῳ

221 2242 396 2293 διέπαιξε
438 2238 514 2294 τὴν
551 2243 652 2285 α’νευ
690 2251 761 2285 τοῦ
796 2261 820 2298 γ
857 2251 1000 2299 χρῆσιν
1035 2243 1160 2300 (ὀλίος
1194 2259 1269 2298 pro
1308 2242 1456 2301 ὀλίγος)
1494 2242 1549 2293 ὥς
1588 2243 1796 2299 βάρβαρον

222 2300 347 2354 λέγων
376 2299 503 2350 οὕτως
540 2305 622 2342 κτλ.
662 2304 765 2343 cf.1
798 2304 897 2352 141,
932 2305 998 2343 24.
1035 2295 1077 2343 1‘1
1108 2305 1202 2353 295,
1237 2306 1275 2343 9.
1313 2304 1492 2355 Etymol.
1523 2317 1578 2343 m.
1611 2304 1707 2352 621,
1740 2303 1792 2342 51

226 2361 464 2411 Ταραντῖνοι
493 2375 567 2412 γαρ
607 2358 650 2399 τὸ
687 2356 816 2412 ὀλίγος
851 2356 955 2407 ὀλίος
993 2358 1177 2413 λέγουσιν
1212 2358 1312 2400 ἄνευ
1352 2366 1426 2400 τοῦ
1453 2373 1516 2410 y.
1577 2333 1796 2399 ,Πλόὶτων

221 2432 266 2486 με
252 2414 356 2455 ε’ντοι
387 2413 408 2456 6
439 2414 611 2469 κωμικὸς
642 2416 841 2465 διαπαίζει
870 2414 946 2468 τὴν
975 2415 1082 2466 λέξιν
1111 2414 1166 2464 ὡς
1196 2414 1413 2471 βαρβαρον.
1464 2431 1533 2456 και
1561 2414 1604 2455 τὸ
1638 2413 1795 2482 ὄγίννος

222 2528 332 2584 nek.)
364 2529 406 2569 τὸ
437 2529 477 2580 ἐξ
508 2530 636 2571 ι’ππου
676 2528 750 2583 μὲν
788 2529 952 2602 μητρὸς,
991 2529 1140 2584 πατρὸς
1170 2528 1215 2570 δὲ
1245 2530 1356 2575 ὄνου.
1417 2527 1438 2570 6
1471 2505 1509 2569 6’
1543 2528 1591 2570 οὐ
1622 2528 1696 2610 γὰρ
1725 2526 1793 2582 ἠτ-

223 2586 367 2634 τίκιζεν
396 2585 598 2644 Blochius]
632 2585 729 2628 ὁδοῦ
757 2604 834 2641 γαρ
865 2587 971 2640 η’πτη
1001 2590 1148 2637 κιζεῦν.
1181 2585 1229 2627 οὐ
1258 2587 1534 2641 παρηττίκιζεν
1563 2611 1618 2617 -
1630 2588 1792 2633 3B-ern

223 2645 399 2695 hardyus
444 2646 551 2686 Hist.
588 2647 650 2686 lit.
690 2660 749 2698 gr.
790 2647 810 2685 I
849 2648 944 2687 336.
1011 2660 1094 2686 non
1136 2648 1265 2697 recte3
1318 2659 1411 2685 nam
1456 2646 1640 2710 sequitur
1679 2641 1794 2684 ἄλλα.

225 2702 263 2739 2.
295 2699 497 2768 διῃτώμην
526 2703 680 2755 Bloch]
715 2699 893 2754 διιῶμην.
978 2705 1016 2743 3.
1045 2702 1238 2772 δῃτώμην
1274 2700 1478 2755 Dindorfi]
1520 2695 1571 2753 δὴ
1608 2706 1662 2757 τῷ
1699 2699 1792 2753 μὴν.

223 2759 265 2796 4.
298 2754 407 2797 ὀλίον
436 2757 567 2811 ε’λεγεν
596 2758 755 2812 Bloch.]
779 2758 909 2813 ε’λεγεν
930 2761 1015 2800 cod.
1038 2757 1145 2799 ὀλίον
1175 2760 1313 2799 Lehrs.
1345 2773 1445 2810 quae
1476 2760 1525 2799 de
1554 2772 1649 2800 voce
1680 2757 1792 2805 ιννος

224 2815 496 2867 Etymologici
525 2820 662 2857 auctor
692 2819 868 2868 exponit,
899 2830 945 2857 ea
975 2818 1026 2857 ad
1055 2818 1266 2856 Platonem
1308 2829 1390 2856 non
1427 2817 1512 2856 sine
1547 2817 1685 2866 aliqua
1722 2815 1794 2855 du-

224 2871 424 2912 bitatione
467 2874 709 2925 Meinekius,
747 2876 799 2914 ad
837 2875 1110 2914 Herodianum
1153 2875 1280 2914 refert
1322 2874 1522 2914 Lehrsius.
1583 2874 1634 2913 cf.
1671 2873 1793 2913 etiam
1854 2885 1872 2894 ’-
