1838 3230
158 182 240 225 786
385 163 396 175 '
803 177 1097 212 ΦΙΛΤΛΛΙΟΤ

157 286 310 338 ὃάριον,
342 300 377 324 κ.
409 282 495 324 ἆστ.
529 282 634 335 ὄστρ.
667 280 957 322 πουλοπόδειον
986 282 1223 322 Meinekius.
1254 295 1291 323 v.
1315 283 1340 320 3
1369 278 1478 333 πάρα
1509 277 1546 320 τ’
1578 276 1734 334 ἄνθρα-

158 344 266 391 κίὸες
290 344 475 383 Dindorf.
508 341 763 382 scribendum
785 341 918 391 potius
941 337 1143 390 σπάρος,
1165 335 1429 390 ἆνθρακίδες.
1450 339 1501 378 cf.
1527 338 1577 381 H.
1597 338 1738 379 Inoobi

157 403 199 441 in
230 402 373 441 indice.
406 401 454 440 de
484 412 600 450 sarqo
630 399 779 437 Athen.
814 399 852 449 7,
885 397 1003 437 306f.
1035 397 1206 437 Aristot.
1237 396 1289 435 H.
1322 409 1387 435 an.
1419 398 1459 446 5,
1492 398 1532 446 9,
1563 397 1604 436 2.
1635 397 1675 436 6.

932 510 986 551 14

361 589 738 646 ἀνθρακοπώλης,
770 585 1103 643 κοσκινοποιός,
1136 587 1322 644 κηπεύς,
1354 585 1550 643 κουρεύς

270 676 414 715 Pollux
448 678 483 724 7,
520 676 603 714 110
634 670 655 712 ὁ
687 670 732 711 δὲ
763 665 855 720 τούς
884 670 1099 724 ἄνθρακας
1130 670 1372 725 πιπράσκων
1399 656 1740 724 οἳνθρακοιιιοιίλήςμο

159 731 262 786 λέγει
293 727 367 772 οὖν
398 728 607 779 Φιλύλλιος
639 728 683 771 ἕν
713 729 865 770 Πόλεσι
894 732 976 770 κτλ.

363 902 731 957 δακτυλιουργόν
935 843 987 885 15

272 982 481 1033 Φιλύλλιος
513 982 557 1023 δὲ
588 982 632 1023 ἕν
664 982 813 1023 Πόλεσι
843 979 1025 1035 ὠνόμασε
1057 979 1145 1037 (τὸν
1176 969 1560 1038 ὃακτυλιογλύφον).
1592 982 1742 1023 Pollux

160 1046 196 1093 7,
231 1045 325 1084 108.

932 1130 984 1173 16

274 1216 505 1255 Athenaeus
536 1216 574 1263 4,
610 1215 722 1254 140a
753 1217 837 1265 τῆς
869 1211 918 1252 δὲ
949 1211 1162 1261 κοπίδος
1191 1210 1434 1265 μνημονεύει
1463 1209 1532 1252 καὶ
1556 1207 1738 1266 Ἀριστο-

160 1272 293 1324 φάνης
323 1270 350 1324 ἢ
380 1271 591 1319 Φιλύλλιος
623 1269 667 1310 ἐν
698 1274 783 1318 ταῖς
818 1269 1004 1311 Πόλεσιν.
1035 1272 1087 1311 of.
1120 1271 1276 1313 cratin.
1313 1271 1405 1310 164.

367 1452 781 1509 λιχνοφιλάργυρος

275 1533 296 1575 ὁ
334 1537 465 1587 λίχνος
502 1534 596 1588 μέν,
646 1533 840 1586 φειδωλὸς
889 1532 946 1575 δέ.
1006 1533 1218 1583 Φιλύλλιος
1256 1533 1444 1574 Πόλεσιν.
1502 1533 1742 1586 Hesychius.

162 1593 516 1646 λιχνοφιλᾶργυρος
550 1591 755 1646 Musurus]
787 1588 1155 1645 λιχνοφυλοὲργυρος
1177 1593 1262 1632 cod.
1290 1614 1339 1620 —
1362 1587 1742 1644 λιχνοφειδᾶργυρος

162 1652 400 1700 Meinekius,
431 1652 538 1702 quod
569 1652 739 1690 maxime
769 1651 902 1702 placet
931 1653 1098 1702 propter
1127 1650 1168 1689 id
1191 1650 1300 1701 quod
1323 1650 1505 1701 sequitur
1528 1645 1741 1700 φειδωλός.

164 1707 376 1756 Φιλύλλιος
424 1706 610 1761 Soping.]
654 1705 866 1759 φιλύλαιος
911 1708 998 1748 cod.
1043 1705 1238 1754 Φιλόλαος
1282 1720 1491 1758 perperam
1541 1706 1741 1747 Musurus.

162 1767 368 1806 Dobraeus
400 1767 568 1806 Advers.
602 1767 621 1805 I
652 1767 734 1806 581
766 1763 974 1815 φιλύλαιος
1012 1778 1059 1805 ex
1099 1762 1295 1814 φειδωλός
1331 1765 1549 1816 repetitum
1587 1765 1629 1804 et
1664 1763 1742 1803 fra-

162 1827 370 1875 gmentum
402 1824 451 1863 ad
482 1824 692 1874 Eupolidis
724 1818 868 1870 Πόλεις
898 1823 1100 1875 pertinere
1129 1825 1275 1863 censet.

798 1970 1104 2005 ΦΡΕῼΡΤΧΟΣ

279 2065 421 2104 Pollux
462 2067 621 2111 7,192
661 2063 892 2119 φρεωρύχος
929 2061 973 2104 δὲ
1011 2063 1075 2116 εἴη
1112 2060 1166 2103 ἂν
1202 2061 1291 2116 τέχι
1296 2079 1340 2116 ης
1378 2057 1504 2111 εἶδος·
1543 2059 1745 2116 Φιλυλλίφ

165 2137 244 2175 γαρ
275 2120 407 2174 δραμοὶ
438 2137 474 2161 τι
502 2119 523 2161 ὁ
553 2121 805 2174 Φρεωρύχος.
838 2123 1012 2163 Meinek.
1044 2120 1063 2162 I
1094 2123 1191 2162 261.

936 2246 988 2289 18

370 2325 642 2382 προῦδωκεν
673 2324 814 2370 αὐτὸν
844 2323 869 2369 ὁ
897 2324 1049 2382 τόρος·
1080 2317 1139 2382 ἦν
1168 2323 1256 2382 γὰρ
1287 2323 1499 2382 ἀσθενής.

281 2411 517 2451 Eustathius
551 2412 765 2460 1533,11
805 2407 969 2462 εὕρηται
1005 2406 1050 2448 δὲ
1086 2406 1194 2462 παρὰ
1234 2412 1314 2457 τοῖς
1352 2410 1536 2456 παλαιοῖς
1573 2403 1596 2446 ὗ
1613 2405 1744 2477 τόρος

165 2483 231 2507 και
254 2466 456 2520 ἐργαλεῖον
477 2465 757 2520 φρεωρυχικόν
775 2464 803 2519 ἢ
823 2463 1086 2506 λιθοκοπικόν
1105 2476 1207 2518 φασι
1227 2471 1384 2515 σκεῦος.
1434 2463 1502 2505 καὶ
1521 2460 1744 2518 προάγουσι

167 2524 235 2565 καὶ
265 2530 408 2578 χρῆσιν
437 2524 653 2564 Φιλυλλίου
690 2522 799 2572 τινὸς
837 2522 988 2575 ταύτην
1022 2525 1105 2563 κτλ.
1143 2522 1383 2577 προῦδωκεν
1418 2518 1612 2590 Meinek]
1650 2534 1744 2575 προ-

166 2581 327 2623 έδωκεν.
386 2583 529 2623 Pollux
562 2584 714 2631 7,192
745 2581 944 2621 Φιλυλλίω
974 2579 1050 2635 γὰρ
1079 2579 1213 2635 δρᾶμα
1250 2596 1287 2620 τι
1323 2577 1345 2620 ὃ
1385 2577 1635 2633 Φρεωρύχος.
1694 2577 1738 2618 τὸ

167 2637 210 2678 δὲ
240 2638 485 2692 φρεωρύχων
515 2638 718 2692 ἐργαλεῖον
746 2635 843 2692 παρ’
875 2624 1002 2679 αυτοῦ
1030 2641 1209 2679 καλεῖται
1237 2635 1424 2709 τορεύς.
1486 2636 1741 2678 scribendum

167 2698 326 2737 videtur
351 2695 475 2749 τόρος.
500 2695 768 2749 Phot.16909·
790 2694 994 2749 ἐργαλεῖον
1013 2694 1301 2750 φρεωρυχικόν.
1321 2717 1371 2724 -
1390 2688 1453 2746 ἦν
1474 2692 1566 2747 γὰρ
1591 2690 1744 2734 ἀσθε-

169 2749 271 2805 νής,
303 2750 324 2792 ὁ
355 2753 467 2806 τόρος
499 2753 696 2805 δηλονότι.
757 2767 999 2806 quamquam
1030 2754 1188 2794 fabulae
1217 2766 1366 2793 nomen
1395 2752 1632 2792 Eustathius
1661 2763 1743 2791 non

167 2811 335 2860 addidit,
368 2811 544 2851 dubitari
574 2825 656 2851 non
691 2814 826 2864 potest
861 2812 959 2863 quin
994 2814 1102 2852 reete
1138 2811 1362 2851 Meinekius
1398 2805 1624 2862 Φρεωρύχῳ
1661 2808 1742 2848 fra·

168 2871 376 2918 gmentum
407 2869 692 2920 adsignaverit.
1103 2893 1107 2897 -
