1872 3224
254 202 337 244 704
746 199 1024 233 ΛΕΤΚΩΝΟΣ
1072 199 1331 233 ΦΡΑΤΕΡΕΣ

1041 300 1063 341 1

456 379 587 435 άτάρ,
619 374 657 422 οἶ
687 378 966 433 Μεγάκλεες,
998 375 1137 422 οἶσθά
1167 393 1258 422 που
1289 378 1526 431 Παάπιδος

452 447 724 503 Ὑπέρβολος
754 445 1030 501 τάκπτόματα
1061 448 1381 503 κατεδήδοκεν.

366 531 589 582 Hesychius
621 527 828 580 Παάπης·
848 524 966 578 οὗτος
995 526 1162 600 ποτηριά
1194 530 1282 570 τινὰ
1311 533 1392 578 τοῖς
1410 528 1645 583 Ἀθηναίοις
1675 528 1828 583 επεμψε

252 588 375 646 δωρα.
435 586 611 627 Λεύκων
639 586 865 639 Φράτερσιν
893 590 974 627 κτλ.
1005 602 1036 626 ω
1069 589 1311 628 Fritzschius
1350 589 1441 628 Act.
1473 601 1550 629 soc.
1582 602 1643 640 gr.
1673 588 1694 627 I
1725 587 1825 641 137]

251 642 285 683 ὁ.
317 640 439 683 οἶσθά
460 658 539 684 που
569 644 783 698 Fritzsch.]
817 640 1014 684 ὗσθάτου.
1045 641 1285 696 κατεδήδοκε
1313 644 1530 698 Fritzsch.]
1561 643 1825 697 κατεδήδωκε.

253 704 356 742 alter
388 716 527 742 versus
557 703 620 742 ins
622 703 863 742 uavissimus
902 705 962 742 est
999 705 1165 753 propter
1203 715 1406 742 caesuram
1444 703 1668 755 neglectam
1707 703 1827 743 ictus-

251 774 327 810 que
374 755 659 826 (τάκπώματά)
706 761 960 810 pravitatem.
1036 759 1288 799 scribendum
1333 762 1394 800 est
1447 755 1747 811 τᾶκπῶμαθ’
1800 755 1830 797 α’

250 816 398 868 κατεδ.,
431 818 456 856 1.
481 831 513 856 e.
537 811 659 855 οἶσθά
678 830 758 855 που
779 814 825 855 τὰ
849 816 902 855 H.
934 813 1208 868 ἕκπωματα,
1190 832 1215 854 α
1242 813 1331 856 Ὑπ.
1363 827 1402 855 κ
1433 818 1661 858 ‘meministi
1689 817 1830 867 opinor

247 876 390 924 pocula
419 875 490 914 illa
519 875 713 924 Paapidis
742 886 841 924 quae
870 875 1117 924 Hyperbolus
1145 874 1306 922 furatus
1343 875 1426 914 est’.
1488 874 1537 914 de
1575 874 1706 914 forma
1737 874 1823 913 Με-

251 927 410 984 γάκλεες
442 932 491 973 cf.
530 945 630 982 quae
662 932 944 971 adnotavimus
985 932 1034 970 ad
1073 932 1281 982 Aristoph.
1313 932 1388 982 Eq.
1421 932 1515 972 283.
1551 931 1828 982 Eupol.l2l2.

252 990 406 1039 Paapis
435 990 662 1040 Aegyptius
694 989 853 1028 aliunde
883 1001 966 1028 non
996 989 1197 1039 cognitus.
1229 989 1280 1028 cf.
1310 989 1458 1040 Bergk.
1489 989 1536 1031 R.
1558 1002 1592 1028 c.
1617 989 1707 1028 Att.
1732 988 1826 1030 106.

253 1048 291 1086 7.
337 1047 500 1097 regulus
554 1047 851 1097 Aegyptiorum
896 1058 982 1086 esse
1030 1047 1218 1096 putatur3
1266 1045 1335 1086 sed
1379 1046 1521 1097 quidni
1568 1046 1830 1086 mercatorem

253 1104 504 1155 Aegyptium
533 1103 656 1143 fuisse
698 1116 917 1154 ponamus,
955 1103 1109 1154 poculis
1147 1103 1338 1154 pretiosis
1376 1103 1557 1143 Athenas
1595 1102 1739 1144 adlatis
1777 1102 1828 1143 ab

251 1160 485 1212 Hyperbolo
515 1160 773 1200 fraudatum?

1034 1272 1062 1314 2

364 1355 596 1395 Athenaeus
634 1355 678 1404 8,
717 1356 799 1425 343
819 1368 840 1395 c
868 1353 1104 1424 κωμῳδοῦσι
1141 1349 1183 1393 δ’
1225 1350 1351 1394 αὐτὸν
1381 1316 1727 1407 (Μελάνθιον)
1758 1348 1824 1393 ἐπ’

251 1409 458 1466 ὀψοφαγίᾳ
498 1410 674 1452 Λεύκων
712 1410 757 1452 ἐν
793 1410 1038 1465 Φράτερσιν,
1073 1407 1363 1463 Ἀριστοφάνης
1402 1409 1447 1451 ἐν
1483 1409 1662 1466 Εἰρήνῃ,
1702 1412 1827 1464 Φερε-

251 1468 399 1522 κράτης
430 1468 475 1509 ἐν
505 1467 680 1524 Πετάλῃ.

1033 1582 1060 1624 3

364 1665 532 1704 Photius
574 1662 759 1716 Τίβιοι·
798 1661 934 1711 ἔθνος.
981 1660 1156 1703 Λεύκων
1195 1661 1240 1703 ἐν
1275 1661 1511 1716 Φράτερσιν.
1571 1656 1669 1715 τάχα
1707 1659 1753 1702 δὲ
1790 1662 1831 1703 οἱ

251 1718 365 1760 αὐτοὶ
395 1724 477 1769 τοῖς
511 1722 764 1773 Τιβαρηνοῖς.
825 1734 915 1760 cum
944 1721 1132 1761 Tibareni
1165 1719 1219 1775 (ἴ)
1251 1721 1473 1772 Chalybum
1509 1721 1632 1761 vicini
1661 1721 1825 1770 fuerint,

252 1780 439 1830 Scythiae
469 1792 567 1831 gens
601 1777 758 1831 (Pomp.
790 1779 885 1818 Mel.
923 1781 957 1827 1,
990 1776 1081 1833 20),
1117 1778 1223 1818 Tibii
1253 1777 1299 1829 (ῖ)
1339 1781 1472 1817 autem
1508 1778 1727 1830 Phrygiam
1766 1779 1825 1817 in-

252 1838 454 1876 coluerint
485 1835 642 1888 (Steph.
674 1837 771 1887 Byz.
812 1834 987 1887 Τίβειον·
1019 1834 1139 1883 τόπος
1170 1834 1373 1887 Φρυγίας,
1413 1829 1493 1874 ἀπὸ
1526 1834 1667 1887 Τιβίου
1705 1830 1823 1882 τινός.

252 1891 295 1932 ἐκ
327 1892 469 1932 τούτου
498 1907 566 1932 και
599 1892 760 1959 Τιβίους
791 1890 883 1940 τοὺς
915 1891 1085 1940 δούλους
1115 1891 1325 1946 καλοῦσι),
1365 1893 1472 1932 Tibii
1510 1905 1583 1942 pro
1615 1891 1825 1932 Tibarenis

252 1951 556 1990 commemorari
586 1952 653 1990 vix
683 1952 883 2001 poterant.
943 1951 1113 1990 fortasse
1144 1963 1282 1990 servus
1312 1949 1489 2000 aliquis·
1478 1963 1521 1988 m
1541 1947 1739 1989 Leuconis
1769 1949 1824 1988 fa-

251 2009 347 2047 bula
375 2009 450 2047 hoc
479 2020 625 2047 nomen
661 2008 804 2059 gessit.
835 2008 932 2047 Luc.
964 2008 1068 2047 Tim.
1101 2008 1167 2047 22.
1199 2007 1333 2046 Strab.
1366 2008 1414 2058 7,
1447 2006 1530 2047 304
1571 2005 1729 2058 ΤίβιονἸ
1750 2003 1822 2044 τὸν

254 2063 505 2117 Παφλαγόνα
538 2062 869 2118 (προσηγόρευον)
902 2065 952 2105 cf.
987 2066 1052 2115 12,
1086 2065 1178 2106 553.

821 2325 1252 2376 ΜΕΤΑΓΕΝΗΣ

868 2431 1040 2471 Meinek.
1071 2431 1092 2470 1
1123 2431 1219 2470 218.

969 2554 1119 2589 ATPAI

192 2676 200 2688 .
367 2648 509 2689 Suidas
541 2645 683 2701 Αὔρας
713 2651 754 2688 et
785 2643 1083 2699 Μαμμάκυθον
1112 2647 1209 2687 duas
1239 2646 1462 2698 Metagenis
1501 2645 1658 2686 fabulas
1695 2643 1819 2686 fuisse

250 2707 387 2745 tradit.
433 2707 662 2746 Athenaeus
708 2707 754 2755 8,
795 2707 910 2745 355a
956 2699 1254 2755 Μαμμακύθου
1297 2700 1325 2754 ἢ
1365 2699 1518 2755 Αὐρῶν
1563 2699 1822 2755 Μεταγένους

252 2763 435 2814 ἰαμβεῖον
464 2766 505 2802 et
537 2766 602 2813 13,
634 2764 752 2802 57110
794 2758 862 2808 τὰς
899 2759 1159 2813 Μεταγένους
1196 2758 1338 2812 Αύρας
1374 2775 1397 2799 ’ν
1438 2757 1508 2799 τὸν
1541 2756 1822 2812 Ἀρισταγόρου

254 2818 551 2870 Μαμμάκυθον
579 2821 878 2859 commemorat.
909 2819 1002 2858 hinc
1023 2818 1245 2858 Meinekius
1275 2830 1396 2868 quam
1417 2817 1646 2868 Metagenes
1676 2813 1820 2869 Αυρας

252 2877 427 2916 fabulam
458 2877 671 2926 docuisset,
702 2890 791 2916 eam
823 2876 1097 2927 Aristagoram
1137 2875 1360 2926 paullulum
1398 2875 1635 2914 inmutatam
1673 2875 1716 2914 et
1750 2885 1819 2913 no-
