1872 3224
193 165 277 208 425
792 159 1181 195 ΑΡΙΣΤΟΦΑΝΟΤΣ

944 262 1025 305 139

215 348 257 390 εἰ
285 347 541 403 παιδαρίοις
570 343 847 388 ἀκολουθεῖν
879 344 952 386 δεῖ
978 349 1181 399 σφαῖραν
1211 339 1287 385 καὶ
1318 339 1541 398 στλεγγίδ’
1576 343 1752 399 ἔχοντα.

308 430 531 480 Schol.Eq.
550 430 646 478 580,
669 427 1018 468 Sch01.Plat.334
1035 426 1181 478 Bekk„
1202 426 1384 475 Photins,
1409 426 1551 468 Suidas
1572 425 1769 494 στλεγγίς·

191 485 218 540 ἡ
251 487 418 537 ξύστρα,
449 485 517 526 καὶ
547 484 888 539 στλεγγιζόμενος,
918 455 1203 535 ἆποξυόμενος.
1241 482 1309 524 καὶ
1336 478 1513 536 ἀλλαχοῦ
1542 479 1657 539 Γήρα
1687 485 1771 525 κτλ.

193 545 257 585 δεῖ
282 542 475 598 σφαῖραν]
508 541 734 597 δεισφὲρων
755 543 978 584 οοᾶ.Ρ1101;.
1019 542 1298 594 pedisequum,
1329 554 1547 594 puerorum
1575 542 1774 583 nobilium

192 604 399 651 comitem,
438 603 658 654 palaestrae
695 603 964 642 instrumenta
1001 601 1207 651 pilamque
1244 601 1475 651 portantem
1507 600 1586 640 dici
1614 600 1773 642 monuit

193 660 450 701 Suevernius.

944 748 1027 790 140

398 829 569 885 λορδοῦ
599 826 905 884 κιγκλοβοέταν
936 826 1118 885 ῥυθμόν
1364 810 1367 814 ⁸
1859 837 1872 884 3

306 914 462 954 Aelian.
493 914 544 955 N.
586 927 649 953 an.
686 914 756 962 12,
791 914 815 952 9
853 910 1011 965 κίγκλος
1044 942 1053 952 .
1086 943 1095 952 .
1130 943 1138 951 .
1177 909 1373 964 μέμνηται
1411 908 1457 951 δὲ
1494 916 1566 952 τοῦ
1602 909 1772 966 ὄρνιθος

191 968 332 1011 τούτου
359 968 651 1024 Ἀριστοφάνης
683 1001 693 1011 .
717 1001 727 1010 .
749 1001 759 1010 .
792 967 837 1009 ἐν
866 974 921 1025 τῷ
951 970 990 1008 Γ
983 968 1062 1025 ήρᾳ
1092 971 1175 1010 κτλ.
1206 969 1352 1023 λορδοῢ
1381 968 1581 1024 Brunck.]
1614 968 1771 1023 λόρδου.

192 1029 242 1069 cf.
274 1030 323 1069 fr.
357 1031 426 1070 29.
455 1043 594 1070 versus
626 1030 688 1070 est
715 1029 949 1080 glyconeus.

335 1238 372 1289 ὦ
403 1247 661 1301 πρεσβῦτα,
693 1245 865 1298 πότερα
897 1245 1045 1300 φιλεῖς
1074 1241 1153 1295 τὰς
1183 1244 1423 1299 δρυπετετς
1452 1242 1633 1301 ἑταίρας

333 1313 363 1370 ἢ
395 1311 454 1357 σύ
484 1312 563 1364 τοὶς
592 1311 970 1370 ὑποπαρθένους,
1001 1311 1209 1369 ἁλμάδας
1238 1310 1300 1364 ὥς
1331 1311 1482 1369 ἐλάας,

336 1382 552 1439 <nemetim

305 1467 537 1507 Athenaeus
558 1467 598 1516 4,
623 1468 738 1507 13311.
768 1463 939 1519 ἐχρῶντο
967 1463 1043 1519 γὰρ
1064 1465 1107 1507 οἴ
1121 1454 1285 1506 παλαιοὶ
1314 1452 1382 1506 καὶ
1402 1469 1484 1514 τοῖς
1511 1466 1568 1514 εἰς
1595 1461 1771 1507 ἀναστό-

192 1535 322 1575 μωσιν
350 1519 579 1577 βρώμασιν,
610 1521 746 1576 ὤσπερ
766 1527 852 1572 ταῖς
872 1520 1049 1577 ἁλμάσιν
1076 1521 1229 1574 ε’λοὲαις,
1260 1521 1310 1572 ἃς
1340 1522 1600 1577 κολυμβάδας
1629 1526 1774 1564 καλοῦ-

194 1591 272 1624 σιν.
321 1578 614 1634 Ἀριστοφάνης
643 1580 744 1634 γοῦν
773 1579 817 1621 ἐν
846 1577 959 1636 Γήρᾳ
989 1580 1118 1633 φησίν
1154 1584 1237 1624 κτλ.
1327 1583 1368 1622 2.
1396 1580 1426 1634 ἢ
1455 1579 1506 1621 σὺ
1535 1579 1699 1636 Bergk]
1728 1579 1771 1635 ἤ.

193 1638 478 1691 ὃρυπετεῐς.
518 1640 568 1679 cf.
592 1639 780 1679 Chionid.
804 1641 844 1680 7.
876 1636 1120 1690 ἁλμάδας.
1153 1639 1364 1691 Hermipp.
1386 1641 1453 1680 81.
1484 1639 1661 1692 Bergkio
1681 1640 1774 1680 lena

194 1709 331 1737 senem
361 1697 524 1747 adloqui
553 1697 726 1745 videtur,
756 1710 876 1748 quem
903 1698 1025 1737 etiam
1051 1699 1286 1748 recuperata
1306 1698 1516 1738 iuventute
1537 1699 1772 1749 agnoverat.

192 1751 338 1807 πότερα
368 1756 497 1805 φιλεῖς
526 1755 778 1795 choriambus
808 1757 871 1795 esf,
900 1755 1032 1796 soluta
1051 1755 1151 1807 arsi,
1182 1757 1229 1795 ut
1257 1754 1404 1795 Anaor.
1427 1755 1482 1794 24
1510 1749 1772 1807 ἀναπέτομαι.

947 1889 1029 1932 142

400 1968 703 2013 α’ποπλευστέ’
735 1964 822 2013 οὖν
854 1968 928 2013 ἐπὶ
958 1968 1038 2014 τὸν
1067 1971 1298 2027 νυμφίον,
1330 1963 1368 2027 ᾦ
1397 1970 1627 2026 γαμοῦμαι

399 2038 611 2095 τήμερον.

310 2121 442 2163 Schol.
473 2123 664 2163 Nicandr.
695 2123 875 2164 Theriac.
908 2124 991 2163 295
1022 2119 1147 2163 πλόον
1175 2119 1250 2175 τὴν
1279 2118 1379 2163 ὁδὸν
1407 2119 1482 2174 τὴν
1509 2120 1659 2174 πεζήν,
1698 2119 1774 2175 τὴν

194 2178 361 2231 πορείαν
391 2209 402 2219 .
435 2210 444 2219 .
476 2210 487 2219 .
517 2178 585 2220 καὶ
611 2175 902 2250 Ἀριστοφάνης
932 2178 977 2219 ἐν
1006 2186 1059 2236 τῷ
1090 2178 1203 2234 Γήρα
1232 2182 1452 2244 γυναῖκα
1489 2178 1661 2249 ποιήσας
1692 2177 1775 2220 ἐπὶ

195 2235 403 2290 ζεύγους
441 2234 574 2276 ὄνων
611 2233 893 2290 ὀχουμένην
921 2250 1131 2306 παραγει
1160 2252 1271 2276 τινα
1308 2235 1499 2306 ἐρωντα
1529 2233 1708 2308 αὐτῆς,
1743 2234 1773 2288 ἢ

194 2292 277 2333 καὶ
307 2291 448 2346 ερεθί
457 2292 609 2342 ζουσα
640 2305 742 2346 φησι
770 2293 869 2362 πρὸς
900 2291 1024 2334 αὐτόν
1061 2297 1145 2335 κτλ.
1199 2288 1465 2335 ἆποπλευστέ’
1498 2288 1576 2334 οὖν
1604 2291 1770 2362 Bergk]

194 2347 406 2391 ἆπέπλεισε
438 2344 538 2392 τεὸν.
569 2345 757 2400 ἆπέπλεις
779 2349 869 2394 τεὸν
889 2353 976 2393 cod.
1007 2353 1134 2393 Paris.
1166 2347 1336 2405 τήμερον
1361 2349 1556 2406 Brunck.]
1589 2349 1772 2404 σήμερον.

196 2410 336 2449 eodem
366 2412 497 2450 metro
529 2412 754 2461 composita
787 2414 829 2452 et
858 2424 905 2450 ex
935 2410 1075 2450 eadem
1103 2410 1264 2450 fabulae
1294 2411 1408 2461 parte
1436 2409 1534 2449 haec
1563 2409 1774 2460 desumpta

144 2478 154 2483 ²
197 2468 292 2507 sunt
321 2480 367 2507 ae
396 2467 447 2507 fr.
473 2468 566 2506 141.
615 2468 726 2519 loqui
755 2471 890 2508 autem
920 2467 1082 2508 videtur
1117 2481 1223 2508 nova.
1251 2469 1379 2518 nupta
1409 2467 1515 2508 senis
1544 2467 1672 2516 iuius,
1701 2467 1772 2518 qui

195 2524 245 2563 fr.
280 2525 360 2564 132
391 2526 566 2576 priorem
597 2539 761 2566 uxorem
792 2526 1011 2582 expulerat.

950 2658 1030 2702 143

401 2716 603 2759 Μελιτέα
632 2732 810 2774 καπρον

309 2794 600 2869 Ἀριστοφανης
631 2798 678 2840 ἐν
699 2796 811 2855 Γήρα
824 2796 944 2869 λέγει
971 2793 1062 2838 ἀντὶ
1090 2803 1162 2839 τοῦ
1190 2793 1477 2848 Εὐκράτης.
1528 2794 1613 2837 ἐπεὶ
1644 2794 1772 2845 δασύς

200 2854 299 2896 ἔστι·
341 2853 408 2895 καὶ
444 2854 521 2909 γὰρ
558 2855 747 2911 ἄρκτον
783 2853 912 2898 αὐτὸν
941 2854 1076 2909 ἔλεγον
1103 2853 1132 2909 ἢ
1161 2870 1221 2895 οτι
1249 2857 1437 2908 μυλωνας
1473 2848 1599 2907 εἶχεν,
1638 2852 1684 2894 ἕν
1711 2848 1774 2902 οἷς
