1872 3224
234 179 317 221 242
878 165 1152 201 ΕΡΜΙΠΠΟΤ

234 285 399 335 ignavos
429 278 705 319 contraxerat&
748 274 872 314 Dobr.
903 271 1101 322 Bergkius
1140 269 1302 318 recepta
1340 265 1540 306 Dindorfii
1576 275 1626 306 σο
1657 265 1667 275 “
1756 271 1759 274 ·
1807 271 1809 274 ⁴

231 332 442 390 Ἀβυδόθ’,
473 334 718 374 Alcibiadem
746 331 877 370 notari
899 329 1131 375 arbitratur,
1153 325 1223 377 qui
1244 324 1409 364 vixdum
1430 322 1593 363 adultus
1606 321 1815 375 ‘Abydus'

238 411 277 436 se
307 393 518 436 contulerit
548 394 588 430 et
607 390 714 430 omni
738 389 991 438 voluptatum
1014 384 1152 436 generi
1173 396 1214 423 se
1236 381 1405 430 dederit,
1428 380 1534 422 conl.
1556 378 1818 432 Antiphoni!

237 454 341 504 apud
371 451 516 490 Athen.
551 449 614 497 12,
648 446 779 486 525b.
815 446 878 492 13,
912 444 1037 482 5740.
1070 442 1168 492 Lys.
1205 442 1269 487 14,
1301 440 1353 478 41
1386 440 1428 478 et
1457 438 1556 479 fr.'8
1577 435 1640 479 ed.
1671 435 1814 478 'Burin

236 511 332 550 mihi
361 507 491 547 nescio
523 506 611 556 quis
642 504 806 544 chorum
843 515 890 541 ex
929 498 1204 540 transmarinis
1245 497 1362 537 sociis
1401 494 1669 546 compositum
1697 492 1806 541 edn-

236 570 333 614 tare,
365 564 472 604 chori
501 563 688 613 princeps
708 562 842 599 auizem
861 559 1107 608 interrogare
1129 555 1290 596 videtur
1310 566 1362 592 an
1382 552 1554 593 senserit
1571 549 1807 603 Abydenus,

237 624 483 663 effeminatos
513 620 748 670 plerumque
769 620 811 656 et
831 616 983 663 molles,
1007 614 1170 654 tandem
1190 611 1406 662 aliquando
1429 610 1538 651 viros
1559 609 1687 649 factos
1706 616 1811 651 esne

984 726 1040 769 59

440 809 733 865 άνερίναστος
765 804 805 850 εἴ

353 895 549 935 Zenobius
572 894 610 941 2,
629 893 679 931 23
701 889 769 944 (cf.
794 890 903 930 Suid.
926 885 1202 940 ἆνερίναστος)
1226 883 1404 926 τάττεται
1424 880 1450 936 ἡ
1481 881 1674 938 παροιμία
1710 878 1810 937 παρ’
1850 905 1851 908 =

231 953 437 1007 Ἑρμίππῳ
467 948 511 989 ἒν
540 947 807 998 Στρατιώταις
840 980 848 989 .
873 977 881 986 .
906 977 914 986 .
948 943 1010 985 ἐπὶ
1042 950 1123 984 τῶν
1151 942 1256 996 ἅπερ
1286 939 1342 983 ἄν
1378 937 1530 995 λάβωσι
1557 938 1614 994 μὴ
1646 937 1811 995 διακρα-

240 1012 426 1051 τούντων.
485 1003 738 1058 ἆνερίναστος
786 1005 897 1045 Sujd.
941 1007 983 1043 et
1027 1004 1163 1054 Etym.
1211 1015 1266 1041 m.
1318 1002 1426 1050 108,
1477 996 1548 1052 10]
1592 993 1811 1052 ἇνερίνεος.
1864 1006 1872 1053 ’ξ

239 1068 411 1119 Hesyoh.
441 1060 712 1115 ἆνηρίναστος.
773 1076 855 1102 rem
894 1061 1044 1112 optime
1081 1062 1123 1100 et
1161 1058 1435 1110 copiosissime
1475 1057 1669 1098 inlustrat
1694 1055 1812 1106 Pan.
1870 1070 1872 1081 ²

240 1127 291 1167 N.
323 1126 362 1164 h.
397 1125 460 1171 15,
495 1123 673 1163 79-81.

987 1207 1044 1250 60

442 1265 682 1323 ἠριστάναι

355 1353 580 1393 Athenaeus
622 1350 691 1398 1Ο,
725 1350 848 1388 4239,
874 1345 1101 1399 ’Ἐρμιππος
1140 1343 1185 1385 ἐν
1222 1341 1516 1398 Στρατιώταις·
1547 1334 1816 1396 ἠριστάναι

243 1409 326 1450 καὶ
354 1405 664 1459 παριστάναι
694 1405 843 1445 τουτί.
904 1406 1073 1445 Photius
1110 1399 1340 1456 ἠριστάναι·
1365 1399 1609 1453 ”Ερμιππος.
1650 1395 1818 1448 ὥςόιαὶ

244 1464 501 1507 δεδειπνάναι
531 1462 668 1514 φασίν.
727 1463 881 1502 fallitur
910 1462 1144 1502 Eustathius
1178 1461 1301 1512 1900,
1335 1461 1371 1500 9.
1410 1451 1622 1510 ἠριστάναι
1652 1454 1813 1510 Dimitt]

244 1522 466 1576 ἆριστάναι.
512 1523 566 1562 sie
597 1518 855 1560 δεδειπνάναι
893 1523 934 1560 et
969 1518 1235 1570 δεδείπναμεν
1273 1516 1482 1568 Aristoph.
1514 1515 1562 1556 fr.
1597 1515 1690 1556 249.
1718 1514 1830 1556 464.·

245 1583 348 1621 Plat.
387 1582 478 1619 144.
509 1579 727 1628 Antiphan.
764 1578 854 1616 142.
887 1577 1034 1616 Eubul.
1067 1578 1134 1616 91.
1168 1577 1235 1615 92.
1267 1574 1445 1626 Epicrat.
1470 1574 1507 1614 1.
1539 1571 1700 1612 Alexid=
1721 1572 1814 1612 107.

245 1633 458 1690 ἠρίσταμεν
486 1635 692 1686 Aristoph.
725 1638 773 1675 fr.
805 1635 900 1674 496.
934 1635 1178 1685 Theopomp.
1211 1633 1279 1672 22.
1317 1644 1391 1683 pro
1429 1623 1672 1683 παριστάναι
1707 1626 1822 1668 τουτί

248 1697 332 1736 eod.
366 1695 395 1734 O
426 1689 668 1745 παρεστάναι
700 1691 853 1731 τουτωΐ.
886 1691 978 1731 eicit
1006 1691 1102 1730 haec
1131 1688 1366 1730 Dindorfius
1396 1685 1639 1741 παριστάναι
1661 1699 1709 1726 ex
1728 1680 1817 1740 ἠρι-

248 1749 388 1792 στάναι
417 1753 548 1791 ortum
591 1763 677 1790 esse
722 1752 847 1790 ratus.
893 1749 1118 1788 Meinekius
1155 1747 1199 1787 in
1236 1746 1445 1786 Athenaeo
1482 1740 1693 1797 ἠριστάναι
1731 1739 1819 1797 [καὶ

247 1805 502 1859 παριστάναι]
545 1806 655 1845 τουτί
683 1821 771 1846 eum
805 1806 1002 1846 Dobraeo.
1040 1806 1083 1845 in
1121 1805 1326 1844 Analectis
1369 1804 1447 1844 191
1486 1797 1713 1854 (ἠριστάναι
1749 1797 1820 1840 καὶ

248 1864 509 1919 προσεστάναι
538 1863 657 1914 τουτί,
688 1867 734 1904 ut
763 1859 1027 1916 προσεστάναι
1057 1863 1102 1902 de
1131 1862 1291 1911 fastidw
1321 1858 1614 1912 intellegatur’.
1657 1857 1727 1899 sed
1747 1857 1819 1897 du·

247 1924 332 1963 bito
362 1927 526 1973 propter
555 1924 741 1962 metrum.

870 2044 1199 2080 <1>0PMO‹1›0P01

365 2128 543 2176 Sitalces,
574 2127 768 2166 Thracum
799 2139 867 2166 rex
897 2124 966 2180 (of.
989 2126 1038 2165 fr.
1061 2126 1128 2172 63,
1152 2122 1212 2179 7),
1243 2137 1332 2165 cum
1363 2124 1492 2164 socius
1513 2121 1821 2163 Abheniensium

252 2185 378 2224 factus
408 2185 461 2224 sit
490 2183 552 2224 Ol.
583 2185 650 2233 87,
683 2185 706 2222 2
740 2183 883 2235 (Thuc.
915 2185 955 2235 2,
988 2180 1085 2236 29),
1115 2185 1296 2222 mortuus
1317 2183 1453 2221 autem
1474 2192 1520 2225 eo
1541 2185 1720 2231 tempore
1739 2187 1819 2231 qno

253 2255 387 2292 pugna
416 2241 520 2291 apud
549 2241 707 2279 Delium
737 2241 946 2280 commissa
975 2242 1049 2290 est,
1082 2240 1108 2279 i.
1140 2252 1175 2279 e.
1208 2239 1271 2279 01.
1303 2239 1370 2287 89,
1405 2240 1448 2287 1,
1487 2239 1616 2278 aotam
1647 2247 1734 2277 osse
1761 2234 1819 2275 fa-

253 2299 387 2337 bulam
415 2299 580 2348 adparet
615 2298 720 2337 inter
750 2297 811 2337 Ol.
843 2299 909 2346 87,
943 2299 967 2336 2
999 2300 1040 2336 et
1070 2298 1136 2343 89,
1170 2298 1207 2335 1.
1239 2296 1289 2335 ad
1328 2294 1390 2336 Ol.
1422 2295 1497 2344 88,
1531 2295 1555 2334 3
1586 2293 1651 2333 vel
1680 2294 1708 2332 4
1733 2291 1821 2332 Wi-

254 2355 513 2394 lamowitzius
549 2355 674 2393 refert
711 2353 804 2394 Obs.
845 2355 931 2394 crit.
973 2355 1038 2393 35.
1062 2355 1086 2393 6
1126 2353 1228 2394 conl.
1266 2352 1390 2392 Thuo.
1431 2353 1475 2401 3,
1509 2352 1564 2391 ⁷0
1579 2363 1641 2402 sq.
1686 2350 1738 2390 81
1756 2361 1818 2400 sq.

256 2424 342 2450 cum
372 2412 420 2450 fr.
453 2413 518 2463 63,
552 2413 604 2451 10
632 2413 672 2451 et
702 2411 826 2450 Thuc.
858 2413 897 2463 2,
930 2413 996 2450 29.
1030 2412 1153 2461 95sq.
1185 2411 1223 2459 4,
1257 2411 1309 2450 79
1341 2421 1432 2450 cum
1463 2409 1512 2448 fr.
1537 2409 1603 2456 63,
1635 2408 1673 2448 8.
1713 2405 1819 2446 idom

257 2469 365 2517 sequi
395 2468 550 2508 videtur
581 2468 681 2510 conl.
712 2468 761 2510 fr.
795 2470 862 2518 63,
894 2469 920 2506 4
951 2481 1042 2508 oum
1071 2467 1279 2518 Arisssoph.
1312 2467 1387 2517 Eq.
1419 2466 1517 2506 894.
1549 2465 1590 2504 5.

999 2579 1051 2620 61

503 2656 621 2713 παρὰ
651 2661 741 2700 τῶν
772 2657 989 2714 καπήλων
1019 2657 1218 2713 λήψομαι
1247 2657 1299 2700 τὸ
1330 2655 1578 2712 σύμβολον.

381 2739 523 2778 Pollux
553 2741 590 2788 9,
624 2742 672 2778 71
705 2740 767 2791 εἴη
797 2737 834 2779 δ’
869 2735 924 2779 ἂν
952 2738 1020 2779 καὶ
1050 2737 1250 2791 σύμβολον
1278 2733 1407 2792 βραχὺ
1437 2731 1707 2789 νομισμάτων,
1735 2730 1824 2787 ἡμί-

262 2793 383 2843 τομόν
413 2809 448 2833 τι
479 2795 722 2847 νομίσματος.
782 2794 802 2835 ὁ
832 2795 933 2850 γοῦν
949 2794 1176 2848 ’Έρμιππος
1215 2794 1259 2836 ἐν
1295 2795 1572 2848 Φορμοφόροις
1609 2789 1711 2846 λέγει
1737 2793 1822 2834 κτλ.

262 2851 310 2890 cf.
345 2853 408 2891 14.
440 2853 640 2903 Aristoph.
671 2854 719 2894 fr.
751 2855 818 2893 44.
852 2854 999 2894 Eubul.
1035 2855 1100 2894 70.
