1872 3224
815 200 984 234 ΑΓΡΙΟΙ
1603 201 1685 244 149

8 274 61 355 ξ’
90 301 174 343 sius
205 301 346 342 Exere.
385 301 491 341 Plin.
524 302 630 357 402]
671 303 813 358 κέρδος
852 302 910 353 ὃς.
962 307 1013 347 ef.
1047 306 1229 359 Thucyd.
1263 309 1300 356 7,
1332 309 1401 350 41.
1454 306 1680 362 τούδαφος]

7 351 75 399 s‘
90 363 162 400 τοῦ
192 357 353 410 δάφους
383 359 432 400 V.
464 364 535 399 τοῦ
566 358 746 412 ἐδάφους
790 364 839 404 G
876 365 929 403 ef.
969 365 1140 416 interpr
1180 366 1257 416 Eq
1291 367 1388 406 762.
1429 366 1525 408 ‘eece
1547 368 1682 417 plum-

6 408 53 487 {33
91 418 185 459 beas
213 419 421 469 delphims
442 423 619 469 paratus
649 421 734 461 est.
766 422 816 461 cf.
850 422 953 462 Plat
989 423 1329 472 160‚1.A10aei
1362 425 1428 474 22,
1464 426 1501 464 1.

869 581 921 624 13

506 670 810 726 ἐνθρύσκοισι
840 673 917 716 καὶ
947 673 1199 730 βρακάνοις

504 738 581 783 καὶ
611 740 886 798 στραβήλοις
915 744 1014 799 ζῆν’
1049 740 1222 785 ὁπόταν
1253 741 1295 786 δ’

501 807 590 867 ἤδη
621 812 814 854 πεινῶσι
844 811 1048 868 σφόδρα,

497 877 703 936 ,ὡσπερεὶ
731 878 840 931 τούς
869 880 1169 931 πουλύποδας

450 958 471 990 5
501 967 525 993 *
582 967 606 992 *
664 966 688 993 *
747 949 930 1006 νύκτωρ
962 949 1190 1007 περιτρώ-

499 1034 601 1074 γειν
632 1016 788 1062 αὐτῶν
818 1017 926 1071 τούς
957 1019 1224 1104 δακτύλους.

200 1114 436 1156 Athenaeus
469 1116 505 1166 7,
539 1116 655 1155 316e
685 1111 845 1186 λέγουσι
875 1113 922 1155 δὲ
950 1113 1018 1155 καὶ
1047 1112 1103 1164 ὦς
1133 1112 1188 1156 ἂν
1222 1113 1409 1172 ἀπορήσῃ
1446 1123 1597 1170 τροφῆς
1637 1115 1678 1171 (ὅ

0 1159 3 1221 Ξ
44 1183 47 1185 ’
82 1168 338 1227 πουλύπους)
360 1169 488 1213 αὑτὸν
508 1172 728 1213 κατεσθίει.
760 1188 820 1213 ων
838 1168 895 1222 εἷς
919 1171 1001 1213 ἐστι
1021 1171 1090 1213 καὶ
1113 1171 1134 1213 ὁ
1154 1173 1454 1230 κωμῳδιοποιὸς
1472 1175 1678 1229 Φερεκρά-

0 1248 2 1250 ·
81 1245 152 1282 της
173 1230 260 1273 κτλ.
292 1228 338 1270 έν
357 1234 440 1279 τοῖς
463 1227 796 1298 ἐπιγραφομένοις
815 1228 1042 1285 Ἀγρίοις..
1075 1232 1221 1272 Pollux
1243 1235 1280 1280 6,
1303 1233 1358 1272 45
1381 1231 1451 1281 τὰς
1473 1230 1518 1272 δὲ
1539 1248 1677 1275 κοτι-

11 1309 14 1314 ·
82 1286 212 1328 νάδα
226 1303 246 1336 ς
277 1286 427 1337 ἐλάας
459 1284 782 1342 στραβήλους
813 1289 1088 1342 (τραμβύλους
1110 1287 1166 1345 Α)
1198 1285 1380 1342 ὠνόμασε
1412 1288 1676 1345 Φερεκράτης.

81 1348 121 1388 4.
152 1342 341 1400 ὡσπερεὶ]
374 1343 525 1400 ὡσπερὶ
554 1348 603 1387 A.
643 1343 699 1395 ὡς
730 1346 821 1400 περὶ
859 1349 907 1387 Β.
955 1346 1216 1396 πουλύποδας
1249 1349 1674 1404 Schweighaeuserus]

80 1402 329 1453 πολύποδας.
362 1405 492 1445 Attici
531 1418 690 1456 semper
727 1403 987 1457 πουλύπους,
1028 1419 1250 1457 numquam
1289 1405 1510 1455 πολύπους.
1562 1422 1601 1448 V.
1635 1410 1675 1448 5.

81 1463 266 1503 lacunam
298 1464 443 1503 statuit
473 1463 683 1504 Dobraeus
712 1463 920 1516 Aristoph.
950 1464 1058 1504 Nub.
1082 1465 1165 1504 518
1196 1479 1236 1516 p.
1260 1465 1327 1504 22.
1360 1466 1543 1506 Addend.
1580 1467 1676 1517 120,

83 1521 196 1561 euius
226 1511 350 1561 etiam
380 1522 423 1560 in
455 1521 730 1561 describendis
761 1522 945 1562 versibus
975 1522 1176 1562 rationem
1215 1525 1376 1563 secutus
1417 1537 1525 1564 sum:
1565 1537 1676 1564 nam-

80 1592 158 1631 que
189 1579 298 1618 haud
334 1592 425 1619 raro
463 1592 604 1619 versus
642 1579 892 1630 Eupolideus
931 1580 976 1619 in
1007 1580 1086 1620 duo
1116 1593 1258 1621 versus
1289 1581 1347 1620 ita
1377 1581 1584 1632 dividitur,
1630 1585 1677 1622 ut

80 1637 257 1689 priorem
286 1640 443 1688 partem
463 1638 632 1702 ‘saepius
662 1639 878 1688 repetitam
909 1638 1037 1677 altera
1074 1640 1280 1689 tamquam
1317 1640 1497 1679 clausula
1526 1653 1674 1691 sequa-

79 1697 160 1735 tur.
193 1694 244 1734 ef.
275 1694 327 1735 fr.
359 1696 427 1738 96.
459 1692 705 1747 ἕνθρυσκον,
736 1709 819 1735 11011
849 1692 988 1748 άνθρ.,
1020 1697 1141 1736 etiam
1173 1697 1374 1747 Theophr.
1397 1697 1450 1737 H.
1481 1699 1538 1749 pl.
1571 1699 1610 1751 7,
1635 1700 1671 1748 7,

82 1755 104 1792 1
138 1749 371 1805 ἔνθρυσκον
400 1748 623 1804 ἡδύοσμον.
655 1748 863 1806 βράκανον
894 1754 1091 1805 syllabam
1120 1754 1294 1805 primam
1333 1756 1532 1824 corripere
1563 1756 1670 1796 vide-

77 1813 145 1851 tur
174 1811 397 1862 Meinekio3
442 1811 551 1861 apud
581 1813 724 1862 poetas
754 1811 852 1851 alibi
881 1824 965 1851 non
995 1812 1213 1852 invenitur.
1278 1827 1315 1853 v.
1349 1814 1373 1852 5
1406 1811 1568 1867 νύκτωρ
1599 1809 1673 1853 ἆν-

75 1866 247 1916 στάντας
276 1869 425 1921 Bergk.
459 1869 507 1908 R.
539 1881 571 1908 e.
603 1869 691 1911 Att.
722 1870 819 1910 303.
850 1871 893 1909 at
923 1883 1088 1922 surgere
1119 1883 1202 1910 non
1232 1884 1332 1922 opus
1376 1872 1439 1910 est
1476 1885 1568 1911 eum
1597 1873 1668 1924 qui

75 1927 155 1967 sibi
185 1926 336 1979 digitos
367 1927 639 1967 circumrodit.
671 1927 880 1967 Herwerd.
911 1927 1061 1967 Mnem.
1091 1940 1185 1968 nov.
1219 1928 1279 1968 VI
1312 1930 1366 1968 56
1413 1927 1508 1977 τοὺς
1539 1928 1668 1978 πόδας

74 1982 248 2037 νύκτωρ.
296 1985 393 2036 fort.
426 1982 680 2037 ρυζῶντας
711 1982 998 2038 (ρύζοντας)
1029 1982 1199 2039 νύκτωρ.
1247 1986 1299 2027 ef.
1343 1986 1554 2039 Hermipp.
1598 1990 1670 2029 24.

74 2042 265 2084 describit
293 2042 357 2083 his
385 2042 521 2083 verbis
551 2044 672 2094 poeta
701 2043 852 2083 vietum
884 2047 966 2083 τῶν
994 2039 1158 2097 ἀγρίων.

855 2202 910 2245 14

202 2297 334 2337 Schol.
366 2297 576 2349 Aristoph.
607 2297 731 2348 Vesp.
765 2298 875 2338 1509
907 2297 967 2346 εἰς
996 2295 1166 2350 σμικρὸν
1195 2295 1267 2337 τὸν
1296 2295 1495 2341 Ξενοκλέα
1526 2298 1669 2353 (Φιλο-

82 2351 176 2394 κλέα
206 2351 334 2409 Ald),
365 2353 434 2394 καὶ
463 2352 512 2394 τὸ
542 2351 768 2408 φαλάγγιον
796 2352 942 2408 μικρὸν
970 2353 1039 2395 καὶ
1069 2354 1433 2408 συνεστραμμένον.
1472 2356 1597 2409 δῆλον
1626 2355 1670 2397 δὲ

77 2409 124 2451 ἐκ
162 2417 246 2452 των
285 2410 564 2484 Φερεκράτους
600 2409 771 2466 Ἀγρίων
807 2410 883 2468 (sie
922 2414 1034 2453 Flor.
1068 2413 1215 2457 Christ
1247 2428 1322 2465 pro
1352 2410 1562 2469 άγγείων)·
1601 2414 1670 2455 καὶ

77 2469 279 2523 Καρκίνος
316 2467 392 2521 μέν
427 2484 486 2518 τις
523 2471 578 2523 ἠν
614 2468 828 2523 Θωρυκίου
867 2465 967 2518 υἵός.
1020 2465 1127 2523 ἦσαν
1173 2468 1219 2510 δὲ
1263 2467 1373 2527 αὐτῷ
1418 2475 1522 2524 τρεῖς
1563 2487 1667 2521 τινες

75 2526 208 2580 μικροὶ
236 2532 407 2579 κομῆται
435 2526 523 2568 τότε
551 2543 620 2568 και
650 2533 730 2568 νῦν
759 2528 836 2568 εἰσι
864 2527 997 2581 μικροι
1027 2527 1095 2568 καὶ
1117 2527 1215 2582 (0111.
1238 2543 1305 2568 και
1334 2513 1452 2583 Ald.)
1482 2535 1666 2596 κομῆται.

77 2584 263 2638 φίλαρχοι
298 2583 385 2625 τότε
423 2585 565 2634 παῖδες
604 2579 711 2638 ἦσαν
739 2582 854 2634 ὄντες
894 2591 974 2626 νῦν
1004 2584 1268 2639 φιλαρχικώτε
1270 2600 1344 2638 ροι.
1397 2602 1451 2638 μα
1491 2580 1560 2626 τὸν
1593 2585 1662 2627 Δί’

77 2639 125 2683 οὐ
157 2646 262 2696 τρεῖς
293 2657 333 2682 τε
363 2641 511 2684 ἐκεῖνοί
540 2643 643 2684 εἰσιν
673 2644 715 2683 οι
739 2641 1007 2697 τέτταρες.οἷ
1031 2641 1219 2696 τέσσαρες
1251 2644 1301 2683 V.
1340 2642 1367 2697 ἢ
1398 2642 1594 2722 τέσσαρες.
1615 2646 1663 2686 Gr.

77 2702 119 2741 in
150 2703 410 2742 tetrametros
440 2702 664 2742 troehaieos
694 2703 853 2754 redegit
883 2702 1108 2742 Meinekius
1139 2702 1159 2741 I
1190 2703 1296 2742 515:

135 2795 238 2846 τρεῖς
269 2807 374 2841 τινες
404 2791 536 2847 μικροὶ
565 2789 735 2845 κομῆται
763 2791 831 2833 καὶ
861 2791 1091 2845 φιλαρχικοι
1124 2792 1293 2861 (φιλορχ.
1324 2794 1366 2834 Π
1398 2793 1501 2848 259)
1534 2788 1617 2835 τότε

66 2888 68 2891 .
133 2849 278 2898 παῖδες
308 2848 444 2899 ὄντες·
476 2855 558 2891 νῦν
588 2847 633 2889 δέ
661 2847 700 2903 γ’
734 2850 810 2891 εἰσι
839 2849 908 2890 καὶ
940 2848 1266 2923 φιλαρχικώτεροι
1297 2848 1502 2921 (φιλορχη)

137 2908 181 2950 Β.
214 2901 312 2947 ἀλλὰ
342 2906 397 2960 μὰ
430 2903 496 2947 Δί’
529 2904 577 2948 οὗ
608 2911 712 2962 τρεῖς
744 2906 894 2948 εκεῖνοί
920 2906 959 2962 γ’
994 2908 1118 2959 εἰσίν,
1150 2905 1248 2948 ἄλλα
1279 2907 1470 2963 τέτταρες.
