1872 3224
171 190 256 232 470
767 184 1155 219 ΑΡΙΣΤΟΦΑΝΟΤΣ

919 285 1005 328 300

378 367 553 423 ὀβολῶν
585 365 789 408 δεουσῶν
819 364 1048 419 τεττάρων
1079 362 1155 407 καὶ
1186 365 1263 420 τῆς
1293 367 1451 418 φορᾶς.

286 452 430 491 Pollux
461 452 500 499 7,
536 451 613 488 133
641 445 933 500 Ἀριστοφάνης
964 444 1002 486 δ’
1038 445 1083 487 ἐν
1113 450 1195 495 τοῖς
1221 444 1378 500 ’Ήρωσι
1415 447 1529 487 δοκεῐ
1560 443 1602 486 τὸ
1634 442 1746 501 κόμι-

174 519 291 561 στρον
322 505 421 546 κατὰ
453 505 495 546 τὸ
526 511 607 545 νῦν
637 503 732 552 ἔθος
764 501 965 558 εἰρηκέναι
994 503 1152 559 φοράν,
1184 501 1285 544 ὅταν
1314 503 1408 559 εἴπῃ
1437 506 1518 547 κτλ.
1555 505 1598 546 in
1627 518 1748 546 versu

172 567 353 617 proximo
384 565 581 615 praeierat
611 564 697 603 sine
727 563 849 602 dubio
881 562 1083 615 δραχμῶν.
1115 563 1168 603 cf.
1189 563 1337 613 Eupol.
1361 563 1456 602 271.
1488 563 1574 603 sine
1602 561 1749 602 idonea

174 623 325 662 ratione
356 621 554 674 Bergkius
584 621 686 660 hanc
724 634 884 660 versum
916 633 1007 661 cum
1039 621 1120 660 299
1152 620 1290 660 eadem
1321 632 1463 660 scaena
1492 620 1748 660 coniunctum

175 693 260 720 esse
292 680 490 730 opinatur.

921 766 1003 808 301

379 843 411 901 ἢ
444 846 700 902 καρδοπείῳ
732 848 960 902 περιπαγῇ
991 843 1072 887 τὸν
1103 842 1287 901 αὐχένα.

289 931 435 970 Pollux
467 930 647 977 10,113
678 927 745 968 καὶ
774 927 1036 978 παυσικάπη,
1073 925 1127 980 ἣν
1164 926 1230 968 καὶ
1260 926 1502 981 καρδοπεῖον
1530 925 1750 981 ωνόμαζῶι,

176 985 230 1035 ὡς
261 985 305 1027 ἐν
324 985 510 1039 ’Ήρωσιν
535 982 823 1038 Ἀριστοφάνης
845 982 1018 1037 utI-,2311
1043 1008 1090 1015 —
1122 991 1344 1040 περιπαγῇς
1384 986 1597 1039 Bergkius.
1638 988 1681 1027 at
1699 983 1755 1039 ἥν

177 1047 219 1085 in
250 1046 308 1085 eis
338 1057 437 1096 quae
464 1047 557 1083 ante
589 1045 695 1083 dicta
726 1046 842 1083 elant
872 1044 1051 1094 positum
1082 1044 1207 1084 fuisse
1238 1045 1384 1094 potest.

926 1166 1012 1209 302

384 1243 579 1288 παύσειν
610 1243 719 1301 ἔοιχ’
752 1244 778 1302 ἡ
813 1244 1078 1301 παυσικάπη
1110 1244 1341 1289 κάπτοντά
1372 1257 1437 1290 σε.

294 1330 426 1370 Schol.
459 1329 550 1368 Pac.
573 1328 674 1369 Ven.
695 1330 748 1368 14
779 1327 950 1369 εἰώθασι
979 1327 1055 1382 γὰρ
1084 1326 1167 1381 ἅμα
1198 1329 1252 1384 τῷ
1281 1327 1444 1380 μάττειν
1473 1326 1648 1369 ἐσθίειν·
1676 1325 1752 1396 ἀφ’

177 1381 227 1427 οὗ
257 1385 326 1426 καὶ
355 1383 430 1437 τὴν
459 1384 724 1451 παυσικάπην
755 1384 1005 1451 ἐπενόησαν,
1025 1370 1242 1438 τροχοειδές
1274 1400 1331 1437 τι,
1363 1382 1421 1426 δι’
1452 1381 1518 1426 οὗ
1523 1385 1594 1426 τὸν
1613 1381 1754 1440 τράχη-

179 1447 247 1484 λον
278 1439 384 1496 εἷρον
414 1438 514 1495 πρὸς
553 1441 595 1483 τὸ
625 1436 679 1495 μὴ
719 1442 926 1483 δύνασθαι
966 1436 1039 1495 τὴν
1068 1447 1178 1497 χεῖρα
1209 1442 1435 1497 προσάγειν.
1485 1441 1681 1496 μέμνηται
1711 1441 1756 1484 δὲ

180 1499 224 1541 ἐν
249 1499 437 1554 Ήρωσιν
470 1497 761 1554 Ἀριστοφάνης
799 1503 880 1541 κτλ
937 1500 1177 1553 παυσικάπη
1213 1500 1420 1554 Dindorf.]
1461 1497 1666 1552 παυσικάη
1703 1501 1754 1542 V.

182 1560 361 1598 minatur
392 1571 506 1599 servo
537 1559 718 1609 quisquis
749 1559 942 1610 loquitur.

930 1669 1014 1712 303

388 1751 457 1791 ἰθι
487 1746 541 1805 δὴ
572 1746 727 1804 λαβών
759 1747 838 1792 τὸν
870 1747 1046 1805 ῥόμβον
1077 1746 1451 1820 άνακωδώνισον.

296 1833 441 1872 Pollux
465 1834 528 1881 10,
556 1833 636 1872 173
664 1828 955 1884 Ἀριστοφάνης
978 1830 1022 1871 ἕν
1039 1830 1237 1885 ’Ἠρωσιψ
1270 1828 1439 1886 ῥόμβον]
1473 1831 1632 1886 ρύμβον
1661 1834 1757 1875 Mei-

186 1891 276 1930 nek.
309 1891 359 1929 cf.
391 1890 538 1940 Eupol.
570 1891 638 1929 72.
670 1890 793 1930 verba
821 1903 987 1940 prorsus
1018 1890 1199 1932 obscura.

929 2001 1015 2044 304

389 2080 437 2123 oc
462 2077 549 2135 γὰρ
578 2078 701 2135 ἥρως
733 2077 868 2135 ἐγγύς
899 2079 1030 2123 εἰσιν.

298 2163 471 2203 Bekker.
505 2163 656 2203 Anecd.
692 2164 800 2203 1197
832 2161 959 2214 φησὶν
984 2159 1233 2214 Ἡρωδιανὸς
1271 2161 1316 2203 ἐν
1344 2163 1394 2234 τῇ
1424 2162 1605 2204 καθόλου
1635 2162 1680 2204 ἕν
1710 2170 1758 2234 τῇ
1795 2169 1798 2172 “

185 2218 275 2273 περὶ
304 2225 375 2272 τῆς
407 2215 570 2267 εὐθείας
601 2225 683 2259 τῶν
711 2222 1004 2272 πληθυντικων
1033 2219 1294 2275 διδασκαλία,
1327 2217 1382 2269 ὡς
1412 2218 1438 2273 ἡ
1469 2219 1563 2261 οἱ”’
1534 2236 1661 2276 ηρωες
1692 2219 1759 2262 εὐ-

186 2281 282 2317 θεῖα
313 2282 394 2317 των
431 2280 723 2329 πληθυντικῶν
760 2275 925 2330 εὕρηται
961 2275 1062 2317 κατὰ
1101 2283 1249 2331 κρᾶσιν
1277 2275 1384 2331 παρα
1412 2274 1692 2348 Ἀριστοφάνει
1719 2277 1765 2320 ἐν

177 2333 362 2388 ’Όρνισιν
393 2335 517 2387 (recte
547 2335 694 2386 Bergk.
715 2332 919 2388 ’Ήρωσιν)
950 2330 1054 2374 οἷον·
1087 2334 1129 2374 οἱ
1152 2333 1229 2388 γὰρ
1257 2333 1378 2404 ἥρως
1387 2333 1504 2389 ἐγγύς
1525 2336 1640 2388 εἰσιν,
1669 2331 1761 2376 ἄντι

189 2397 260 2431 τοῦ
290 2392 332 2432 οἵ
355 2389 496 2444 η’ρωες.
529 2392 780 2443 Phrynichus
801 2393 886 2432 13:01.
911 2394 990 2432 158
1021 2390 1129 2441 ἅπαξ
1159 2391 1346 2443 βιασθεὶς
1369 2387 1658 2446 Ἀριστοφάνης
1678 2389 1759 2434 ὑπὸ

187 2454 258 2488 τοῦ
286 2447 429 2502 μέτρου
459 2449 501 2489 οἱ
524 2447 630 2502 ἥρως
661 2443 758 2490 εἶπε.
790 2453 845 2504 τῷ
865 2445 906 2488 δ’
928 2444 1216 2504 ηναγκασμένῳ
1237 2446 1284 2489 οὐ
1305 2447 1506 2503 χρηστέον.
1541 2451 1594 2491 cf.
1617 2451 1758 2492 Thom.

187 2508 292 2557 Mag.
316 2508 412 2549 424.
436 2508 476 2546 5.
497 2507 716 2547 Herodian.
745 2507 885 2558 1424,
912 2508 978 2547 13.
998 2507 1040 2546 H
1061 2508 1156 2556 341,
1179 2508 1246 2547 29.
1276 2507 1458 2548 Lasoaris
1489 2507 1761 2548 Gramm.11[

189 2565 228 2658 ἓ,
262 2565 285 2602 7
299 2564 634 2660 2ἶ1ἒοᾶ2ἵὶὒοοὲ.
685 2564 795 2604 chori
830 2565 1028 2605 adventus
1067 2564 1209 2604 eodem
1247 2565 1366 2604 modo
1400 2566 1611 2605 nuntiatur
1640 2567 1759 2617 atque

227 2633 265 2670 q.
386 2653 393 2661 .
513 2651 544 2672 .,

933 2709 1018 2752 305

735 2786 795 2844 μὴ
824 2787 1019 2843 γεύεσθε
1049 2781 1091 2830 δ’
1125 2785 1224 2831 ἅττ’
1255 2785 1315 2831 ἂν
1345 2788 1573 2846 καταπέσῃ

396 2856 717 2912 τῆςτραπέζης
750 2854 889 2906 ε’ντός.
