1872 3224
792 239 1019 274 ΝΕΜΕΣῙΣ
1275 244 1278 247 ·
1641 244 1699 287 49

111 337 157 378 τὰ
196 336 317 392 ῥόδα·
355 339 544 395 καθάπερ
583 341 651 382 καὶ
689 341 826 394 ἰωνιά,
868 341 973 384 ὅπου
1010 343 1057 385 τὰ
1096 344 1142 385 ἴα
1182 344 1346 399 φύεται,
1384 346 1453 388 καὶ
1490 348 1699 403 κρινωνιά,

108 395 213 436 ἔνθα
242 395 289 437 τὰ
319 397 458 451 κρίνα·
497 397 614 451 δηλοῖ
647 397 692 439 δὲ
729 399 797 440 καὶ
843 399 886 441 τὸ
932 398 1097 451 άναιδές
1143 400 1248 458 (cod.
1284 401 1386 444 άναί
1412 419 1609 458 suprascr.
1642 406 1696 461 ὃ),

107 456 133 498 i.
167 468 201 496 e.
233 457 459 496 membrum
489 458 699 498 muliebre.

865 550 947 592 llO

314 626 536 684 Σπάρτην
567 627 684 683 λέγω
715 644 766 684 γε
798 630 1024 686 σπαρτίδα
1054 628 1139 687 τὴν
1170 631 1440 687 σπάρτινον.

222 711 369 752 Pollux
403 714 467 760 10,
492 713 572 753 186
604 711 641 752 εἰ
668 710 713 752 δὲ
743 711 811 752 καὶ
840 711 994 766 πλέγμα
1026 728 1063 752 τι
1093 712 1312 766 σπάρτινον
1340 712 1370 767 ἢ
1399 714 1527 756 σάκον
1556 716 1684 771 σπάρ-

24 807 26 809 ,
105 781 218 810 τινον
247 765 402 817 ἐθέλοις
432 771 592 821 καλεῖν,
631 769 699 810 καὶ
727 768 829 819 πρὸς
859 775 975 811 τοῦτο
1013 771 1216 824 Κρατῖνός
1248 785 1311 812 σοι
1346 774 1500 826 βοηθεῖ
1533 772 1578 814 έν
1608 777 1692 815 Νε-

103 825 214 879 μέσει
243 824 370 880 λέγων
400 825 584 881 σπάρτην
612 831 695 869 κτλ.
727 829 952 870 Meinekius
983 825 1180 882 Σπάρτην
1209 827 1309 883 λέγω
1340 828 1417 882 τὴν
1446 830 1689 886 Σπαρτιάὸ’,

104 881 152 924 οὗ
184 882 259 935 τὴν
287 884 527 938 σπαρτίνην,
559 886 750 936 Spartam
779 888 863 927 dico
883 887 1136 937 Spartiacam
1164 889 1322 938 urban,
1354 902 1438 928 ‘non
1466 890 1693 938 funicubwm

103 946 341 993 spartinwm.
383 944 583 984 ‘Nemesis
615 945 769 985 aliusve
799 958 994 996 personae
1025 946 1075 984 ad
1106 946 1356 985 ministrum'
1397 945 1587 999 (fortasse
1618 949 1692 1000 igi·

103 1004 172 1040 tur
211 999 474 1053 Mercurium)
517 1002 657 1042 ‘verba
694 1015 781 1042 esse
821 1003 1077 1054 suspicabar,
1123 1003 1193 1054 qui
1233 1016 1323 1043 cum
1363 1003 1550 1054 Spartam
1589 1006 1691 1045 illud

104 1071 225 1099 ovum
255 1062 416 1110 portare
454 1060 679 1109 iuberetur,
719 1061 861 1100 innata
895 1061 989 1100 huic
1021 1061 1231 1100 hominum
1270 1063 1409 1113 generi
1447 1064 1691 1103 scurrilitate

105 1116 290 1167 Spartam
321 1129 404 1156 non
435 1117 483 1157 de
513 1118 613 1158 urbe
644 1117 713 1157 sed
745 1118 793 1157 de
821 1118 1001 1158 funiculo
1033 1119 1215 1169 spartino
1237 1131 1280 1158 se
1309 1119 1535 1171 intelligere
1567 1121 1690 1160 simu-

100 1173 236 1215 laret'.
271 1175 501 1215 simillimus
532 1177 594 1215 est
624 1176 733 1215 iocus
766 1176 892 1216 Arist.
923 1176 999 1215 Av.
1033 1176 1131 1215 814.
1165 1176 1205 1215 5.

859 1300 935 1341 111

496 1377 600 1436 μόλ’
634 1372 670 1422 03
702 1380 794 1422 Ζεῦ
824 1377 942 1430 ξένιε
973 1378 1049 1421 καὶ
1079 1378 1286 1435 μακάριε.

213 1463 453 1503 Plutarchus
489 1463 632 1503 Pericl.
673 1465 697 1502 3
744 1459 944 1515 Περικλέα
989 1454 1036 1501 τὰ
1079 1459 1156 1514 μὲν
1192 1460 1293 1502 ἄλλα
1339 1461 1414 1515 τὴν
1452 1461 1569 1504 ἰδέαν
1614 1470 1686 1504 τοῦ

98 1518 279 1571 σώματος
325 1517 551 1572 ἄμεμπτον,
598 1519 784 1573 προμήκη
823 1516 869 1559 δὲ
907 1517 997 1572 τὴν
1042 1517 1272 1571 κεφαλὴν
1306 1519 1373 1560 καὶ
1409 1517 1704 1575 άσύμμετρονξ;

97 1577 200 1618 ὅθεν
231 1608 240 1615 .
265 1607 275 1618 .
299 1608 309 1619 .
342 1579 538 1631 Κρατῖνος
570 1576 614 1618 ἐν
645 1575 837 1630 Νεμέσει·
869 1576 963 1630 μόλε
995 1574 1107 1631 (μόλ’
1140 1576 1361 1632 Reiskius)‚
1394 1573 1427 1618 οἶ
1466 1581 1548 1619 Ζεῦ
1589 1579 1680 1633 ξένις.

99 1633 169 1691 (al.
198 1633 372 1688 μέγιστε)
413 1633 482 1675 καὶ
518 1634 701 1688 μακάριε.
747 1633 862 1688 κάριε
892 1649 1030 1676 omnes
1068 1635 1223 1675 codices
1262 1635 1456 1686 Stephani
1487 1639 1529 1676 et
1558 1644 1681 1679 manu

98 1707 176 1735 sec.
209 1707 318 1744 supr.
350 1707 426 1737 scr.
448 1694 556 1734 Plut.
589 1695 643 1740 A,
683 1690 963 1746 μακροκάρηνε
995 1707 1042 1733 ex
1079 1693 1286 1743 Xylandro
1316 1706 1355 1732 x.
1397 1694 1621 1736 Meinekius
1646 1697 1682 1735 V

97 1766 137 1803 p.
168 1750 340 1790 XXXVI
370 1763 461 1791 cum
491 1752 655 1802 Ungero
688 1752 813 1790 Theb.
853 1751 995 1792 Parad.
1027 1751 1110 1790 463
1151 1751 1407 1790 scribendum
1439 1765 1524 1791 esse
1563 1757 1684 1803 putat

97 1810 271 1862 Καραῑε,
303 1809 408 1859 quod
440 1812 605 1860 propter
636 1810 779 1859 capitis
810 1809 1134 1860 magnitudinem
1166 1808 1340 1847 Pericles
1371 1809 1607 1849 inrideatur.
1640 1814 1682 1851 at

96 1880 186 1906 cum
215 1866 290 1906 hoc
329 1866 441 1906 Iovis
481 1879 704 1918 cognomen
741 1867 865 1905 fuerit
894 1867 1145 1905 rarissimum
1184 1867 1226 1904 et
1255 1865 1419 1905 Boeotis
1450 1867 1569 1906 modo
1600 1870 1682 1909 usi-

96 1926 227 1964 tatum
249 1920 443 1978 (Hesych.
468 1922 657 1976 Καραιός.
688 1924 805 1963 Phot.
829 1921 976 1973 Κάριος
999 1920 1123 1968 Ζεύς·
1156 1919 1198 1960 έν
1226 1921 1425 1976 Θεσσαλίᾳ
1456 1921 1523 1961 καὶ
1555 1925 1680 1965 Βοιω-

97 1980 196 2037 τία),
226 1981 541 2022 Atheniensibus
579 1982 765 2032 plurimis
807 1982 977 2021 fortasse
1007 1981 1215 2030 ignotum,
1254 1980 1513 2019 scribendum
1543 1984 1680 2032 potius

94 2040 256 2079 videtur
284 2055 310 2073 υ
332 2068 356 2073 -
385 2035 473 2091 μόλ’
506 2032 539 2077 ὦ
570 2039 651 2078 Ζεῦ
673 2035 774 2087 ξένιε
804 2035 873 2076 καὶ
911 2035 1138 2089 καράνιε,
1178 2037 1307 2076 altero
1348 2039 1586 2088 cognomine
1632 2053 1679 2079 ex

93 2094 306 2148 κεραύνιος
342 2097 510 2136 ridicule
549 2099 590 2135 et
619 2098 666 2135 ut
696 2109 834 2135 omnes
864 2095 1146 2145 intellegerent
1183 2094 1346 2134 deflexo.
1393 2091 1518 2142 ξένιος
1550 2097 1677 2136 Zuen-

93 2154 199 2193 delio
222 2153 417 2193 Bernensi
441 2147 567 2205 (apud
589 2153 709 2192 Mein.
727 2153 764 2191 V
784 2167 824 2204 p.
845 2151 1039 2203 XXXVI)
1061 2152 1139 2191 dici
1159 2151 1320 2191 videtur
1341 2153 1566 2203 ‘tamquam
1588 2167 1680 2205 spu·
1759 2167 1771 2211 s

91 2212 245 2251 riorum
274 2213 471 2262 patronus
503 2224 548 2251 eo
578 2213 758 2261 tempore
788 2223 867 2261 quo
898 2210 1055 2249 amissis
1087 2209 1182 2248 filiis
1211 2209 1408 2259 legitimis
1428 2210 1576 2250 iterum
1599 2212 1678 2251 dux
1752 2213 1761 2254 ,ῖ

94 2268 406 2308 Atheniensium
437 2271 594 2308 creatus
624 2269 674 2307 ad
712 2269 907 2318 populum
947 2268 1109 2306 tulisset
1147 2267 1328 2317 λυθῆναι
1365 2263 1434 2305 τὸν
1470 2266 1560 2319 περὶ
1598 2274 1679 2307 τῶν
1750 2268 1753 2293 ³⁴

92 2322 237 2364 νόθων
267 2321 428 2378 νόμον’,
465 2329 512 2365 ut
549 2326 743 2376 Aspasiae
780 2325 909 2364 filium
948 2326 1026 2364 sibi
1064 2325 1256 2374 adoptare
1295 2324 1448 2363 liceret.
1494 2339 1596 2375 quae
1642 2327 1675 2365 si

91 2397 186 2423 vera
225 2386 341 2434 sunt,
382 2384 549 2434 adparet
587 2383 834 2422 comoediam
871 2384 1001 2421 actam
1039 2395 1124 2421 esse
1157 2380 1221 2420 Ol.
1254 2382 1322 2432 87,
1355 2382 1394 2420 3.
1433 2381 1602 2422 fortasse
1633 2384 1675 2422 in

93 2454 139 2480 ea
167 2454 210 2480 re
239 2441 496 2491 potissimum
526 2440 687 2480 fabulae
718 2442 1001 2492 argumentum
1032 2439 1281 2478 versabatur.

850 2550 930 2594 112

509 2633 646 2697 Ψύρα
677 2647 724 2675 τε
754 2629 839 2687 τὴν
871 2629 1092 2686 Σπάρτην
1123 2626 1255 2684 ἄγεις.

205 2716 432 2767 Stephanus
470 2717 565 2768 Byz.
611 2713 754 2767 Ψύρα·
795 2719 919 2766 νῆσος
948 2710 1070 2765 μικρὰ
1107 2710 1278 2763 πλησίον
1308 2710 1414 2750 Χίου
1447 2743 1456 2752 .
1490 2743 1498 2751 .
1534 2743 1543 2752 .
1575 2715 1669 2765 λαμ-

90 2771 256 2826 βάνεται
299 2773 345 2812 δὲ
387 2771 430 2812 τὸ
472 2771 601 2825 ὄνομα
641 2771 705 2812 ἐπὶ
743 2768 917 2826 εὐτελείᾳ
957 2768 1024 2809 διὰ
1063 2767 1106 2808 τὸ
1143 2766 1425 2820 εὐτελεστάτην
1463 2764 1563 2808 εἶναι
1597 2769 1671 2822 τὴν

90 2831 228 2882 νῆσον.
267 2832 466 2884 Κρατῖνος
512 2828 557 2870 ἐν
600 2827 784 2882 Νεμέσει.
847 2830 897 2869 cf.
929 2828 1134 2868 Herodian
1164 2827 1183 2866 Ι
1215 2827 1320 2876 384,
1356 2827 1406 2864 12
1439 2827 1578 2867 Lentz.
1619 2828 1668 2867 fr.

91 2889 187 2930 350.
219 2889 356 2930 Strab.
391 2889 454 2937 14,
488 2889 568 2928 645
599 2882 682 2927 εἶτα
713 2883 902 2926 Μέλαινα
933 2883 1052 2938 ἄκρα,
1084 2879 1185 2923 καθ’
1217 2880 1271 2934 ἣν
1300 2882 1347 2922 τὰ
1383 2882 1517 2935 Ψύρα,
1549 2889 1671 2936 νῆσοςΙ

160 2960 278 2987 Comici
298 2960 414 2994 graeci,
436 2960 483 2988 ed.
503 2959 565 2987 Th.
582 2960 696 2986 Kook.
717 2960 743 2985 I.
1374 2952 1397 2983 4
