1838 3230
684 449 1203 500 ΚΗΦΙΣΟΔΩΡΟΣ

266 544 359 595 Lysa.
401 545 473 592 21,
514 544 539 581 4
586 540 650 582 ἐπὶ
688 539 982 582 Εὐκλείδου
1020 540 1266 595 ἄρχοντος
1304 543 1514 599 κωμῳδοῖς
1551 549 1733 599 χορηγῶν

152 600 510 671 Κηφισοδώρῳ
538 599 613 651 (sic
654 600 829 640 Clinton.
871 601 981 640 Fast.
1021 601 1214 641 He11.95
1259 602 1412 654 Krueg.
1441 616 1516 654 pro
1547 604 1730 654 Κηφισο-

151 656 270 712 δότῳ)
303 655 467 710 ἐνίκων,
499 656 567 696 καὶ
598 653 785 708 ἀνήλωσα
816 655 895 697 σὺν
925 663 974 712 τῇ
1005 663 1074 710 τῆς
1114 655 1277 711 σκευῆς
1295 655 1493 700 ἀναθέσει
1521 657 1734 701 ἑκκαίδεκα

150 720 268 768 μνᾶς
321 715 546 755 Meinek.1
578 716 673 755 267.
696 717 736 755 8.

811 828 1011 864 AMAZON
1015 829 1078 862 ΕΣ

931 909 951 950 1

360 987 581 1039 σκώπτεις
611 986 676 1043 μ’,
711 986 798 1043 ἐγώ
831 988 881 1032 δὲ
912 984 1004 1039 τοῖς
1035 987 1187 1043 λόγοις
1218 986 1325 1040 ὄνος
1355 987 1503 1045 ὕομαι.

267 1072 435 1112 Photius
481 1074 523 1111 et
562 1072 707 1111 Suidas
748 1069 840 1119 ὄνος
879 1069 1011 1111 ὕεται·
1052 1068 1117 1111 ἐπὶ
1156 1087 1239 1112 των
1273 1070 1327 1125 μὴ
1370 1071 1729 1128 ἑπιστρεφομένων.

153 1125 442 1182 Κηφισόδωρος
470 1125 654 1179 Ἀμαζόσι
684 1131 765 1169 κτλ.
799 1129 947 1170 Suidae
970 1130 1007 1170 A
1034 1128 1359 1183 Κουφισόδωρος.
1391 1132 1417 1172 i.
1442 1145 1475 1172 e.
1507 1133 1631 1173 verba
1659 1135 1732 1174 tua

152 1200 241 1226 eum
274 1187 392 1226 audio
422 1201 503 1227 non
534 1189 663 1238 magis
694 1200 788 1227 curo
818 1201 940 1238 quam
980 1189 1114 1228 asinus
1152 1188 1336 1230 imbrem.
1396 1190 1446 1235 ef.
1479 1189 1634 1230 Cratin.
1664 1190 1735 1231 52.

932 1299 960 1341 2

269 1383 498 1423 Athenaeus
534 1384 597 1431 14,
632 1385 744 1423 6290
783 1375 856 1434 τήν
892 1377 932 1421 δ’
972 1377 1227 1423 ἀπόκινον
1262 1382 1518 1437 καλουμένην
1555 1382 1733 1455 ὅρζησιν,

151 1434 200 1505 ἧς
232 1438 475 1491 μνημονεύει
498 1441 694 1489 Κρατῖνος
726 1438 769 1479 ἐν
793 1437 964 1491 Νεμέσει
983 1437 1103 1494 (120)
1135 1439 1202 1481 καὶ
1230 1440 1522 1496 Κηφισόδωρος
1553 1440 1599 1482 ἐν
1620 1442 1732 1496 Αμα-

152 1493 272 1545 ζόσιν.
303 1498 353 1539 cf.
386 1498 590 1549 Aristoph.
623 1498 697 1548 Eq.
730 1500 797 1537 20.
831 1499 880 1538 fr.
914 1499 1010 1538 275.

822 1612 1066 1646 ΑΝΤΙΛΑῙΣ

207 1739 231 1778 k
266 1682 478 1779 ιῗοέυέιὲαιέ
519 1682 675 1731 Laidis,
714 1682 935 1722 meretricis
975 1683 1276 1732 celeberrimae,
1317 1684 1608 1734 interpretatur
1637 1684 1732 1726 Mei-

152 1752 203 1778 ne
237 1770 245 1779 .
419 1772 425 1779 .
481 1770 487 1777 .

799 1830 1094 1864 ΤΡΟΦΩΝΙΟΣ

268 1900 440 1942 Meinek.
471 1900 491 1939 I
523 1902 619 1941 268.
661 1901 939 1952 Trophonium
971 1903 1217 1953 scripserunt
1251 1902 1371 1941 etiam
1403 1901 1604 1952 Cratinus,
1637 1903 1730 1944 Ale-

152 1959 223 2006 xis,
259 1958 490 1997 Menander.
934 2014 962 2056 3

361 2090 503 2134 ἔπειτ’
537 2091 809 2148 α’λείφεσθαι
841 2091 890 2135 τὸ
921 2092 1051 2150 σωμοέ
1080 2109 1156 2149 μοι
1187 2096 1306 2151 πρίω

358 2160 507 2217 μύρον
538 2164 688 2218 ἴρινον
720 2162 792 2204 καὶ
825 2161 1036 2216 ῥόδινον,
1069 2160 1238 2219 ἄγαμαι
1269 2163 1469 2208 Ξανθία·

360 2228 435 2272 καὶ
466 2237 559 2280 τοῖς
589 2230 726 2273 ποσὶν
757 2229 894 2287 χωρὶς
924 2232 1042 2285 πρίω
1073 2246 1151 2286 μοι
1180 2229 1418 2286 βάκχαριν.

360 2302 410 2341 Β.
443 2298 477 2340 ὠ
511 2298 854 2355 λακκόπρωκτε,
886 2297 1114 2356 βάκκαριν
1143 2306 1238 2350 τοῖς
1267 2307 1366 2351 σοῖς
1394 2302 1532 2344 ποσίν

309 2377 329 2407 5
363 2363 451 2422 ἐγω
483 2370 706 2423 πρίωμαι;
740 2367 980 2424 λαικάσομ’
1011 2366 1114 2424 ἄρα.
1145 2368 1396 2424 βάκχαριν;

269 2451 414 2491 Athen.
452 2453 519 2499 15,
556 2452 668 2491 689f
703 2450 770 2491 καὶ
811 2449 1102 2504 Κηφισόδωρος
1141 2449 1186 2491 ἐν
1225 2451 1445 2506 Τροφωνίῳ
1484 2453 1566 2492 κτλ.
1625 2452 1733 2492 idem

159 2509 228 2556 12,
261 2510 376 2547 553a
405 2505 501 2556 ἔθος
533 2505 572 2547 δ’
605 2502 659 2560 ἦν
686 2505 886 2560 Ἀθήνησι
915 2507 983 2548 καὶ
1005 2506 1096 2556 τοὺς
1127 2507 1254 2556 πόδας
1283 2515 1364 2548 τῶν
1394 2523 1642 2561 τρυφωντων
1673 2505 1733 2549 ἕν-

153 2564 333 2615 αλείφειν
375 2562 547 2618 μύροις,
595 2581 649 2612 ως
693 2564 985 2636 Κηφισόδωρος
1030 2563 1104 2617 μὲν
1150 2564 1194 2605 ἐν
1231 2566 1461 2634 Τροφωνίῳ
1502 2565 1630 2617 φησίν
1677 2566 1731 2619 (v.

157 2624 239 2659 1—
189 2621 310 2675 —.3)
372 2620 414 2660 τὸ
446 2621 563 2674 σῶμά
593 2637 659 2674 μοι
679 2623 783 2676 πρίω
806 2623 906 2694 553]
938 2622 1040 2676 πρίω
1062 2621 1106 2662 τὸ
1126 2621 1242 2674 σῶμά
1261 2637 1327 2674 μοι
1349 2625 1446 2664 689.
1536 2625 1576 2663 2.
1602 2621 1732 2676 μύρον

155 2677 252 2731 553]
286 2674 415 2731 μύρον
446 2695 465 2718 τ
515 2682 610 2720 689.
670 2678 842 2752 ἄγαμαι]
875 2680 1060 2734 ἄγαμοι
1089 2681 1123 2719 Β
1155 2682 1250 2721 689.
1312 2679 1477 2724 Ξανθία
1507 2675 1608 2736 553]
1639 2680 1731 2729 ξαν-

153 2734 251 2774 θίου
285 2738 377 2778 689.
470 2739 508 2778 3.
545 2736 663 2790 χωρὶς
693 2738 796 2791 πρίω
825 2752 892 2790 μοι
923 2735 1022 2791 553]
1054 2748 1348 2790 πριωχωρισμοι
1379 2738 1417 2777 A
1450 2739 1544 2778 689.
1634 2740 1672 2780 3.
1705 2738 1732 2776 4

154 2791 364 2863 βάκκαριν.
404 2808 434 2832 ω
477 2794 817 2847 ΒοὴννθίςὶιαθιιΒῙ
789 2801 818 2848 ‚j
860 2794 1102 2850 βακχαρίνῳ.
1142 2793 1347 2847 βάκκαριν
1384 2796 1481 2834 553.
1580 2795 1619 2837 5.
1651 2796 1732 2834 λαι-

153 2844 298 2902 κάσομ’
330 2848 412 2903 ἄρα
442 2849 641 2904 βάκχαριν
672 2851 777 2904 (sine
807 2853 972 2905 interp.)
1006 2835 1168 2905 Coraes]
1206 2849 1347 2899 λαικὰς
1387 2848 1728 2906 ὁμαραβᾶκχαριν.
