1872 3224
208 169 292 212 44ss
792 166 1178 201 ΑΡΙΣΤΟΦΑΝΟΤΣ

956 325 1040 368 216

260 407 360 451 ἀλλ’
393 406 448 450 οὐ
480 405 567 462 γάρ
599 407 741 462 ἔμαθε
771 402 902 447 ταῦτ’
938 404 1051 460 ἐμοῦ
1081 405 1351 461 πέμποντος,
1383 403 1499 449 ἀλλὰ
1527 407 1704 462 μάλλον

259 479 426 530 πίνειν,
458 472 594 518 ἔπειτ’
627 470 755 532 ᾅδειν
785 476 950 529 κακῶς,
984 475 1282 530 Συρακοσίαν
1311 473 1551 531 τράπεζαν,

262 544 570 600 Συβαρίτιδάς
600 542 640 585 τ’
676 540 866 598 εὐωχίας
897 542 973 585 καὶ
1003 545 1135 586 (Χῖον
1167 542 1218 586 ἐκ
1250 546 1521 590 Λακαινᾶν’.

316 651 546 691 Athenaeus
579 651 644 699 12,
678 650 793 690 5270
824 645 1028 701 διαβόητοι
1059 645 1101 688 δ’
1134 647 1208 689 εἰσὶ
1237 647 1328 701 περὶ
1357 647 1518 702 τρυφὴν
1547 649 1792 690 Σικελιῶταί
1856 641 1872 718 2}

202 722 241 747 τε
271 707 338 747 καὶ
368 706 631 760 Συρακόσιοι
662 703 717 754 ὡς
748 721 816 746 και
842 702 1131 759 Ἀριστοφάνης
1163 705 1291 759 φησὶν
1321 704 1365 746 ἐν
1395 708 1670 748 Δαιταλεῦσιν
1699 710 1785 750 κτλ.

201 767 307 806 idem
352 768 427 814 11,
459 765 579 805 484f
615 760 821 804 Λάκαιναι
863 760 1269 818 ..Ἀριστοφάνης
1302 764 1562 805 Δαιταλεῦσι·
1604 763 1786 819 Συβαρί-

206 821 318 871 τιδάς
350 819 384 861 τ’
418 819 589 874 εὐωχίας
620 820 688 861 καὶ
719 823 824 861 Χῖον
862 819 905 861 ἐκ
943 824 1163 862 Λακαινᾶν
1200 821 1426 862 κυλίκων
1459 819 1592 874 μέθυ
1630 819 1790 875 ἡδέως
1862 820 1872 830 ”

201 879 281 920 καὶ
312 880 483 931 φίλως.
516 880 688 931 Hesych.
722 880 827 919 Χῖον
857 877 926 919 τὸν
957 877 1001 918 ἐκ
1033 879 1264 930 Λακαίνης·
1303 877 1347 919 ἐκ
1377 878 1541 928 κύλικος
1572 878 1789 931 Λακαίνης

202 932 326 978 οἶνον.
374 935 500 990 ἔμαθε
536 933 650 976 ταῦτ’
690 938 834 977 Elmsl.
871 937 1020 977 Edinb.
1060 938 1159 977 Rev.
1190 937 1286 977 XIX
1325 936 1398 991 86]
1439 934 1608 989 ἐμάθετε
1647 942 1786 981 ταῦτα.

203 989 368 1046 ἐμάθετ’
395 991 489 1034 αὔτ’
512 995 680 1035 Person.
700 995 855 1035 Hecub.
873 995 999 1046 praef.
1016 994 1161 1034 XLIV.
1181 994 1442 1043 Συρακοσίαν
1456 991 1646 1049 Person]
1666 1005 1788 1045 συρα-

202 1052 351 1092 κοσίων
372 1054 420 1092 A.
439 1054 658 1091 Λακαινᾶν
680 1053 763 1091 484
776 1049 807 1105 f]
825 1048 1075 1092 λακαινανΑ
1094 1053 1220 1092 5270.
1244 1052 1419 1104 Hesych.
1440 1050 1654 1092 Λάκαινα
1676 1051 1789 1092 κυλί·

202 1125 288 1149 κων
318 1104 435 1158 εἶδος.
467 1110 574 1150 idem
596 1110 702 1148 Χῖον
732 1107 803 1148 τὸν
833 1107 875 1149 ἐκ
898 1108 1134 1161 Λακαίνης·
1167 1106 1210 1148 ἐκ
1239 1107 1402 1158 κύλικος
1425 1107 1640 1160 Λακαίνης
1660 1103 1786 1150 οἶνον

204 1170 312 1209 recte
351 1168 555 1208 Porsonus
594 1165 867 1231 Συρακοσίαν.
906 1167 1011 1207 Plat
1042 1167 1155 1218 Reip.
1190 1168 1235 1216 3,
1267 1167 1385 1208 404d
1423 1165 1683 1219 Συρακοσίαν
1711 1195 1722 1207 .
1746 1197 1757 1208 .
1780 1199 1790 1210 .

204 1223 398 1277 τράπεζαν
427 1223 494 1264 καὶ
524 1217 740 1276 Σικελικην
768 1223 973 1263 ποικιλίαν
1002 1221 1122 1273 ὄψων
1151 1254 1159 1265 .
1181 1257 1189 1266 .
1212 1253 1222 1264 .
1255 1220 1332 1263 οὐκ
1361 1223 1500 1272 αἰνεῖς.
1549 1224 1716 1266 Photius
1748 1227 1790 1266 et

204 1283 349 1324 Zenob.
388 1284 437 1333 5,
475 1283 529 1321 94
575 1281 806 1335 Συρακοσία
850 1278 1041 1335 τράπεζα·
1079 1277 1104 1333 ἡ
1142 1280 1379 1334 πολυτελής·
1430 1277 1602 1322 ἐδόκουν
1636 1279 1714 1336 γὰρ
1751 1281 1794 1322 οἱ

203 1341 439 1380 Σικελιῶται
477 1335 726 1391 ἁβροδίαιτοι
763 1333 866 1379 εἶναι
902 1341 1055 1391 μᾶλλον
1099 1337 1278 1379 πάντων.
1340 1339 1514 1391 Hesych.
1554 1338 1790 1391 Συρακοσία

203 1393 393 1449 τράπεζα
426 1395 656 1448 πολυτελής.
688 1398 736 1436 cf.
769 1397 910 1437 Horat.
945 1397 1076 1438 Germ.
1110 1398 1149 1447 3,
1186 1400 1220 1446 1,
1255 1398 1321 1437 19.
1354 1396 1433 1438 Cic.
1466 1397 1583 1438 Tusc.
1616 1398 1656 1447 5,
1691 1397 1786 1438 100.
1799 1421 1802 1423 Δ

204 1456 339 1506 quarti
383 1467 520 1495 versus
555 1457 711 1506 partem
750 1455 1051 1506 redintegrabat
1084 1455 1340 1495 Hermannus
1379 1451 1591 1508 (Fritzseh.
1630 1429 1788 1495 fiaetal.

203 1510 278 1581 85)
308 1509 528 1563 μεθύοντες
559 1508 687 1563 ἡδέως
719 1525 758 1550 τε
789 1508 1005 1562 κᾶφειδῶς,
1038 1512 1283 1552 Fritzschius
1313 1510 1504 1552 κυλίκων.
1534 1509 1682 1582 μεθυει
1708 1509 1786 1565 γὰρ

202 1565 331 1620 ἡδέως
346 1583 385 1608 τε
402 1583 469 1608 και
483 1570 593 1619 φιλει
611 1567 823 1620 λεπαστήν.
846 1570 1019 1610 fortasse
1039 1567 1263 1608 κυλίκων
1281 1564 1594 1621 medunco&
1615 1564 1787 1621 ἡδέως,

203 1622 399 1678 κώμους
440 1639 486 1665 τε
525 1623 610 1665 καὶ
655 1622 964 1679 λαφυγμούς.
1024 1627 1265 1678 deprompta
1301 1626 1398 1666 sunt
1439 1640 1486 1666 ex
1531 1627 1789 1679 syntagmate

203 1684 397 1734 iambico,
437 1697 515 1734 quo
554 1684 838 1724 continebatur
875 1685 1144 1735 expostulatio
1183 1684 1309 1735 patris
1349 1697 1439 1724 cum
1476 1684 1559 1724 filio
1599 1683 1816 1750 inprobo,-

204 1741 409 1781 simillima
450 1742 519 1781 illa
555 1741 717 1792 quidem
747 1741 854 1781 Nub.
889 1743 1000 1782 1380
1016 1755 1076 1792 sq.
1113 1743 1358 1807 quapropter
1394 1742 1436 1780 in
1474 1755 1513 1782 v.
1548 1743 1567 1781 1
1608 1741 1787 1782 scriben-

207 1799 303 1838 dum
335 1811 476 1839 censeo
508 1796 693 1850 ἔμαθες
723 1795 846 1838 αὔτ’.
879 1821 934 1828 -
964 1796 1271 1850 πέμποντος,
1302 1799 1329 1838 i.
1362 1811 1398 1838 e.
1429 1797 1485 1845 εἰς
1526 1797 1786 1841 διδασκάλου.

205 1853 268 1894 αδ
278 1870 354 1895 ειν
383 1860 551 1903 κακῶς
581 1869 664 1896 ιιοιι
694 1859 756 1897 est
785 1858 886 1897 male
923 1859 1106 1906 cantare,
1139 1857 1209 1896 sed
1238 1868 1372 1906 prava
1401 1857 1582 1897 carmina
1612 1859 1785 1906 camme,

205 1916 251 1953 ut
280 1914 377 1953 facit
407 1914 683 1965 Phidippides.

955 2026 1038 2068 217

324 2105 366 2147 εἰ
393 2103 452 2160 μή
485 2106 631 2148 δικῶν
661 2119 708 2147 τε
737 2106 1005 2162 γυργάθους
1034 2105 1342 2161 ψηφισμάτων
1370 2119 1419 2148 τε
1447 2103 1636 2160 θωμοὺς

322 2189 540 2230 φεροντες

320 2279 462 2319 Pollux
498 2281 678 2329 10,158
710 2276 766 2317 ε’τι
796 2275 841 2317 δὲ
871 2276 939 2317 καὶ
967 2276 1178 2342 γύργαθον
1206 2277 1274 2319 και
1293 2275 1446 2332 θωμόν,
1467 2276 1781 2332 Ἀριστοφάνους

206 2334 250 2376 ἐν
282 2338 549 2376 Δαιταλεῦσιν
579 2332 777 2384 εἰπόντος·
809 2334 846 2375 εἰ
873 2351 927 2388 μη
958 2358 1011 2364 —-
1041 2330 1197 2403 θωμός.
1224 2337 1331 2376 idem
1363 2338 1507 2387 7,176
1537 2333 1603 2376 καὶ
1633 2334 1784 2390 γυργά-

205 2397 309 2442 θους
342 2391 384 2433 δὲ
413 2391 575 2434 πλέκειν
604 2391 756 2446 ε’λεγον·
789 2389 810 2432 ὅ
841 2390 886 2431 δὲ
925 2391 1130 2446 γυργαθος
1169 2388 1396 2445 ὠνόμασται
1432 2391 1479 2434 ἐν
1517 2394 1786 2434 Δαιταλεῦσιν

203 2448 530 2504 Ἀριστοφάνους.
590 2451 822 2492 Athenaeus
863 2453 906 2500 1,
945 2451 1006 2489 4d
1043 2449 1339 2519 γυργάθους
1388 2445 1663 2502 ψηφισμάτων
1699 2447 1783 2502 φέ-

207 2523 378 2561 ροντες
416 2506 707 2563 Ἀριστοφάνης
738 2506 878 2559 φησίν.
937 2505 1180 2572 γυργάθους
1209 2530 1263 2536 ——
1301 2504 1468 2559 θωμους
1506 2504 1693 2560 φέροντες
1731 2507 1783 2548 Κ.

208 2566 460 2606 Athenaeum
506 2565 683 2618 secutus]
725 2564 930 2618 γύργαθος
971 2587 1022 2593 -
1062 2560 1201 2617 θωμός
1247 2565 1405 2605 Pollux.
1465 2577 1561 2604 nam
1605 2565 1784 2606 diversos

208 2623 456 2663 diversarum
488 2625 714 2664 fabularum
744 2636 883 2664 versus
913 2623 963 2662 ab
983 2622 1191 2662 Athenaeo
1223 2625 1263 2662 et
1293 2621 1456 2661 Polluce
1486 2621 1708 2689 significari
1738 2622 1783 2662 in

209 2682 320 2719 tanta
363 2682 472 2720 vocis
515 2679 722 2752 γύργαθος
766 2680 981 2720 insolentia
1024 2692 1107 2719 ιιοιι
1150 2665 1282 2720 credo.
1341 2678 1514 2730 Hesych.
1552 2673 1781 2731 γύργαθον·

209 2741 352 2783 σκεῦος
382 2737 564 2787 πλεκτόν,
597 2735 641 2776 ἐν
669 2731 704 2792 ᾦ
740 2735 933 2790 βάλλουσι
969 2733 1040 2775 τὸν
1075 2749 1198 2787 αρτον
1234 2735 1276 2775 οἵ
1305 2731 1530 2787 ἀρτοκόποι.
1590 2737 1802 2780 notantur.

207 2794 495 2835 adulescentuli
524 2796 593 2834 isti
623 2795 852 2846 sophisticis
882 2794 1036 2834 artibus
1066 2793 1226 2841 exculti,
1248 2793 1319 2832 sed
1339 2793 1440 2832 nihil
1459 2793 1576 2843 probi
1597 2793 1782 2833 scientes.

208 2864 255 2890 ex
285 2851 425 2891 eodem
456 2854 711 2903 syntagmate
742 2865 832 2891 cum
863 2852 911 2891 fr.
947 2852 1045 2891 216.
1078 2851 1174 2891 218.
1207 2851 1302 2889 219.
1361 2855 1366 2859 ”
