1872 3224
241 207 295 250 92
883 192 1137 229 KPATINOT

241 311 471 351 scholiastae
507 306 637 346 verbis
675 302 873 343 concludit
902 295 1232 339 Wilamowitzius
1271 293 1368 334 Obs.
1406 291 1496 331 crit.
1536 290 1604 330 29.
1636 289 1693 331 30
1727 288 1798 330 ad·
1839 298 1842 299 ⁷

242 368 399 408 modum
429 366 577 404 incerta
605 363 708 402 sunt.

965 455 1048 499 263

350 548 515 587 Bekker.
546 544 695 584 Anecd.
729 542 835 590 394,
868 542 918 580 21
956 535 1460 588 Ἀνδροκολωνοκλῆς
1497 525 1589 572 ἀντὶ
1625 535 1710 573 τοῦ.
1732 529 1798 591 μίῇ

242 609 369 652 σθιος.
399 605 593 655 Κρατῖνος
615 595 688 654 γὰρ
698 598 845 651 ’Ώραις
866 593 954 636 ἀντὶ
975 600 1044 635 τοῦ
1065 593 1193 646 φάναι
1212 591 1379 644 μίσθιον
1395 586 1652 641 Ἀνδροκλέα,
1669 585 1799 641 οὕτως
1858 615 1872 647 4

240 657 314 711 ὑφ’
341 661 388 700 ἓν
417 659 484 699 καὶ
503 657 568 698 διὰ
588 663 678 709 μιᾶς
709 654 846 705 λέξεως
869 653 944 705 ἔφη
975 646 1041 692 διὰ
1062 650 1104 691 τὸ
1125 645 1226 690 εἶναι
1248 647 1291 688 ἐκ
1311 650 1518 713 Κολτῡνοῦ.
1563 645 1727 699 μίσθιος
1743 667 1799 707 -ῥ
1863 653 1872 707 1*

240 719 403 771 μίσθιον
417 714 604 768 Meinek]
628 712 784 765 ἠλίθιος
806 735 860 741 -
880 708 1051 762 ἠλίθιον.
1080 703 1315 760 Ἀνδροκλέα
1337 705 1582 745 Fritzschius
1602 705 1696 746 Aet.
1719 716 1797 746 suo.
1870 719 1872 725 ·

241 790 299 828 gr.
331 777 350 814 I
384 772 478 826 145]
505 769 719 813 Ἐτεοκλέα.
760 772 806 809 de
827 769 1019 809 Androcle
1047 766 1245 806 Pitthensi
1276 764 1324 803 cf.
1355 763 1555 813 Ecphant.
1577 763 1616 805 4.
1648 761 1800 805 eratin.

242 835 334 873 208.
380 831 513 871 Golom·
550 827 869 870 commemoratio
906 839 986 865 non
1024 825 1073 863 ad
1112 823 1297 874 patriam,
1339 820 1408 860 sed
1439 821 1488 859 ad
1518 819 1798 874 condicionem

240 890 410 928 hominis
441 888 597 927 videtur
628 886 838 936 pertinere,
870 883 1065 933 siquidem
1084 882 1126 920 in
1157 880 1310 920 Colono
1337 878 1487 926 forensi
1507 876 1799 918 mercennario-

242 960 329 984 rum
359 947 444 984 erat
474 945 604 983 statio.
637 943 686 982 cf.
713 941 914 991 Aristoph.
938 941 1013 978 Av.
1039 940 1119 978 998
1151 951 1240 977 cum
1260 937 1428 986 interpr.
1460 938 1501 974 et
1520 933 1798 976 Wachsmuthfi

240 1002 334 1041 Ath.
364 1002 384 1040 I
417 1003 494 1041 178
533 1001 621 1040 adn.
656 1001 692 1038 5.
726 1000 874 1048 348sq.
926 997 1060 1047 itaque
1097 995 1374 1046 paupertatem
1414 992 1612 1032 Androeli
1642 991 1804 1034 videtur

243 1059 490 1109 exprobrare.

972 1141 1057 1184 264

442 1225 648 1282 ψήφισμα
677 1225 842 1279 ἔθηκεν

353 1306 441 1348 ἀντὶ
479 1313 548 1347 τοῦ
578 1305 737 1360 ἔγραψε.
778 1308 972 1359 Κρατῖνος
998 1303 1166 1358 ’Ὡραις,
1206 1303 1379 1343 Πλάτων
1409 1304 1566 1357 Ποιητῇ
1596 1298 1664 1356 (fr.
1691 1297 1804 1356 115).

243 1367 409 1406 Bekker.
440 1366 587 1406 Anecd.
622 1366 716 1414 116,
749 1365 814 1403 21.

976 1463 1061 1506 265

442 1521 659 1577 γαλιδέως

354 1607 560 1655 Κρατῖνος.
591 1600 690 1656 λέγει
720 1601 763 1642 δὲ
793 1600 846 1651 ὥς
877 1602 945 1643 τὸν
975 1600 1111 1655 εὐτελῆ
1140 1601 1206 1643 καὶ
1236 1598 1290 1651 ὥς
1310 1599 1434 1655 γαλὸν
1455 1600 1583 1642 παῖδα
1611 1597 1802 1655 γαληδέα.

242 1663 409 1713 Hesych.
439 1662 604 1701 Bekker.
644 1662 790 1701 Auecd.
831 1663 903 1709 88,
937 1663 961 1701 3
1008 1663 1118 1713 γαλι
1131 1660 1154 1698 ὃ
1164 1659 1216 1700 εύ
1227 1670 1267 1708 ς·
1301 1657 1321 1699 ὁ
1361 1665 1430 1712 τῆς
1460 1659 1582 1713 γαλῆς
1612 1655 1802 1712 σκύμνος,

243 1716 599 1770 ΚρατῖνοςἿΩραις.
630 1718 887 1758 Ruhnkenius
921 1717 979 1770 (in
1000 1717 1189 1770 Hesych.)
1220 1715 1322 1771 λέγει
1342 1716 1386 1756 δὲ
1407 1714 1535 1765 οὕτως
1566 1714 1637 1757 τὸν
1664 1711 1774 1756 edna.

242 1774 309 1814 καὶ
336 1772 389 1822 ὡς
417 1775 547 1828 γαλῶν
568 1774 708 1828 (γαλῆς
738 1772 878 1828 Mein.)
907 1774 1032 1815 παῖδα
1061 1772 1233 1828 γαλιὸέα.
1278 1772 1468 1828 γαλιδέως
1499 1775 1554 1815 M.
1587 1773 1782 1814 Schmidt.

242 1831 439 1884 γαλίὸεως.
472 1835 531 1872 est
559 1833 765 1884 genetivus
794 1846 817 1871 a
845 1831 1040 1884 γαλιδεύς.

975 1932 1060 1975 266

355 2015 572 2065 Hesychius
602 2012 786 2065 κήτιον.
815 2012 962 2067 μέγαν,
999 2013 1066 2054 καὶ
1103 2009 1137 2071 ᾦ
1179 2008 1248 2064 τοὶς
1286 2012 1454 2067 ψήφους
1497 2013 1722 2054 διωθοῦσιν
1757 2011 1805 2054 ἐν

244 2073 323 2117 τοῖς
353 2070 640 2122 κληρωτηρίοις.
671 2070 737 2110 καὶ
766 2069 990 2125 ἐμετήριον,
1018 2065 1097 2112 ἀπὸ
1125 2072 1302 2124 λαχάνου
1331 2069 1473 2126 ἀγρίου
1495 2071 1554 2126 (?)
1586 2069 1684 2125 ὅπερ
1705 2065 1806 2112 ἀντὶ

243 2132 395 2178 πτερῶν
438 2128 492 2174 εἰς
531 2126 571 2166 τὸ
610 2127 731 2179 στόμα
768 2128 982 2180 καθίεσαν,
1019 2126 1074 2178 ὥς
1112 2132 1311 2183 Κρατῖνος
1349 2127 1394 2168 ἐν
1421 2127 1571 2181 ’ἾΩραις
1608 2129 1804 2181 σημαίνει.

247 2185 455 2224 confundit
485 2185 704 2236 Hesychius
745 2185 901 2237 κήτειον
940 2188 982 2240 (a
1011 2186 1147 2240 κῆτος)
1178 2191 1401 2236 inmanem,
1441 2183 1622 2239 γήτειον,
1653 2184 1805 2238 κήθιον

243 2242 308 2280 vel
337 2241 541 2293 κηθίδιον,
570 2241 768 2294 κηθάριον
798 2240 1021 2296 (Aristoph.
1056 2245 1174 2296 Vesp.
1197 2242 1315 2298 674).
1352 2245 1428 2285 hoc
1457 2247 1678 2285 extremum
1709 2243 1803 2284 Cra-

244 2298 351 2337 tinus
392 2299 547 2337 videtur
584 2312 925 2349 commemorasse,
966 2314 1047 2342 non
1086 2303 1291 2342 vasculum
1330 2295 1365 2356 9⁴3
1400 2300 1471 2349 τὰς
1510 2297 1677 2353 ψήφους
1707 2300 1803 2340 διω-

245 2353 409 2450 θξῖσινῂ
420 2351 652 2409 (διηθοῦσιν
664 2354 703 2409 ?)
737 2355 779 2395 ἐν
807 2360 889 2405 τοῖς
919 2357 1224 2412 κληρωτηρίοις,
1264 2359 1333 2400 sed
1369 2373 1450 2410 quo
1481 2359 1531 2398 ad
1560 2358 1804 2399 vomendum

245 2424 271 2448 u
291 2424 311 2450 e
341 2424 390 2450 an
411 2425 469 2450 ur.
1736 2421 1739 2424 ’

977 2503 1059 2546 267

357 2581 526 2631 Hesych.
559 2584 857 2636 μυσικαρφί·
896 2587 1095 2634 Κρατῖνος
1134 2584 1178 2626 ἐν
1196 2584 1359 2638 ’Ὤ,ραις.
1400 2588 1441 2627 οἱ
1465 2585 1540 2640 μὲν
1567 2583 1806 2641 ἀνέγνωσαν

244 2632 297 2683 ὡς
334 2633 484 2676 ἀκονιτὶ
526 2638 594 2677 καί
635 2651 758 2688 φασιν
796 2639 857 2680 ὅτι
895 2640 937 2680 τὸ
980 2641 1211 2694 μεμυκότως
1249 2643 1316 2684 καὶ
1347 2644 1474 2698 ξηραῖς
1503 2647 1636 2685 ποιεῖν
1664 2643 1802 2697 (γελᾶν

245 2694 298 2733 Μ.
340 2693 532 2746 Schmidt)
579 2693 680 2735 οὕτω
723 2695 917 2750 λέγουσιν.
956 2696 984 2750 ἢ
1020 2697 1075 2747 ὡς
1112 2694 1404 2753 ὀνομαζομένου
1443 2697 1550 2749 τινὸς
1591 2699 1696 2741 οὕτω
1735 2699 1804 2741 καὶ

244 2747 368 2817 μηδὲν
396 2747 470 2798 ἀφ’
503 2749 644 2791 ἑαυτοῦ
679 2753 887 2808 γλαφυρὸν
924 2755 1199 2808 σκώπτοντος,
1238 2755 1324 2797 ἄλλ’
1358 2757 1619 2812 ἐπιγελῶντος
1648 2754 1801 2810 ἀηδῶς.

245 2819 369 2857 ονομα
406 2806 480 2859 γάρ
517 2805 596 2847 ἐστι
633 2810 925 2864 Μνσίκαρφος,
964 2807 1014 2852 οὗ
1050 2809 1289 2865 μνημονεύει
1333 2815 1400 2856 καὶ
1431 2812 1735 2868 Ἀπολλοφάνης
1779 2811 1802 2860 ὃ

245 2861 413 2913 κωμικός
444 2861 519 2918 (8)
559 2863 612 2913 ὥς
643 2881 743 2915 τινες
774 2866 818 2908 δὲ
848 2867 918 2908 τὸν
943 2861 1189 2923 Ἀρχίμαχον.
1229 2873 1397 2914 Photius
1429 2871 1798 2926 Μυσικοῖρφης’
