1872 3224
228 187 308 230 738
849 186 1177 222 ΘΕΟΠΟΜΠΟΤ

432 347 643 401 φαυλίων
671 345 830 402 μήλων
991 289 1042 331 19

340 426 582 479 μνημονεύει
614 460 622 467 .
657 459 665 467 .
699 457 708 466 .
739 426 806 467 καὶ
842 425 1077 480 Θεόπομπος
1108 426 1153 468 ἐν
1187 428 1323 480 Θησεῖ.
1363 411 1593 470 Athenaeus
1624 431 1669 479 3,
1701 431 1756 470 82
1769 443 1802 470 c.

227 485 268 525 cf
286 487 475 525 Teleclid.
497 487 534 524 4.

987 552 1044 594 20

434 606 689 659 αὐτόκακος

341 686 428 730 οἷον
458 689 606 730 ἑαυτὸν
635 689 824 738 κολάζων.
876 689 1112 742 Θεόπομπος
1138 691 1274 741 Θησεῖ.
1308 692 1474 732 Bekker.
1498 692 1648 732 Anecd.
1671 693 1739 741 83,
1763 693 1800 732 6.

836 838 1196 874 ΚΑΛΛΑῙΣΧΡΟΣ

341 921 434 960 Non
465 920 713 972 significatur
742 919 891 959 Critiae
920 922 1048 971 pater.
1079 920 1251 960 Meinek.
1281 920 1301 959 I
1323 921 1419 960 240.
1457 921 1619 960 idemne
1649 921 1702 960 sit
1731 920 1800 960 ille

230 978 523 1026 Callaeschrus,
555 979 623 1028 qui
654 978 760 1016 inter
789 978 1103 1029 quadringentos
1134 980 1468 1017 commemoratur
1502 978 1598 1029 Lys.
1634 978 1699 1027 12,
1731 978 1800 1027 66,

228 1038 270 1074 et
298 1048 371 1086 pro
402 1048 480 1085 quo
510 1035 671 1085 Lysias,
713 1036 852 1074 contra
889 1047 1007 1085 quem
1044 1035 1268 1075 Dinarchus
1307 1036 1509 1075 orationes
1539 1035 1803 1085 scripserunt,

228 1094 376 1131 nescio.
424 1092 671 1142 Theopompi
694 1091 970 1131 Callaeschrus
1000 1094 1136 1142 potest
1165 1092 1286 1131 etiam
1317 1105 1463 1131 nomen
1491 1091 1629 1132 fictum
1651 1104 1737 1132 esse
1757 1092 1801 1132 in

228 1150 429 1188 hominem
461 1150 592 1200 specie
623 1149 848 1200 pulchrum,
881 1151 1015 1189 mente
1046 1151 1219 1199 turpem.
1271 1150 1321 1192 cf.
1349 1145 1594 1201 Ἡδυχάρης.
1620 1198 1624 1201 ἢ

995 1260 1047 1302 21

434 1337 489 1383 οὗ
520 1351 663 1395 φησιν
695 1335 811 1382 εἶναι
842 1340 934 1382 τῶν
964 1339 1160 1396 ἑταιρῶν
1189 1338 1271 1391 τοὶς
1300 1339 1437 1396 μέσας

434 1410 734 1465 στατηριαίας.

342 1493 487 1531 Pollux
519 1495 556 1544 9,
589 1493 641 1531 59
681 1489 726 1530 τὰ
765 1488 810 1529 δὲ
856 1490 1047 1543 στατῆρος
1084 1489 1177 1539 άξια
1192 1494 1440 1561 στατηριαῖα
1477 1489 1601 1542 φαίης
1630 1487 1710 1540 ἄν,
1747 1486 1806 1538 ὥς

232 1547 466 1599 Θεόπομπος
499 1546 544 1587 ἐν
575 1547 950 1602 Καλλαίσχρῳ.οὔ
980 1545 1127 1601 φησιν]
1159 1562 1206 1588 ου
1239 1558 1367 1598 φασιν
1397 1547 1567 1588 Meinek.
1607 1549 1725 1599 ‘quae
1754 1548 1805 1587 de

230 1607 330 1646 urbe
362 1607 470 1646 dicta
502 1607 706 1658 videntur,
745 1607 786 1645 in
823 1619 902 1656 qua
931 1606 1160 1645 meretrices
1198 1618 1347 1657 magno
1383 1606 1512 1656 pretio
1542 1607 1680 1645 noctes
1708 1618 1802 1645 ven·

231 1664 390 1710 debant,
423 1666 469 1702 ut
498 1664 562 1703 vel
593 1664 813 1703 medioeres
845 1665 994 1703 statera
1024 1662 1243 1714 exigeient.
1275 1663 1452 1714 Epicrat.
1485 1664 1523 1712 3,
1559 1663 1624 1717 16..
1658 1662 1743 1702 22?

995 1786 1051 1828 22

433 1863 702 1923 ἠρίσταμεν·
734 1866 808 1908 δεῖ
833 1863 920 1922 γὰρ
951 1863 1203 1908 συνάπτειν
1233 1862 1316 1907 τὸν
1346 1864 1497 1920 λόγον.

343 1950 577 1989 Athenaeus
611 1951 675 1997 10,
707 1949 826 1988 423a
864 1946 932 1987 καὶ
969 1941 1192 2000 ἠρίσταμεν
1221 1944 1266 1986 δ’
1300 1946 1462 1999 εἴρηκεν
1494 1977 1504 1986 .
1537 1978 1546 1987 .
1581 1978 1590 1987 .
1623 1945 1802 2000 Θεόπομ-

230 2019 308 2053 πος
339 2005 600 2060 Καλλαίσχρῳ
629 2007 711 2046 κτλ.
762 2006 812 2045 cf.
845 2005 1056 2057 Hermipp.
1090 2006 1159 2045 60.

1181 2195 1358 2250 ἰχθύων
1389 2195 1438 2239 δὲ
1469 2195 1524 2251 δὴ

435 2262 733 2321 ὑπογάστρι’,
765 2256 800 2307 ὦ
831 2262 1069 2322 Δάματερ..

351 2348 583 2388 Athenaeus
616 2350 655 2399 7,
679 2349 797 2392 302e
827 2346 1060 2398 Θεόπομπος
1092 2344 1136 2385 ἐν
1162 2345 1422 2416 Καλλαίσχρῳ
1450 2347 1532 2386 κτλ,
1575 2358 1802 2399 παρατηρη-

240 2403 328 2445 τέον
358 2419 418 2444 οτι
449 2402 513 2444 ἐπὶ
543 2400 700 2456 ἰχθύων
728 2401 802 2456 μὲν
830 2400 1100 2457 ὑπογάστριον
1127 2400 1307 2470 λέγουσι,
1337 2402 1512 2450 σπανίως
1546 2399 1584 2440 δ’
1625 2400 1689 2442 ε’πὶ
1725 2401 1802 2454 χοί·

236 2476 319 2515 ρων
348 2459 417 2501 καὶ
447 2466 527 2501 τῶν
555 2460 689 2501 ἄλλων
717 2461 841 2517 ζῴων.
893 2464 931 2511 9,
964 2462 1080 2501 399d
1116 2456 1383 2513 ὑπογάστριον
1418 2457 1463 2499 δὲ
1495 2457 1623 2524 μόνον
1651 2455 1707 2507 ὦς
1739 2457 1803 2499 ἐπὶ

237 2534 319 2558 των
355 2516 515 2570 ἰχθύων
550 2516 715 2571 λέγεται.
769 2518 1002 2570 Θεόπομπος
1039 2516 1300 2587 Καλλαίσχρῳ
1334 2518 1416 2557 κτλ.
1470 2511 1704 2569 ὑπογάστρι’
1745 2510 1799 2570 ὦ]

232 2573 488 2628 ὑπογάστρια)
508 2573 612 2628 (sine
633 2573 818 2629 accentu)
839 2576 876 2615 A
899 2576 1030 2615 3996.
1080 2571 1350 2645 νπογάστριον
1369 2589 1401 2614 ω
1433 2575 1559 2614 3026.
1597 2572 1800 2626 Δάματερ]

237 2632 422 2684 Δήμητερ
451 2633 484 2670 B
516 2634 641 2673 302e.
674 2632 862 2684 διαματερ
893 2633 931 2671 Α
962 2633 1093 2674 399ᾶ.
1125 2646 1156 2670 ω
1181 2625 1366 2684 Δάματερ
1392 2633 1454 2671 est
1483 2631 1717 2671 admirantis
1736 2643 1802 2670 ex-

237 2691 435 2738 clamatio,
471 2683 503 2729 ὦ
534 2688 721 2755 Δήμητερ
750 2690 970 2730 vocativus.
1022 2689 1189 2728 Photius
1220 2691 1260 2727 et
1291 2688 1433 2727 Suidas
1458 2682 1684 2739 ἹΙράκλεις·
1715 2684 1802 2727 ἐπί-

235 2749 399 2798 φθεγμα
430 2741 735 2797 θαυμαστικόν·
774 2744 906 2815 ὥσπερ
944 2742 988 2784 τὸ
1024 2739 1057 2784 ὦ
1088 2743 1272 2812 Δάματερ
1310 2749 1381 2783 τοῦ
1418 2758 1448 2783 ω
1489 2742 1675 2796 Δημητερ
1711 2743 1800 2783 δια-

232 2801 357 2855 φέρει.
410 2803 595 2843 Eustath.
629 2805 751 2853 1385,
782 2805 835 2843 53
867 2800 910 2841 τὸ
940 2798 974 2841 ὦ
1005 2799 1192 2854 Δάματερ
1221 2798 1263 2840 τὸ
1294 2799 1533 2852 θαυμαστόν
1561 2800 1800 2853 (θαυμαστι-

231 2859 345 2911 nov),
394 2856 417 2898 ὃ
452 2862 579 2899 κεῖται
615 2858 682 2899 καὶ
718 2852 827 2911 παρὰ
865 2864 920 2913 τῷ
957 2858 1121 2913 κωμικῷ
1156 2856 1381 2911 (Aristoph.
1419 2858 1528 2897 Plut.
1568 2858 1665 2897 555.
1696 2853 1800 2910 872)
