1872 3224
737 187 1034 223 ΣΤΡΑΤιῼΤΑι
1597 195 1678 237 241

11 299 14 351 j
225 305 257 321 ιι
301 289 438 329 studio
477 290 599 329 etiam
636 293 912 333 conviviorum
951 295 1194 345 adparatum
1229 310 1336 337 nuno
1371 299 1533 351 neglegi
1571 301 1679 340 dicit.

10 351 13 408 Ι
83 345 306 404 'j'ffforma
334 345 596 398 πασσαλόφιν
627 350 676 389 cf
709 349 1347 396 cratin.95.100.126.137.

852 462 908 506 56

485 539 662 598 ῥάβδον
694 540 738 585 δ’
771 540 874 594 ὄψει
904 542 988 601 τὴν
1020 546 1292 602 κοτταβικὴν

487 609 539 653 ἐν
569 618 663 661 τοῖς
693 609 902 667 ἀχύροισι
935 614 1285 672 κυλινδομένην.

56 731 91 754 ·.=
117 730 119 732 .
206 693 339 734 Schol.
369 694 580 746 Aristoph.
612 696 705 735 Pae.
731 698 839 735 1242
870 695 961 749 περὶ
990 694 1064 748 μὲν
1094 693 1170 738 οὗν
1199 703 1270 751 τῆς
1301 697 1458 752 ῥοίβδου
1489 700 1551 754 (111
1579 703 1676 743 ludo

50 748 515 807 >1b0t18bi)‘'EQfflmwog
548 750 594 792 ἕν
625 752 912 806 Στρατιώταις.
945 756 996 795 of.
1028 756 1077 795 fr.
1107 756 1174 806 47,
1209 758 1249 797 5.
1282 759 1319 798 6.

851 864 906 910 57

510 947 618 1004 νικᾷ
649 944 693 989 δ’
725 944 793 1004 ᾦα
824 949 1012 1004 λιθίνην
1041 949 1262 1004 μάκτραν.

22 1068 45 1075 ,
202 1028 350 1068 Pollux
383 1031 562 1078 10,182
594 1027 701 1070 οὕτω
732 1028 855 1086 (clim)
896 1029 970 1082 τὴν
1006 1029 1194 1084 μηλωτὴν
1232 1030 1422 1102 ἐκάλουν,
1460 1032 1557 1081 ἴσως
1596 1031 1677 1073 ἀπὸ

37 1086 39 1090 ”
89 1084 159 1138 τῆς
189 1084 286 1136 οἰός,
317 1089 400 1134 τοῖς
430 1084 475 1126 δὲ
513 1086 769 1140 στρατιώταις
808 1087 877 1128 καὶ
914 1085 1005 1128 ἀντὶ
1040 1104 1219 1141 μακτρας
1257 1086 1472 1143 ὑπουργεῖ,
1505 1088 1602 1144 ῗπερ
1633 1090 1678 1131 ἐν

29 1142 33 1175 ’-
86 1143 359 1192 Στρατιώταις
378 1142 607 1198 Έρμιππος
638 1142 841 1196 ὑποδηλοῑ
865 1144 991 1199 λέγων
1020 1149 1098 1187 κτλ.
1137 1150 1298 1188 mactris
1326 1150 1491 1198 lapideis
1528 1150 1577 1188 ad
1607 1163 1672 1200 pa-

85 1215 180 1242 nem
210 1202 501 1243 conficiendum
530 1206 578 1243 in
599 1216 699 1254 pace
728 1205 958 1254 utebantur,
990 1205 1032 1244 in
1063 1206 1208 1245 militia
1238 1203 1284 1260 τῇ
1313 1204 1386 1245 ὤα.

852 1316 908 1360 58

573 1385 627 1441 A.
661 1395 798 1454 χαῖρ’,
830 1390 869 1440 εὖ
899 1395 1168 1440 διαπόντιον

572 1466 845 1521 στράτευμα,
878 1467 924 1508 τί
951 1466 1233 1521 πράττομεν;

560 1533 626 1578 τὰ
655 1534 740 1591 μὲν
771 1535 885 1590 πρὸς
915 1533 1021 1588 ὄψιν
1051 1537 1263 1591 μαλακαῖς

575 1606 696 1660 ἔχειν
726 1602 816 1647 ἀπὸ
847 1602 1068 1659 σώματος,

524 1682 544 1714 5
576 1673 694 1731 κόμῃ
725 1689 773 1717 τε
804 1675 995 1729 νεανικῇ

573 1746 758 1798 σφρίγει
789 1757 836 1785 τε
866 1740 1141 1798 βραχιόνων.

572 1814 622 1855 Β.
656 1809 811 1869 ᾔσθου
840 1809 921 1854 τὸν
940 1809 1145 1866 ’Ἄβυδον
1174 1808 1235 1861 ὥς

572 1878 688 1936 ἀνὴρ
720 1879 977 1935 γεγένηται;

207 1965 439 2005 Athenaeus
483 1965 547 2013 12,
581 1964 694 2003 524f
729 1961 796 2002 καὶ
822 1959 1040 2015 Ἀβυδηνοι
1071 1990 1080 1999 .
1102 1991 1110 1999 .
1136 1992 1144 2001 .
1177 1957 1378 2013 ἀνειμένοι
1407 1961 1482 2016 τὴν
1511 1961 1673 2002 δίαιτάν

87 2021 165 2062 εἰσι
184 2020 252 2061 καὶ
272 2020 522 2074 κατεαγότες,
544 2017 599 2068 ὦς
620 2021 862 2072 παρίστησιν
884 2019 1096 2072 Ἐρμιππος
1118 2016 1163 2058 ἐν
1182 2018 1451 2071 Στρατιώταις
1466 2022 1545 2060 κτλ.
1563 2014 1669 2073 χαῖρ’

87 2094 119 2119 ω
153 2080 276 2125 Dobr.
306 2080 413 2119 Adv.
444 2079 485 2118 II
517 2074 616 2134 339]
656 2076 792 2129 χαίρω.
825 2077 1070 2129 στράτευμα,
1109 2075 1148 2115 τί
1184 2074 1323 2130 Dobr.]
1364 2076 1589 2129 στράτευμα
1622 2091 1669 2118 τι.

87 2134 312 2190 πράττομεν
345 2136 482 2187 Οοὶηκ]
513 2134 795 2188 πραττομένων
825 2137 874 2174 A.
935 2136 974 2174 4.
1007 2131 1202 2187 σώματος]
1235 2132 1397 2186 σώματα
1414 2136 1472 2177 ..Β
1534 2136 1571 2174 5.
1606 2148 1671 2175 νε-

87 2199 240 2250 ανικῇ,
287 2193 448 2252 σφρίγει
490 2191 737 2246 Villebrun]
784 2187 999 2243 νεανικῆς,
1052 2190 1185 2244 φρίγει
1231 2191 1277 2231 Β.
1326 2197 1490 2247 νεανικῇ
1539 2191 1673 2245 φρίγει

88 2252 210 2292 PVL.
251 2256 439 2306 νεανικῇ,
471 2250 603 2302 χλίδει
647 2250 813 2291 casaub.
884 2252 919 2289 7.
951 2246 1021 2288 τὸν
1065 2247 1208 2303 ((113.υά
1255 2249 1389 2290 dubie’
1431 2232 1572 2304 Dind.)
1615 2249 1668 2302 A]

88 2307 163 2361 τὴν
197 2310 245 2351 L.
275 2295 472 2363 ’Ἀβυδον]
511 2305 708 2361 Ἀβυδόθ’
720 2309 741 2348 ¹?
784 2307 923 2357 Dind.‚
963 2308 1033 2357 qui
1071 2309 1108 2346 7.
1147 2309 1172 2346 8
1211 2307 1328 2346 alteri
1363 2320 1555 2358 personae
1595 2308 1672 2347 tri-

87 2367 179 2407 buit
223 2370 264 2407 et
308 2381 392 2418 per
422 2368 780 2418 interrogationem
825 2365 981 2404 extulit.
1041 2377 1123 2403 non
1163 2367 1258 2403 sunt
1295 2365 1422 2404 Ionioi
1459 2378 1597 2404 versus
1629 2361 1671 2418 (a

82 2424 271 2477 maiore),
302 2427 349 2464 ut
378 2425 586 2464 Dobraeus
616 2424 800 2476 putabat,
832 2423 903 2462 sed
933 2422 1121 2473 glyconei
1151 2434 1239 2460 eum
1271 2422 1453 2461 anacrusi
1475 2434 1548 2482 pro
1569 2422 1668 2463 basi.

91 2483 115 2520 3
149 2481 211 2533 (et
240 2482 283 2533 4)
315 2483 530 2522 manifesto
561 2482 752 2533 corrupti.
814 2479 861 2519 G.
893 2480 1146 2518 Hermannus
1185 2476 1231 2516 τὰ
1262 2476 1336 2529 μέν
1363 2492 1407 2530 γε
1437 2471 1535 2525 πρὸς
1567 2476 1669 2528 ὄψιν

90 2537 128 2578 εἰ
150 2539 156 2589 Ι
182 2538 335 2579 δοκεῖτε
373 2536 475 2593 μαλ’
516 2535 564 2578 οὐ
602 2544 736 2585 κακῶς
770 2536 775 2589 Ι
809 2534 912 2588 ἔχειν
949 2532 1030 2574 ἀπὸ
1069 2547 1263 2586 σωματος.
1324 2535 1522 2586 Bergkius
1554 2535 1600 2575 R.
1633 2549 1666 2576 ο.

89 2596 178 2636 Att.
211 2597 295 2636 324
325 2594 372 2635 τὰ
402 2594 476 2648 μέν
505 2592 543 2648 γ’
576 2592 656 2635 ἀπὸ
687 2593 870 2644 σώματος
897 2592 903 2647 Ι
929 2591 1027 2660 πρὸς
1049 2590 1150 2641 ὄψιν
1171 2590 1247 2643 ἔχει
1267 2594 1412 2639 καλῶς.
1446 2594 1666 2632 Meinekius

91 2654 134 2693 111
163 2654 374 2694 Athenaeo
406 2655 451 2693 Β.
483 2669 530 2693 τα
560 2652 634 2705 μὲν
662 2650 762 2706 πρὸς
793 2649 895 2701 ὄψιν
923 2646 1026 2702 μαλα
1056 2650 1183 2695 καλῶς
1215 2647 1317 2700 ἔχειν
1347 2649 1462 2689 δοκεῖ
1482 2649 1558 2701 Ι..
1589 2646 1666 2688 απὸ

89 2705 281 2762 σώματος.
312 2714 355 2751 at
383 2713 585 2782 quomodo
617 2711 793 2751 trimetri
822 2710 886 2748 hio
918 2721 1006 2747 cum
1038 2708 1190 2746 melicis
1226 2708 1408 2747 versibus
1447 2708 1667 2747 consociari

89 2768 308 2818 poterant?
347 2767 447 2821 πρὸς
484 2767 586 2816 ὄψιν
625 2771 664 2808 et
700 2760 780 2806 ἀπὸ
818 2763 996 2831 σώματος
1036 2769 1125 2804 orta
1162 2777 1247 2803 esse
1286 2765 1474 2804 videntur
1509 2777 1557 2804 ex
1593 2760 1663 2802 απ’

88 2821 277 2876 ὄμματων
307 2829 348 2865 et
368 2827 624 2867 scribendum
655 2840 709 2864 τα
739 2821 826 2876 μὲν
855 2837 943 2876 γαρ
973 2818 1052 2860 ἀπ’
1078 2818 1308 2873 ὀμματων
1326 2821 1339 2888 Ι
1366 2821 1556 2861 δοκεῖτε
1586 2835 1666 2860 κα-

89 2883 181 2930 λως
212 2881 358 2934 ἔχειν.
420 2883 599 2936 *ξεναγὸς
632 2884 795 2935 quidam
815 2882 967 2921 milites
988 2879 1200 2928 Asiaticos,
1231 2880 1361 2928 specie
1392 2881 1588 2931 egregios,
1619 2891 1665 2917 re

159 2954 278 2982 Comici
297 2955 414 2990 graeci,
434 2955 482 2984 ed.
502 2955 564 2984 Th.
581 2956 695 2982 Koek.
714 2956 742 2982 1.
1351 2947 1392 2980 16
