1872 3224
668 178 923 215 ‹1›01N15.:2A1
969 182 1086 218 ΩΡΑῙ
1571 190 1653 232 535

842 283 927 327 563

299 333 482 390 μυάγρα

25 482 29 486 .
66 458 150 523 Ὁ
194 414 497 517 15ἓιστοφάνης
536 418 580 460 δὲ
618 419 663 461 ἐν
696 422 926 472 Φοινίσσαις
962 410 1143 478 κέχρηται
1180 432 1232 482 τῷ
1271 424 1447 480 ὀνόματι.
1508 430 1645 470 Pollux

50 490 87 528 ’λζ’
135 506 175 538 οὔ,
246 517 249 534 s
282 506 292 517 ·
1584 499 1590 504 '

114 583 119 585 ·
143 554 162 647 «χ’
203 568 419 611 Praeterea
449 571 501 611 cf.
533 572 628 611 935.
663 572 845 615 strattid.
875 574 924 613 fr.
957 575 1025 614 50,

820 697 935 732 ΩΡΑῙ

62 784 129 845 ᾖξ’·
203 789 378 830 Videtur
406 792 525 839 poeta
554 791 714 831 deorum
746 791 943 842 quoddam
974 795 1171 832 certamen
1200 793 1438 842 instituisse,
1471 797 1645 834 veterum

37 847 423 898 senneviciorum,
455 849 576 900 idque
605 850 663 888 ita
692 850 738 888 ut
766 849 808 888 hi
839 862 980 901 magna
1010 850 1112 889 bona
1140 850 1447 890 Atheniensibus
1486 852 1644 901 promit-

78 907 224 950 fantes
253 905 410 946 aditum
439 906 490 946 ad
520 907 726 947 civitatem
755 909 980 957 poscerent,
1020 907 1079 946 illi
1115 907 1317 957 promissis
1355 908 1541 947 beneficia
1577 921 1645 947 sua

35 962 49 990 5,
82 965 338 1017 opponentes
367 966 578 1016 negarent.
637 965 819 1005 vicerunt
848 967 1011 1013 veteres,
1043 964 1263 1015 peregrinis
1293 977 1340 1003 ex
1379 965 1473 1003 urbe
1505 964 1646 1005 eiectis.

87 1021 266 1075 pertinet
294 1022 371 1061 huc
403 1020 472 1075 (cf.
506 1022 557 1061 fr.
590 1020 691 1072 566)
724 1021 806 1061 Cic.
838 1022 935 1073 Leg.
965 1022 1001 1069 2,
1025 1022 1077 1061 37
1107 1033 1224 1061 lnovos
1253 1022 1340 1061 deos
1369 1025 1403 1060 et
1431 1023 1474 1060 in
1502 1022 1561 1061 his
1590 1034 1645 1061 co-

39 1082 49 1106 Ψ
85 1080 214 1122 undis
242 1083 461 1120 nocturnas
483 1081 802 1131 perviyilationes
829 1081 885 1119 sic
912 1078 1192 1128 Aristophanes
1214 1108 1223 1117 .
1245 1109 1253 1117 .
1278 1109 1286 1117 .
1318 1081 1440 1130 vexat,
1470 1082 1512 1118 ut
1541 1079 1646 1127 apud

84 1150 176 1182 ewm
203 1137 402 1180 Sabazius
431 1141 466 1178 et
495 1139 657 1187 quidam
686 1138 756 1177 alii
785 1138 826 1176 di
842 1138 1037 1187 per-cyrini
1056 1137 1218 1176 iudicati
1237 1147 1256 1175 e
1275 1137 1424 1175 civitate
1443 1137 1642 1176 eiciantur.

84 1195 194 1237 inter
222 1197 404 1237 veterum
435 1197 571 1234 autem
601 1195 763 1234 deorum
793 1193 982 1233 beneficia
1010 1194 1129 1233 etiam
1159 1193 1254 1232 caeli
1285 1193 1409 1231 Attici
1439 1192 1646 1231 clementia

19 1255 25 1261 “’
52 1281 54 1283 »
80 1255 131 1294 et
173 1253 398 1304 aequabilis
442 1253 679 1304 temperatio
717 1251 1097 1291 commemorabatur
1134 1248 1199 1300 (fr.
1234 1246 1347 1302 569).
1405 1261 1449 1288 ac
1485 1249 1517 1287 si
1554 1261 1645 1287 vera

5 1316 15 1338 Γ
85 1314 182 1352 sunt
210 1324 313 1362 quae
343 1310 394 1349 ad
424 1311 474 1352 fr.
497 1311 593 1350 564.
617 1311 641 1349 5
672 1309 957 1356 adnotavimus,
987 1308 1148 1358 plenum
1178 1307 1331 1346 fabulae
1361 1318 1503 1345 nomen
1528 1298 1645 1354 Ὧραι

6 1386 20 1407 κ
86 1364 115 1420 ἢ
141 1364 361 1421 Ἐρεχθεύς
392 1368 471 1408 fuit
503 1370 544 1407 et
572 1366 817 1407 Erechtheus
847 1366 996 1416 primas
1025 1363 1194 1404 fortasse
1214 1364 1255 1402 in
1274 1376 1321 1402 ea
1340 1366 1471 1414 partes
1492 1361 1642 1401 habuit.

0 1434 23 1480 ξ,
73 1427 252 1468 videtur
281 1426 388 1466 enim
419 1426 461 1465 in
494 1425 657 1465 deorum
689 1423 898 1464 certamine
928 1422 1045 1461 iudex
1074 1421 1208 1460 fuisse.
1396 1438 1403 1445 ·

775 1545 869 1590 564.
898 1545 981 1588 565

198 1633 371 1676 Bekker.
402 1633 556 1673 Anecd.
586 1633 683 1680 425,
716 1633 740 1670 3
772 1625 971 1681 άπίχθυς·
1011 1624 1101 1674 τοὺς
1138 1624 1191 1678 μὴ
1229 1621 1483 1675 ἐσθιομένους
1514 1622 1642 1672 ἰχθῦς.

79 1687 373 1744 Ἀριστοφάνης
399 1686 562 1743 ’Ὡραις
614 1689 756 1728 Pollux
788 1690 834 1736 6,
873 1688 925 1726 41
964 1682 1142 1736 ἅπιχθυς
1179 1680 1284 1733 παρὰ
1318 1675 1588 1732 Ἀριστοφάνει
1623 1675 1644 1716 ὁ

84 1748 246 1802 ἰχθύων
274 1746 486 1801 ἄγευστος.
524 1746 760 1787 Eustathius
801 1745 928 1791 1720,
960 1743 1011 1781 24
1049 1738 1176 1781 ἰστέον
1212 1737 1255 1778 δὲ
1294 1735 1353 1778 ὅτι
1390 1734 1410 1776 ὁ
1446 1737 1643 1781 παντελῶς

82 1803 212 1861 ὀλίγος
251 1803 374 1858 ἰχθὺς
411 1803 594 1856 ἅπιχθυς
633 1800 783 1855 ἐλέγετο
818 1798 924 1852 παρὰ
965 1802 1043 1844 τοῖς
1079 1799 1259 1843 παλαιοῖς
1296 1793 1362 1834 καὶ
1391 1791 1531 1845 ἐδήλου
1560 1790 1642 1830 τὸν

81 1863 144 1917 μὴ
177 1859 502 1916 ἐσθιόμενον,
562 1859 629 1901 καὶ
658 1857 849 1911 φέρουσιν
879 1856 1020 1896 ἐκεῖνοι
1049 1859 1189 1906 χρῆσιν
1226 1852 1281 1899 εἰς
1319 1855 1433 1890 τοῦτο
1468 1847 1517 1888 ἐκ
1555 1853 1642 1887 τοῦ

82 1926 318 1975 κωμικοῦ.
380 1918 425 1960 έν
453 1917 586 1972 μέντοι
615 1922 669 1957 τῶ
698 1914 787 1967 περὶ
822 1911 1034 1964 ὀνομασίας
1070 1908 1236 1962 ἡλικιῶν
1270 1913 1339 1947 τοῦ
1375 1909 1640 1959 γραμματικοῦ

78 1972 396 2032 Ἀριστοφάνους
428 1975 587 2029 φέρεται
625 1988 684 2014 οτι
719 1969 966 2023 ἆπίχθυες
1003 1966 1105 2007 κατά
1133 1981 1242 2013 τινας
1272 1965 1313 2004 οἱ
1342 1958 1403 2015 μὴ
1439 1960 1638 2029 ἐσθ’ίον-

82 2051 160 2085 τες
191 2035 365 2089 ἰχθῦς,
398 2033 466 2075 καὶ
495 2031 608 2086 φέρει
645 2029 793 2077 ἐκεῖνος
830 2026 897 2068 καὶ
930 2021 1238 2078 Ἀριστοφάνους
1275 2026 1414 2074 χρῆσιν
1452 2017 1491 2068 ἐξ
1539 2018 1637 2069 Ερε-

83 2092 215 2148 χθέως
246 2090 412 2146 ταύτην,
546 2104 550 2109 ’

377 2177 592 2224 τοῦνθένδ’
623 2176 801 2230 ἆπίχθυς
831 2173 1058 2229 βαρβάρους
1088 2171 1212 2211 οἰκεῖν
1240 2169 1357 2208 δοκῶ.

81 2280 281 2320 falluntur
309 2278 379 2329 qui
410 2278 480 2321 aut
508 2271 762 2326 Eustathium
793 2271 863 2308 aut
881 2266 1050 2307 Bekkeri
1080 2261 1377 2315 grammaticum
1409 2260 1447 2297 in
1478 2256 1636 2295 nomine

81 2337 256 2376 auctoris
287 2335 495 2375 fabulaeve
533 2329 725 2369 erravisse
763 2327 976 2377 opinantur
1006 2321 1201 2372 Bergkius
1231 2321 1271 2356 et
1297 2314 1533 2377 Dindorfius.
1565 2312 1635 2349 du-

81 2394 206 2434 bitari
244 2406 326 2433 non
362 2392 496 2442 potest
532 2387 630 2438 quin
671 2390 884 2433 utrumque
920 2381 1183 2431 fragmentum
1220 2396 1269 2402 -—
1298 2375 1390 2412 sunt
1426 2383 1527 2409 emm
1559 2368 1636 2430 duo

83 2474 135 2480 --
167 2451 219 2490 ad
248 2451 379 2490 Horas
410 2443 689 2495 Aristophanis
719 2441 956 2492 pertineant.
1015 2435 1083 2475 sed
1122 2432 1306 2471 discimus
1342 2442 1388 2468 ex
1426 2424 1635 2488 Eustathio

63 2509 253 2549 'alterum
298 2507 498 2547 Horarum
540 2500 705 2540 titulum
750 2498 870 2536 fuisse
914 2491 1191 2533 Erechtheum.
1251 2485 1422 2525 eiusdem
1466 2493 1635 2521 nomlnls

82 2565 296 2613 comoedia,
328 2563 397 2604 sed
425 2573 508 2601 non
536 2554 829 2606 Aristophanis,
862 2554 950 2591 acta
980 2549 1042 2589 Ol.
1077 2547 1167 2594 102,
1199 2545 1224 2582 4
1254 2542 1316 2607 yel
1348 2541 1450 2603 106,.
1464 2540 1501 2584 2,
1532 2549 1635 2600 com-

81 2625 329 2663 memoratur
359 2619 403 2660 C.
435 2618 469 2658 Ι.
498 2616 518 2656 Ι
549 2616 644 2662 230,
683 2613 751 2651 ubi
788 2608 1009 2650 Boeckhius
1045 2604 1160 2643 etiam
1197 2598 1474 2648 Aristophanis
1514 2594 1635 2632 fu1sse

80 2680 352 2726 Erechtheum
382 2676 499 2716 dicit:
531 2682 768 2724 quamquam
799 2679 876 2718 quo
906 2662 1050 2703 indicio
1080 2660 1204 2698 fretus
1241 2656 1280 2694 id
1311 2653 1454 2693 dixerit
1492 2650 1634 2690 nescio.

827 2775 910 2819 566

289 2866 371 2912 τὸν
403 2864 579 2922 Φρύγα,
611 2861 691 2906 τὸν
721 2854 966 2912 αὐλητῆρα,
997 2848 1075 2893 τὸν
1106 2846 1345 2902 Σαβάζιον.
