1872 3224
231 190 311 233 132
869 186 1135 220 ΚΡΑΤΗΤΟΣ

922 299 1091 334 ΗΡΩΕΣ

991 367 1017 410 8

429 446 511 492 οὐκ
543 447 686 505 ἀσκίῳ
714 444 900 503 μεντᾶρ’
935 445 1290 502 ἐμορμολύττετο

427 516 615 572 αὐτούς,
647 512 740 558 εἶτα
771 513 814 558 δ’
849 512 938 559 ἔστ’
973 513 1137 570 ἀληθῆ.

336 601 506 652 Hesyoh.
552 595 626 638 οὐκ
665 595 806 653 ἀσκίον
852 594 926 638 οὐκ
965 594 1092 652 ἀσκίῳ
1121 621 1176 628 -
1206 593 1358 649 ἀληθῆ.
1411 595 1476 636 ἐπὶ
1505 597 1587 638 τῶν
1614 593 1662 638 τὰ
1693 595 1792 639 κενὰ
1840 591 1842 593 ’

226 655 483 707 δεδοικότων,
515 653 599 696 ἐπεὶ
629 649 743 704 κενὸς
773 652 794 695 ὁ
815 652 950 703 ἀσκός.
982 656 1197 696 Proverbia
1228 655 1384 695 Bodlei.
1416 656 1498 695 715
1529 669 1570 706 p.
1602 656 1690 696 860
1718 651 1794 696 οὐκ

225 713 385 754 ἄσκιον·
426 713 577 765 εἴρηται
609 711 672 752 ἐπὶ
702 717 783 757 ταῖν
809 711 855 751 τὰ
890 711 985 752 κενὰ
1018 708 1265 752 δεδοικότων.
1304 710 1470 764 Κράτης
1496 709 1684 766 ”Ηρωσιν
1719 709 1794 754 οὐκ

225 769 348 825 ἀσκίῳ
378 768 416 824 γ’
450 767 742 823 ἐμορμολύττετ’
774 765 932 818 αὐτούς.
966 765 1265 822 ἐμορμολύττετο
1291 767 1297 823 Ι
1323 766 1472 818 αὐτούς
1503 769 1701 812 Fritzsch.
1732 770 1793 812 De
1851 774 1860 822 j-

226 883 296 935 ἀν,
329 885 365 925 εἰ
390 885 632 925 Fritzschius
663 898 752 924 cum
782 885 1056 937 interrogandi
1086 886 1201 935 signo
1231 886 1274 924 in
1303 885 1394 925 fine.
1445 886 1567 925 etiam
1596 885 1640 926 in
1669 886 1794 926 tetra-
1854 850 1872 936 ’ἒ

226 842 325 869 eom.
358 842 417 880 gr.
449 829 499 867 fr.
537 827 582 879 4]
624 823 916 880 ἕμορμολύττετ’
948 823 1110 875 αὐτούς.
1143 821 1225 866 εἶτα
1263 824 1325 880 δ’]
1367 825 1452 867 ἐπεὶ
1490 823 1579 867 τάδ’
1618 827 1793 869 Meinek.

226 944 374 982 mefiros
395 943 523 994 redigi
542 955 658 993 posse
680 938 753 981 οὐκ
773 965 827 970 -
849 937 1142 1011 ἐμορμολύττετ’
1175 938 1326 1007 ‹miz-6117,
1349 940 1399 982 ἐἶ’
1413 957 1456 995 γε
1483 943 1490 994 Ι
1515 935 1606 982 τάδ’
1636 943 1795 984 monuit

1862 939 1872 996 ἐ

226 1000 395 1039 Meinek.
417 1022 470 1027 —
497 1000 614 1039 Phot.
636 995 708 1038 οὐκ
738 995 884 1054 ἀσκίῳ·
916 998 1006 1039 αντὶ
1035 1005 1105 1039 τοῦ
1134 999 1255 1055 κενῷ·
1287 998 1443 1047 ασκίοις
1473 998 1550 1053 γὰρ
1580 996 1629 1040 τὰ
1649 999 1794 1052 παιδία
1864 1018 1872 1056 ,ᾗ

225 1055 498 1108 μορμύσσεται.
545 1057 592 1095 of.
631 1057 799 1108 Diogen.
840 1059 877 1106 2,
918 1059 983 1097 65.
1026 1071 1185 1108 semper
1223 1058 1350 1098 Attici
1389 1054 1793 1111 μορμολύττεσθαι.
1862 1085 1872 1099 .-

226 1114 430 1164 Aristoph.
473 1114 548 1154 Av.
591 1114 712 1153 1245.
749 1114 853 1154 Plat.
885 1113 1006 1167 Gorg.
1037 1116 1119 1155 473
1131 1115 1168 1155 d.
1211 1115 1312 1158 Orit.
1344 1116 1399 1156 46
1416 1128 1449 1155 c.
1489 1115 1648 1156 Ruhnk,
1687 1115 1791 1157 Tim.

229 1171 322 1212 182.
372 1173 546 1210 ceterum
583 1171 744 1211 Macarii
776 1173 822 1221 7,
856 1173 907 1212 68
948 1176 1042 1228 σκιᾷ
1069 1170 1416 1225 μορμολύττεσθαι
1444 1174 1682 1215 τετίοίῑειί-,οιιι
1717 1173 1794 1214 ali-

229 1239 347 1277 quam
378 1223 450 1279 (οὐ
480 1226 570 1280 γὰρ
600 1224 741 1283 σκιᾷ)
771 1229 931 1269 videtur
959 1231 1147 1270 indicare.

987 1341 1015 1384 9

429 1416 601 1461 οὐκοῦν
631 1420 788 1470 ἔτνους
816 1418 898 1478 χρὴ
932 1421 1072 1477 δεῦρο
1102 1420 1321 1479 τρύβλιον
1353 1422 1513 1480 φέρειν

427 1487 502 1529 καὶ
531 1490 609 1543 τῆς
639 1485 826 1544 ἀθάρης.

338 1569 507 1609 Bekker.
539 1570 687 1610 Aneed.
720 1572 814 1621 352,
848 1574 871 1611 2
903 1575 945 1612 et
976 1573 1118 1614 Suidas
1148 1570 1334 1627 ἀθάρην·
1366 1569 1440 1614 οὐκ
1470 1571 1637 1630 ἀθήραν
1665 1569 1792 1631 (ἀθα-

230 1621 304 1676 ρὴν
334 1624 582 1680 Bernhardy)
613 1625 685 1678 τὴν
715 1625 893 1680 ἐρεικτην
921 1632 1127 1671 καλοῦσιν.
1165 1631 1331 1684 Κράτης
1357 1631 1558 1685 ἽΙρωσιν.
1609 1631 1795 1687 τρύβλιον

230 1682 419 1734 Meinek]
452 1682 648 1736 τρυβλίον.
681 1685 893 1726 Herodian.
925 1687 945 1727 I
975 1689 1071 1738 357,
1106 1690 1157 1729 15
1187 1690 1328 1730 LentZ.

982 1799 1035 1842 10

427 1871 507 1915 τὸν
537 1872 688 1929 αὐχέν’
721 1875 771 1918 ἐκ
800 1879 882 1932 γῆς
911 1876 1075 1930 ἀνεκὰς
1106 1880 1169 1930 εἰς
1198 1879 1366 1931 αὐτούς
1393 1882 1591 1937 βλέπων.

337 1955 480 1996 Suidas
525 1953 671 2005 ἀνεκὰς
714 1961 845 2008 ψιλῶς
884 1958 927 1999 τὸ
964 1958 1052 2001 ὅίνω
1088 1960 1246 2016 λέγουσι
1286 1993 1294 2002 .
1319 1997 1329 2007 .
1352 1994 1361 2003 .
1384 1997 1392 2007 .
1422 1960 1588 2018 Κράτης
1621 1963 1792 2020 ἽΙρωσι.

229 2009 391 2063 Κράτης
421 2012 612 2066 Meinek]
644 2016 856 2064 Κρατῖνος.
886 2014 1063 2072 βλέπων]
1087 2017 1240 2072 τρέπων
1266 2022 1488 2061 Bernhard.
1519 2023 1694 2064 ‘swrswm
1712 2035 1791 2064 cer-

231 2070 349 2107 vicem
378 2082 430 2108 se.
462 2071 572 2110 tolle.
602 2073 723 2112 simili
753 2074 885 2124 ellipsi
915 2073 969 2127 μὴ
1000 2075 1137 2128 τριβὰς
1168 2075 1252 2118 ἔπ’.
1292 2079 1464 2119 Meinek.
1502 2082 1545 2119 at
1580 2080 1653 2120 tali
1681 2094 1792 2132 pra&

235 2127 345 2190 cepto
374 2127 624 2178 participium
645 2130 735 2169 addi
763 2144 844 2170 non
873 2133 1050 2173 memini.
1080 2134 1251 2176 fortasse
1281 2133 1353 2175 τὸν
1382 2130 1519 2188 αὐχέν’
1553 2134 1598 2176 ἐκ
1625 2141 1699 2190 γῆς
1717 2133 1792 2178 ἀν-

235 2193 348 2227 εκας·
379 2182 433 2229 εἰς
463 2180 608 2231 αὐτοὺς
627 2183 757 2237 βλέπε.
789 2189 856 2228 sed
879 2188 965 2229 fieri
985 2194 1120 2241 potest
1139 2193 1259 2232 etiam
1279 2195 1327 2233 ut
1345 2194 1595 2235 accusativus
1621 2195 1794 2246 pendeat

233 2250 280 2276 ex
308 2239 428 2278 verbo
458 2241 500 2279 in
529 2242 584 2283 eis
613 2255 712 2292 quae
741 2245 1030 2294 praecedebant
1059 2251 1128 2289 aut
1156 2250 1425 2300 sequebantur
1453 2251 1614 2292 omisso.
1644 2247 1792 2300 ἀνεκάς

234 2293 433 2335 Herodian
462 2296 483 2335 I
512 2298 606 2347 511,
641 2301 662 2338 7
693 2301 828 2343 Lentz.
859 2299 1008 2352 ἆ’νεκας
1037 2305 1278 2356 Apollonius
1307 2308 1477 2349 Bekker.
1508 2309 1661 2351 Anecd.
1692 2311 1791 2359 570,

227 2351 293 2389 25.
323 2351 421 2391 Lob.
453 2353 602 2406 Phryn.
635 2357 717 2398 270
746 2361 844 2400 extr.

982 2473 1032 2514 11

429 2539 615 2598 ἁλτῆρσι
646 2547 889 2591 θυλάκοισι
920 2554 1083 2606 χρῆσαι
1112 2551 1163 2595 τὸ
1193 2554 1399 2609 μέγεθος.

257 2639 262 2645 ·
341 2621 480 2662 Pollux
510 2627 546 2673 3,
581 2628 659 2667 155
689 2626 852 2682 Κράτης
882 2630 959 2684 ἔφη
990 2622 1248 2688 ἐν”Ηρωσιν.
1278 2637 1374 2677 Luc.
1405 2638 1556 2683 Anaeh.
1580 2641 1633 2680 27
1663 2635 1787 2693 ὑπερ·

232 2672 419 2716 άλλεσθαι
439 2678 589 2732 τάφρον
608 2683 644 2723 εἰ
662 2683 744 2724 δέοι
764 2715 773 2724 .
799 2716 808 2726 .
832 2716 862 2739 .,
892 2688 958 2729 καὶ
978 2688 1076 2744 πρὸς
1103 2692 1216 2732 τοῦτο
1245 2690 1467 2734 ἀσκοῦνται
1494 2692 1614 2747 ἡμῖν,
1645 2694 1701 2736 ἔτι
1719 2695 1788 2737 καὶ

226 2734 541 2804 μολυβὸίιξας
571 2745 924 2795 χειροπληθεῖς
956 2745 1000 2786 ἐν
1029 2751 1120 2788 ταῖν
1148 2753 1280 2803 χεροῖν
1307 2749 1476 2803 ἔχοντες.
1506 2767 1575 2793 eae
1594 2753 1786 2806 μολυβδί-

227 2787 293 2835 δες
323 2794 420 2830 sunt
448 2794 623 2846 αλτῆρες.
661 2799 819 2840 iubetur
855 2805 988 2844 nescio
1024 2807 1134 2856 quis,
1170 2808 1318 2847 ironice
1354 2809 1440 2849 sine
1476 2810 1622 2862 dubio,
1653 2812 1785 2863 globis

225 2845 419 2894 plumbeis
440 2850 499 2889 uti
516 2852 657 2903 tantis,
687 2858 734 2895 ut
754 2859 854 2898 sacci
874 2861 939 2900 vel
960 2862 1060 2901 culei
1082 2876 1167 2903 esse
1188 2865 1414 2905 videantur.
1444 2867 1495 2909 of.
1518 2867 1670 2908 Cratin.
1688 2869 1784 2908 234.
1852 2894 1857 2895 ν
