1872 3224
692 249 888 282 ΠΤΛΑΙΑ
938 249 1136 285 ΠΤΤΙΝΗ
1653 248 1706 292 67

118 351 169 391 cf.
199 351 302 395 Lob.
342 352 494 404 Phryn.
531 354 624 392 146.
659 353 782 404 Soph.
815 355 879 393 Ai.
915 355 997 394 802
1030 368 1070 404 p.
1103 355 1198 394 353.
1232 356 1265 394 si
1304 367 1352 394 ex
1390 356 1576 395 trimetro
1613 355 1710 395 haec

117 409 331 460 desumpta
361 412 468 459 sunt,
503 410 758 450 scribendum
789 412 868 451 erit
897 411 1089 464 γλῶτταν.

879 524 958 566 176

230 605 401 646 Photius
433 601 674 657 Ζωπύρου
705 604 949 645 τάλαντα·
983 608 1182 659 Κρατῖνος
1213 605 1257 646 ἐν
1279 607 1442 646 Πυλαία
1466 638 1473 646 .
1499 640 1508 648 .
1533 640 1541 648 .
1567 606 1610 648 ἐκ
1639 623 1709 661 με-

116 667 294 715 ταφορᾶς
325 677 403 702 ουν
432 657 518 703 εἶπε
549 663 770 703 τάλαντα
814 662 894 703 καὶ
934 662 1076 717 ζυγά,
1124 663 1245 704 οἱονεὶ
1291 663 1384 718 ἔργα
1430 664 1498 705 καὶ
1535 666 1709 718 πράξεις.

117 720 292 772 Hesych.
301 719 502 774 Ζωπύρου
518 719 702 761 τάλαντα.
727 723 921 788 Κρατῖνος
939 719 983 760 ἐν
996 722 1170 776 Πυλαία.
1189 724 1237 762 de
1257 724 1502 775 ZopyioPei
1505 738 1547 764 sa
1556 725 1709 764 Herod.

117 779 439 827 3,153.0uius
477 780 754 820 narrationem
795 780 839 819 in
877 780 1041 819 brevius
1087 781 1334 832 redegerunt
1387 782 1614 833 Hesychius
1668 786 1709 822 et

118 835 321 876 Zenobius
352 837 391 886 4,
417 838 454 886 9,
487 838 557 888 qui
588 839 768 877 extrema
797 838 921 878 verba
951 837 1086 877 Photii
1117 838 1241 878 addit.
1273 839 1356 879 vim
1378 840 1585 890 proverbii
1606 840 1707 879 bene

115 893 290 945 explicat
310 894 510 935 Macarius
541 895 649 946 apud
669 895 932 935 Leutschium
965 892 1029 934 ἐπὶ
1059 900 1142 934 τῶν
1172 894 1342 949 φορτικά
1365 910 1454 935 τινα
1485 894 1553 935 διὰ
1583 899 1709 936 πλοῦ-

117 964 186 990 τον
215 946 535 1003 ὑπομεινάντων.
585 952 867 1004 significantur
905 954 1033 1004 igitur
1071 954 1106 992 ci
1146 954 1216 1005 qui
1254 956 1302 993 ut
1339 954 1522 1006 Zopyrus
1563 955 1708 995 divites

116 1010 213 1049 sunt
241 1009 351 1054 facti.
385 1010 455 1050 sed
485 1023 574 1056 cum
607 1011 754 1050 damno
786 1010 966 1061 corporis
987 1011 1052 1050 vel
1073 1012 1333 1052 valetudinis.
1369 1015 1545 1052 ceterum
1575 1013 1628 1052 cf
1662 1010 1708 1051 τὰ

115 1063 297 1119 Κινύρου
328 1064 516 1119 τάλαντα,
549 1065 596 1106 τὰ
631 1066 839 1107 Ταντάλου
869 1062 1055 1118 ταλαντα,
1090 1067 1278 1121 Κροίσοιο
1309 1067 1484 1108 ταλαντα
1515 1067 1705 1123 (Theocr.

115 1125 154 1169 8,
188 1121 276 1179 53),
314 1122 362 1164 τὰ
401 1124 598 1177 Αἰσχίνου
636 1121 808 1165 ταλαντα
841 1125 1011 1178 (Haupt.
1043 1127 1128 1166 ind.
1169 1127 1305 1167 Berol.
1341 1128 1464 1168 1865.
1501 1130 1524 1167 6
1564 1142 1602 1178 p
1636 1126 1708 1179 11)

114 1182 242 1224 Arist.
274 1183 350 1225 Av.
381 1184 478 1224 823.

877 1274 956 1316 177

322 1326 434 1372 αὐτὸ
468 1327 606 1381 δείξει

231 1412 364 1452 Schol.
396 1413 578 1453 Platonis
610 1414 692 1452 393
724 1413 853 1456 Bekk.
893 1413 1086 1465 παροιμία
1130 1411 1194 1453 ἐπὶ
1232 1419 1313 1453 τῶν
1350 1410 1633 1454 ἀπιστούντων
1672 1430 1707 1454 τι

115 1467 169 1520 μὴ
200 1468 404 1521 γίνεσθαι.
435 1468 630 1522 μέμνηται
660 1467 698 1508 δ’
732 1467 858 1522 αὐτῆς
896 1472 1090 1523 Κρατῖνος
1122 1469 1166 1510 ἐν
1200 1471 1375 1527 Πυλαία.
1409 1474 1459 1512 cf.
1494 1473 1703 1513 Heindorf.

115 1527 219 1567 Plat.
251 1528 374 1579 Hipp.
406 1530 497 1568 mai.
531 1529 613 1568 288
635 1528 661 1567 b
693 1528 719 1580 ξ
755 1531 820 1569 18.

869 1642 949 1684 178

322 1698 563 1752 Γοργωπις

230 1780 456 1832 Hesychius
494 1783 690 1834 Κρατῖνος
728 1778 773 1820 ἕν
810 1780 986 1821 Πυλαία.
1034 1781 1180 1845 λίμνην
1218 1781 1346 1833 φασιν
1388 1777 1491 1822 εἶναι
1538 1782 1580 1822 ἐν
1628 1786 1706 1822 Κο-

115 1836 266 1892 ρίνθῳ,
311 1835 519 1890 εἰληφέναι
562 1835 607 1878 δὲ
651 1837 827 1891 τοῦνομα
866 1837 932 1878 διὰ
971 1837 1013 1878 τὸ
1054 1833 1210 1893 Γόργην
1249 1838 1436 1891 ἐμπεσεῖν
1477 1840 1532 1888 εἰς
1564 1836 1706 1893 αὐτήν.

114 1894 243 1947 Gorye
286 1898 372 1936 erat
419 1897 598 1949 Megarei
645 1897 748 1947 filia,
796 1897 980 1938 Corinthi
1026 1911 1138 1937 uxor.
1195 1898 1357 1950 Etym.
1399 1913 1452 1938 m
1492 1900 1595 1949 384,
1637 1900 1705 1938 38.

115 1953 260 1995 Aesch.
292 1954 371 2005 Ag.
405 1955 504 1994 302²
510 1985 518 1994 .
551 1955 675 1995 Mein.

877 2045 957 2087 179

322 2100 602 2156 κορωνιδεύς

231 2177 252 2221 ὁ
283 2188 353 2234 τῆς
383 2196 566 2235 κορωνης
597 2180 774 2232 νεοσσός.
837 2186 1032 2237 Κρατῖνος
1066 2183 1242 2225 Πυλαία.
1275 2186 1400 2225 Bekk.
1424 2186 1576 2227 Anecd.
1613 2187 1705 2235 105,

116 2240 184 2280 23.
217 2242 264 2280 ut
291 2239 495 2294 λαγιδεύς,
525 2237 707 2290 ἆετιδεύς
738 2243 817 2282 alia
845 2243 888 2282 id
917 2255 1057 2295 genus,

875 2354 958 2398 180

230 2437 431 2477 Maximus
468 2437 638 2489 Dionys.
674 2437 822 2489 Areop.
860 2438 989 2490 Epist.
1021 2440 1046 2478 8
1080 2437 1138 2490 (II
1181 2437 1283 2491 318)
1325 2435 1463 2490 ἔλεγον
1500 2436 1545 2477 δὲ
1583 2452 1705 2491 προ-

116 2491 405 2541 τελίζεσθαι
433 2492 502 2534 καὶ
531 2492 575 2533 τὸ
604 2498 876 2564 προμυεῖσθαι
905 2494 974 2536 καὶ
1004 2494 1125 2536 οιονεὶ
1153 2494 1506 2548 προκαθαίρεσθαι
1526 2496 1582 2543 εἰς
1606 2494 1704 2535 ἕτοι-

115 2549 266 2601 μασίαν
301 2551 554 2605 μυστηρίων,
592 2548 647 2600 ὦς
686 2554 883 2604 Κρατῖνος
922 2551 1076 2605 δηλαδὴ
1116 2555 1255 2604 (Mein.
1287 2551 1426 2607 δηλοῖ)
1467 2551 1511 2592 ἐν
1541 2553 1705 2592 Πυλαία

117 2606 299 2661 δράματι.
360 2610 460 2649 1111111
496 2623 570 2661 pro
609 2608 764 2663 δηλαδὴ
796 2612 1053 2652 scribendum
1085 2611 1244 2652 videtur
1275 2609 1493 2662 Δηλιασι
1522 2608 1589 2650 καὶ
1621 2614 1702 2650 κτλ.

814 2737 1009 2770 ΠΤΤΙΝΗ

231 2828 336 2867 Acta
365 2829 427 2867 est
456 2842 546 2868 cum
588 2829 775 2869 Nubibus
815 2830 1101 2880 Aristophanis
1142 2829 1349 2880 Dionysiis
1381 2829 1445 2869 Ol.
1477 2831 1551 2878 89,
1590 2832 1607 2868 1
1643 2844 1703 2868 ar-

118 2883 260 2923 chonte
289 2885 451 2924 Isarcho
480 2886 737 2937 primumque
775 2887 996 2937 praemium
1027 2887 1138 2925 tulit.
1197 2889 1291 2936 post
1320 2900 1406 2926 eam
1437 2887 1589 2926 nullam
1621 2901 1701 2926 am-

118 2941 224 2990 plius
262 2942 443 2981 fabulam
482 2942 673 2982 Cratinus
711 2944 872 2984 videtur
910 2944 1108 2983 docuisse.
1171 2943 1301 2982 Schol.
1341 2945 1467 2984 Arist.
1510 2945 1585 2994 Eq.
1619 2945 1703 2983 400

1379 3012 1426 3031 r*
