1872 3224
243 190 329 234 254
647 183 908 219 ΜΤΡΤΙΛΟΤ
934 181 1144 216 ΑΔΗΑΟΤ
1165 179 1433 215 ΔΡΑΜΑΤΟΣ

242 293 287 334 δὲ
316 290 466 344 ὠφελὲς
494 287 540 330 οὐ
561 287 780 341 κέκτηνται.
813 282 876 327 διό
893 300 960 338 μοι
981 285 1150 325 δοκοῦσι
1181 282 1249 323 καὶ
1278 283 1328 324 οἰ
1353 281 1409 323 τὰ
1439 278 1576 339 ἡρῷα
1593 280 1816 337 καριὸωμ

244 366 316 399 τες
348 345 493 403 σιγὴν
523 346 569 399 ἕχ
583 361 676 396 ειν,
707 342 761 393 ὦς
794 343 1001 395 Μυρτίλος
1034 341 1079 382 ἐν
1108 339 1360 381 Τιτανόπασί
1384 350 1524 393 φησιν.
1559 338 1818 387 Τίπανῌόσι

243 409 291 447 V.
325 407 371 462 τῇ
401 404 605 459 τανοποῖσῃ
626 404 717 444 Ald.
751 400 893 456 τιτάνῳ
922 396 1132 451 πασιφάης
1154 399 1202 440 G.
1234 400 1277 439 in
1298 400 1333 439 R
1363 399 1486 439 verba
1514 393 1571 446 ὥς
1603 397 1815 453 Μυρτίλος

243 468 322 504 κτλ.
356 465 510 504 omissa.
542 462 708 501 fortasse
739 462 857 511 poeta
886 459 1048 510 scripsit
1086 454 1222 511 ἡρῷα
1253 452 1473 508 παριών,
1513 454 1555 495 εἰ
1583 458 1820 510 φρονεῖς,

244 520 395 574 σιγὴν
426 518 517 571 ἔχε.
1017 570 1042 612 3

475 626 720 685 ὀοφλυκτὶς

353 713 396 754 τὸ
426 710 726 766 ἐπιγιγνόμενον
763 716 811 765 τῇ
848 708 999 764 γλώττῃ
1038 707 1214 749 ἕλκίδιον
1243 710 1421 748 καλεῖται
1460 706 1507 748 ἐν
1537 711 1618 759 τοῖς
1650 710 1817 753 Taww-
1857 720 1859 722 '

240 773 372 826 γίγασι
408 767 478 810 τοῦ
520 769 741 822 Μυρτίλου.
782 768 927 808 Pollux
960 769 1005 815 2,
1040 770 1155 808 110.·
1184 763 1422 817 ὀλοφλυκτίς
1462 764 1687 821 Porsenna]
1723 763 1821 808 ὅλον

241 828 405 881 φλυκτίς
436 829 483 868 A.
515 828 629 867 Phot.
661 822 876 876 ὁλοφυκτίς
910 825 1024 877 (sic)·
1063 821 1293 875 φλύκταινα
1324 821 1389 864 ἐπὶ
1419 823 1489 876 τῆς
1519 821 1708 878 γλώττης.
1730 821 1818 867 'at-

241 901 318 938 que
349 883 560 933 ὁλοφυκτίς
591 885 710 924 etiam
742 883 983 934 Hesychius.
1014 882 1099 923 sine
1130 883 1254 922 dubio
1286 882 1467 922 eiusdem
1497 881 1643 923 radicis
1672 883 1741 923 eet
1762 893 1809 923 ω
1863 890 1872 934 ἰ

244 943 489 995 φλύκταινα,
520 939 725 992 οἰνόφλυξ.
1866 979 1872 999 ξ

354 1001 419 1040 Ad
449 1000 604 1051 Myrtili
636 999 904 1048 Titanopancs
934 998 1133 1049 Bergkius
1171 998 1219 1037 R.
1252 1010 1285 1037 c.
1316 997 1405 1038 Att.
1437 998 1527 1038 359
1544 997 1684 1038 refert
1710 996 1816 1038 dte-

244 1073 333 1098 rum
364 1071 522 1099 versum
551 1056 600 1096 fr.
633 1055 891 1107 Eephantidis
923 1056 947 1093 2
979 1051 1216 1110 ᾐσχυνόμην
1244 1056 1326 1094 κτλ.
1869 1071 1872 1073 ·

774 1167 984 1202 ΑΔΗΑΟΤ
1010 1168 1278 1202 ΔΡΑΜΑΤΟΣ

1011 1246 1039 1288 4

626 1323 685 1378 ὥς
715 1324 739 1370 ὁ
769 1326 853 1383 μὲν
882 1325 1094 1383 κλέπτης,
1127 1322 1151 1368 ὁ
1183 1323 1229 1369 δ’
1261 1324 1434 1383 ἅρπαξ,

629 1394 652 1439 ὁ
683 1394 725 1438 δ’
758 1393 987 1452 ἀνάπηρος
1017 1393 1330 1452 πορνοβοσκὸς

629 1467 905 1520 καταφαγᾶς.

357 1548 602 1600 Phrynichus
634 1548 741 1599 Epit.
773 1549 856 1587 433
896 1561 1011 1587 usum
1043 1549 1151 1588 vocis
1187 1553 1426 1602 καταφαγοῖς
1463 1549 1682 1600 inprobatis
1713 1546 1814 1597 ἴσως

246 1602 286 1644 δ’
318 1602 371 1644 ‹322›
400 1604 545 1655 εἴποις,
579 1603 638 1643 ὅτι
667 1602 926 1656 ἠκολούθησα
959 1604 1157 1659 Μυρτίλῳ
1185 1602 1356 1658 λέγοντι·
1399 1603 1454 1654 ὡς
1481 1607 1565 1646 κτλ.
1615 1602 1704 1646 ἀλλ’
1741 1601 1818 1646 οὐκ

246 1661 362 1715 ἐχρῆν
392 1660 460 1709 τὰς
489 1660 595 1711 ἅπαξ
626 1661 829 1714 εἰρημένας
860 1660 981 1711 λέξεις
1012 1659 1219 1715 ἁρπάζειν.
1268 1663 1413 1704 Pollux
1445 1665 1483 1712 6,
1515 1665 1572 1704 40
1600 1661 1816 1716 παμπόνη-

245 1733 311 1771 ρος
341 1716 385 1758 δὲ
415 1715 435 1758 ὅ
465 1714 571 1772 παρὰ
601 1724 654 1774 τῷ
686 1718 879 1773 Μυρτίλῳ
916 1724 970 1774 τῷ
999 1725 1161 1775 κωμικῷ
1197 1725 1464 1774 καταφαγᾶ
1473 1735 1504 1769 ς.
1554 1721 1606 1765 cf.
1639 1720 1814 1764 Lobeek.

245 1778 340 1816 437.
380 1776 530 1816 Cratin.
572 1778 667 1816 451.
708 1778 912 1828 Aristoph.
945 1777 1021 1817 Av.
1066 1779 1162 1818 288.
1195 1779 1232 1818 9.
1271 1778 1490 1819 Herodian.
1521 1776 1542 1818 Ι
1580 1780 1654 1828 51,
1686 1779 1713 1820 8
1751 1775 1816 1818 ἐπὶ

243 1831 478 1930 ἱκαὲμμιὲκτος
509 1832 731 1885 τασσόμενα
762 1839 916 1887 φαγᾶς,
944 1835 1194 1887 καταφαγᾶς.
1247 1835 1298 1876 cf.
1329 1836 1371 1876 II
1401 1837 1498 1886 657,
1533 1835 1599 1876 13.
1645 1830 1722 1890 ὥς]
1756 1828 1817 1876 ὗν

278 1903 301 1930 0
331 1903 374 1930 GC
408 1923 415 1930 .

775 2028 1278 2079 ΑΛΚΙΜΕΝΗΣ

865 2130 1195 2167 ΚΟΛΤΜΒΩΣΑΙ

359 2176 527 2218 Meinek.
559 2177 578 2215 Ι
614 2178 704 2216 101.

793 2314 1267 2366 ΦΙΛΩΝΙΔΗΣ

360 2405 527 2445 Meinek.
560 2405 579 2444 I
613 2407 705 2446 103.
738 2408 832 2448 253.
865 2409 913 2447 cf.
946 2409 1087 2462 Progr.
1118 2422 1257 2462 gymn.
1289 2406 1540 2449 Gubenensis
1573 2406 1697 2448 1855.

938 2521 1115 2556 ΑΠΗΝΗ

360 2587 528 2627 Meinek.
559 2588 579 2627 I
611 2591 704 2631 103.
737 2590 892 2631 Hanov.
923 2591 1098 2632 Exercit.
1130 2593 1218 2633 crit.
1254 2593 1307 2632 14
1334 2588 1530 2645 Ἀπηνής,
1560 2591 1587 2632 ἰ.
1607 2602 1644 2630 e.
1665 2588 1811 2630 Timon

248 2642 388 2692 aliquis
418 2642 715 2698 μισάνθρωπος.
1124 2643 1128 2647 ’

902 2738 1159 2773 ΚΟΘΟΡΝΟΙ

363 2801 641 2844 Theramenem
671 2808 925 2854 potissimum
955 2809 1030 2848 hac
1066 2809 1203 2849 fabula
1231 2809 1461 2850 traductum
1488 2820 1576 2848 esse
1607 2805 1811 2846 Hemster-

250 2856 385 2897 husius
414 2860 610 2902 intellexit
639 2863 739 2904 Poll.
773 2866 839 2915 10,
873 2866 953 2905 115
985 2861 1045 2919 (ΙΙ
1078 2864 1220 2921 1293).
1251 2867 1304 2907 cf.
1332 2867 1384 2906 fr.
1415 2867 1455 2907 6.
1494 2877 1540 2906 ac
1569 2864 1656 2905 sine
1687 2861 1810 2903 dnbio
