1872 3224
183 173 268 214 372
838 166 1101 201 ΦΡΤΝΙΧΟΤ

184 270 550 345 κιωθαριστικόν.
584 267 818 324 Εὐφρόνιος
847 268 891 310 δὲ
912 268 983 310 τὸν
1004 268 1048 309 ἐν
1078 267 1177 325 με’σῃ
1208 274 1259 325 τῇ
1288 264 1442 336 κιθάρα
1471 269 1763 322 manamaur,

184 330 240 372 δι’
274 348 320 372 ου
352 330 376 384 ἡ
409 329 529 383 χορδὴ
560 329 782 382 διήρτηται.
812 327 1014 381 Φρύνιχος
1046 326 1193 383 Κόννῳ
1222 329 1304 367 κτλ.
1335 329 1392 368 sio
1419 310 1644 382 Gaisford]
1677 340 1762 367 κοι-

184 390 399 442 νοτίδητον
439 387 657 434 κοννωτίδς
704 402 724 426 τ
789 383 914 439 ἑνεργ“
961 386 1012 425 D.
1052 385 1364 425 κοννωτίδαιτον
1410 383 1573 438 ἐνεργὸν
1608 385 1655 426 Ρ.
1695 387 1767 426 aut

183 449 311 488 oratio
333 447 503 496 abrupta
518 447 588 485 aut
603 444 933 496 interrogationis
949 444 1111 495 signum
1125 446 1219 494 post
1235 439 1425 496 ἐνεργμόν
1438 443 1671 495 ponendum
1687 444 1762 485 est.

965 556 988 598 7

388 612 515 669 δεῦρ’
548 612 623 656 ἀεί

296 698 518 749 Hesychius
556 694 638 736 ἀεί·
679 694 770 736 ἀντὶ
800 701 872 735 τοῦ
903 694 994 744 ἕως.
1052 694 1253 748 Φρύνιχος
1270 694 1415 751 Κόννῳ
1445 694 1513 736 καὶ
1533 692 1763 749 Εὐριπίδης

183 755 347 810 Μηδείᾳ
366 755 521 809 (670)
525 753 647 802 ἅπαις
667 753 742 807 γὰρ
763 749 877 806 δεῦρ’
908 751 970 793 ἀεὶ
990 753 1130 801 τείνεις
1151 753 1276 806 βίονζ
1323 755 1474 805 ‘itaque
1495 755 1617 794 etiam
1637 753 1763 806 Phry

180 815 319 853 nichus
354 814 502 852 dixisse
533 814 693 853 videtur
723 808 861 864 δεῦρ’
894 808 1002 851 ἀεί’.
1034 812 1206 851 Meinek.

385 980 619 1038 οἷμοὶθητος
961 924 987 966 8

294 1062 385 1105 ἄντι
423 1071 494 1105 τοῦ
530 1062 709 1118 ἀμαθής.
770 1063 972 1129 Φρύνιχος
1011 1062 1170 1119 Κόννῳ.
1231 1065 1405 1104 Bekker.
1437 1064 1588 1106 Anocd.
1621 1062 1688 1115 79,
1721 1065 1762 1106 2.

181 1125 228 1166 cf.
259 1124 433 1164 Lobeck.
465 1124 614 1175 Phryn.
648 1124 744 1164 514.
776 1123 862 1162 cod.
895 1117 1031 1176 Κόνῳ,
1062 1126 1108 1162 ut
1132 1105 1283 1177 Κρόνῳ
1322 1136 1372 1162 an
1404 1120 1550 1177 Κόννῳ
1586 1122 1763 1165 scribon*

180 1182 276 1220 dum
308 1182 362 1221 sit
392 1182 568 1221 dubitari
598 1182 741 1232 possit.

875 1305 1075 1340 ΚΡΟΝΟΣ

293 1401 480 1440 Fortasse
512 1397 669 1447 Κόννος
700 1402 743 1439 et
773 1397 927 1452 Κρόνος
957 1412 1037 1438 una
1067 1399 1284 1449 eademque
1316 1399 1452 1438 fabula
1482 1398 1573 1438 fuit.

387 1600 507 1659 ἀνὴρ
538 1601 717 1658 χορεύει
747 1600 823 1644 καὶ
853 1599 907 1645 τὰ
937 1603 1021 1644 τοῦ
1050 1603 1168 1645 θεοῦ
1197 1601 1327 1644 καλοί.

385 1670 542 1726 βούλει
573 1673 800 1726 Διοπείθη
831 1666 1102 1727 μεταὸράμω
1133 1669 1209 1713 καὶ
1239 1669 1474 1726 τύμπανα;

295 1755 424 1795 Schol.
455 1755 662 1806 Aristoph.
686 1755 761 1795 Av.
794 1756 876 1795 988
907 1750 928 1793 6
960 1750 1005 1793 δὲ
1038 1753 1262 1806 Διοπείθης
1294 1759 1374 1793 νῦν
1401 1751 1477 1806 μὲν
1506 1750 1561 1802 ὥς
1592 1765 1758 1807 χρησμο-

180 1807 308 1864 λόγος,
340 1809 507 1864 ἑτέρωθι
537 1809 581 1851 δὲ
611 1808 666 1860 ὥς
697 1809 841 1859 κυλλὸς
871 1826 939 1851 και
969 1808 1194 1881 δωροδόκος
1227 1841 1236 1851 .
1259 1843 1270 1854 .
1295 1840 1306 1851 .
1337 1809 1576 1864 παράκειται
1617 1810 1662 1851 δὲ
1692 1810 1760 1853 καὶ

180 1867 227 1908 τὰ
258 1869 461 1921 Φρυνίχου
492 1868 722 1922 ἔμπροσθεν
752 1867 797 1908 ἐν
826 1868 990 1924 Κρόνῳ·
1021 1865 1128 1941 ἆνὴρ
1158 1871 1239 1908 κτλ.
1291 1868 1423 1909 Schol.
1445 1869 1569 1921 Vesp.
1593 1870 1676 1910 380
1704 1862 1761 1921 ἦν

180 1924 224 1965 δὲ
255 1923 275 1965 6
305 1926 528 1992 Διοπείθης
561 1926 706 1979 ῥήτωρ.
737 1925 886 1978 μήποτε
917 1924 962 1965 δὲ
992 1921 1111 1974 οὗτός
1144 1924 1251 1966 ἐστιν
1279 1922 1300 1965 6
1331 1924 1399 1966 καὶ
1428 1924 1535 1979 παρὰ
1555 1926 1757 1982 Φρυνίχῳ.

180 1985 236 2023 ‘in
266 1985 399 2035 priore
429 1998 549 2024 versu
579 1997 811 2035 expressum
835 1985 993 2024 videtur
1013 1985 1185 2024 latinum
1207 1985 1466 2036 proverbium
1486 1986 1604 2025 saltat
1626 1997 1758 2036 senex,

178 2042 291 2081 salva
320 2054 382 2081 res
411 2046 477 2090 est,
509 2042 616 2092 quod
647 2055 671 2080 a
701 2042 919 2081 domestico
949 2042 1124 2092 quodam
1156 2042 1262 2082 facto
1293 2043 1485 2093 repetunt
1504 2042 1651 2083 Festus
1672 2043 1756 2083 476

181 2100 221 2137 et
252 2098 363 2139 Serv.
397 2099 497 2139 Aen.
528 2101 566 2148 8,
603 2101 714 2139 110’.
745 2099 920 2138 Lobeck.
954 2099 1156 2150 Aglaoph.
1189 2101 1287 2151 981,
1309 2099 1492 2139 adferens
1523 2099 1645 2139 etiam
1675 2099 1757 2140 Me-

180 2156 300 2194 nand.
333 2157 478 2195 Athen.
513 2158 550 2205 6,
582 2157 698 2195 2433,
729 2152 794 2210 (5)
823 2154 870 2194 τὰ
902 2155 970 2207 τῆς
1001 2158 1106 2195 θεοῦ
1135 2154 1211 2209 γὰρ
1240 2161 1454 2208 πανταχῶς
1484 2154 1590 2208 ἔχειν
1617 2155 1759 2204 καλῶς.

181 2213 294 2251 addit
348 2212 569 2252 Meinekius
615 2213 823 2263 Aristoph.
862 2213 952 2252 Pac.
991 2214 1093 2261 868,
1140 2213 1340 2265 Bergkius
1385 2213 1432 2253 R.
1472 2227 1506 2254 o.
1543 2214 1633 2254 Att.
1677 2215 1759 2254 170

180 2270 321 2320 Eurip.
352 2270 440 2321 Iph.
474 2270 518 2310 T.
551 2272 650 2310 467.
684 2271 732 2309 de
769 2271 954 2320 Diopithe
998 2271 1050 2311 cf.
1081 2271 1271 2311 Teleclid.
1311 2273 1350 2311 6.
1390 2267 1412 2310 6
1450 2269 1549 2319 θεός
1587 2271 1757 2312 fortasse

182 2326 370 2367 Sabazius
402 2330 472 2367 est.

951 2394 1004 2436 10

386 2471 571 2530 ἄγαμαι,
602 2473 840 2517 Διονύσου
871 2473 1105 2530 στόματος,
1137 2472 1198 2525 ὥς
1227 2475 1484 2518 σεσέλλισαι

370 2542 663 2598 [κεκομμένα
693 2542 942 2599 πολλάκις]

294 2624 520 2675 Hesychius
558 2625 753 2665 σεελλίσαι
790 2625 992 2694 Φρύνιχος
1039 2625 1083 2666 ἐν
1128 2625 1269 2681 Κρόνῳ
1313 2629 1394 2666 κτλ.
1454 2625 1651 2679 Αἰσχίνης
1695 2640 1755 2674 τις

179 2676 331 2732 ὑπῆρχε
353 2679 503 2721 Σέλλου
533 2682 790 2734 καλούμενος,
820 2680 977 2731 ἀλαζὼν
1006 2683 1074 2724 καὶ
1104 2682 1148 2723 ἕν
1178 2683 1230 2738 τῷ
1260 2681 1516 2736 διαλέγεσθαι
1545 2682 1614 2723 καὶ
1633 2681 1678 2724 ἐν
1697 2687 1757 2738 τῷ

180 2741 490 2790 προσποιεῖσθαι
532 2742 735 2790 πλουτεῖν,
775 2739 994 2792 πενόμενος
1037 2738 1082 2780 δὲ
1125 2724 1223 2780 καθ’
1271 2737 1520 2794 υπερβολήν,
1558 2737 1615 2788 ὦς
1659 2739 1753 2788 τοὺς

179 2795 480 2847 παραπλησίους
512 2796 635 2851 τούτῳ
674 2797 920 2849 (Maussacus
959 2795 1084 2853 οὕτω)
1123 2799 1348 2837 καλεῖσθαι.
1413 2798 1582 2838 Photius
1618 2795 1752 2837 σεσέλ-

180 2853 287 2891 λισαι
318 2853 392 2903 (ita
420 2854 604 2903 Porson.,
635 2856 719 2895 cod.
749 2854 1018 2908 σεσάλλισαι)·
1046 2854 1178 2908 μάτην
1209 2853 1401 2907 ἕπῆρσαι·
1438 2848 1510 2901 ἀπ’
1553 2853 1752 2907 Αἰσχίνου

1846 322 1872 563 ἰ
