1872 3224
728 224 956 257 ΝΕΜΕΣΙΣ
980 222 1142 258 NOMOI
1671 224 1721 266 51

372 333 426 383 τῷ
457 324 502 367 δὲ
532 327 711 383 κοττάβῳ
743 326 971 379 προθέντας
1003 326 1047 368 ἐν
1076 327 1277 380 πατρίοισι
1307 327 1443 380 νόμοις

372 389 452 433 τοῖς
484 371 714 426 ἐπινέουσιν
745 380 1014 438 ὀξυβάφοισιν
1045 384 1253 439 ἐμβάλλειν
1284 382 1428 438 ποτόν,

371 449 424 498 τῷ
455 440 500 483 ὸὲ
530 442 695 496 βαλόντι
724 446 891 483 πλεῖστα
924 441 1056 496 ιέμειν
1085 445 1251 483 πλειστα
1282 449 1411 496 τιμῆς.

895 557 974 598 117

249 640 382 679 Schol.
407 640 613 692 Aristoph.
636 640 713 680 Av.
738 641 818 679 521
844 637 908 690 ἔζη
939 636 984 678 δὲ
1006 636 1267 693 (Λάμπων)
1301 637 1363 678 ἐπὶ
1394 644 1463 690 τῆς
1491 645 1573 679 των
1596 636 1725 693 Ὀρνί-

131 699 225 735 θων
254 695 536 748 διδασκαλίας,
567 693 641 748 οὐχ
672 694 727 744 ὥς
758 711 864 744 τινες
897 694 1120 748 ἐτεθνήκει.
1151 699 1283 752 πολλῷ
1312 695 1388 749 γὰρ
1418 695 1589 750 ’ὕστερον
1620 700 1726 751 Κρα-

132 757 241 802 τῖνος
273 751 317 793 ἐν
346 754 394 810 τῇ
426 752 599 806 Νεμέσει
629 748 738 794 οἶδεν
757 750 882 794 αὐτὸν
913 754 1053 802 ζῶντα.
1086 755 1134 794 de
1154 738 1336 805 tempore
1371 755 1532 795 fabulae
1554 756 1722 796 fallitur.

132 813 181 852 de
211 812 423 862 Lampone
453 813 504 852 of.
537 813 587 854 fr.
620 814 685 853 57.
718 815 758 852 8.

883 925 965 967 118

247 1007 384 1048 Schol.
423 1009 632 1059 Aristoph.
667 1009 742 1049 Av.
776 1010 858 1049 858
891 1012 933 1048 et
964 1008 1074 1048 Suid.
1109 1009 1307 1060 Χαῖρις·
1358 1005 1440 1047 ε’στι
1484 1006 1553 1047 καὶ
1594 1005 1724 1061 ε’τερος

130 1061 315 1119 (Χαῖρις)
348 1061 544 1118 αὐλητής,
577 1066 625 1105 οὐ
657 1061 901 1118 μνημονεύει
934 1067 1128 1119 Κρατῖνος
1160 1063 1204 1103 ἕν
1236 1063 1418 1118 Νεμέσει.
1460 1066 1508 1108 cf.
1539 1080 1641 1118 quae
1671 1068 1722 1106 ad

129 1123 256 1163 Arist.
293 1125 369 1164 Av.
403 1125 485 1164 858
518 1124 814 1164 adnotavimus.

884 1226 964 1267 119

243 1308 474 1348 Priscianus
515 1311 589 1358 17,
632 1311 712 1349 169
750 1307 942 1359 Κρατῖνος
973 1306 1017 1347 ἐν
1060 1305 1232 1359 Νεμέσει
1270 1312 1600 1348 ΜΕΘΊὋΤΕΡωΙ
1634 1313 1719 1345 EX·

129 1361 297 1404 PONoff.
327 1366 385 1404 ita
415 1365 471 1404 M.
503 1367 851 1405 ΜΕΘΤΟΤΕΡΟΟΤ
876 1369 1083 1403 ΧΡΟΝΟΤ
1110 1370 1154 1404 Ο.
1179 1368 1721 1406 ΜΕΤΙΕΤΕΡωῙΕΧΡωΝωΙ

128 1421 176 1461 R.
208 1419 443 1476 μεθυστέρῳ
478 1419 607 1477 χρόνῳ
642 1423 881 1463 Meinekius.
933 1426 1004 1463 aut
1033 1423 1108 1463 hoo
1145 1427 1215 1463 aut
1245 1420 1481 1477 μεθυστέρῳ
1513 1421 1558 1462 ἐν
1587 1421 1717 1477 χρόνῳ

129 1479 290 1520 videtur
321 1479 511 1523 Cratinus
542 1482 764 1532 scripsisse.

880 1593 963 1635 120

334 1647 558 1692 ἀποκινθν

240 1733 473 1773 Athenaeus
509 1734 573 1785 14,
605 1735 718 1773 6290
761 1726 835 1785 τὴν
873 1730 914 1772 δ’
955 1729 1206 1772 ἀπόκινον
1242 1731 1498 1785 καλουμένην
1536 1730 1717 1785 ὄρχησιν,

124 1783 174 1841 ἧς
203 1788 449 1842 μνημονεύει
487 1791 689 1841 Κρατῖνος
728 1789 773 1830 ἐν
803 1788 978 1842 Νεμέσει
1011 1823 1019 1831 .
1051 1821 1060 1830 .
1095 1821 1104 1830 .
1136 1788 1305 1842 ὕστερον
1341 1789 1592 1843 μακτρισμὸν
1622 1788 1710 1830 ε’κά-

125 1849 262 1887 λεσαν.
297 1849 347 1887 of.
379 1849 510 1888 A1ist.
544 1849 592 1887 fr.
626 1850 722 1889 275.
755 1849 832 1900 Eq.
866 1851 920 1890 20
950 1862 1039 1888 eum
1071 1850 1242 1899 interpr

840 1962 1004 1996 NOMOI

240 2031 305 2071 Ad
343 2033 547 2084 Areopagi
588 2034 873 2072 auctoritatem
914 2032 1113 2072 sublatam
1152 2033 1255 2071 hano
1291 2032 1472 2071 fabulam
1510 2034 1715 2083 pertinere

126 2091 263 2128 censet
292 2089 490 2141 Bergkius
521 2091 568 2129 R.
603 2103 634 2129 o.
667 2091 758 2130 Att.
794 2091 875 2130 134
886 2103 946 2140 sq.
985 2090 1105 2140 idque
1138 2090 1269 2140 egisse
1306 2092 1469 2140 poetam
1514 2094 1560 2130 ut
1595 2104 1715 2140 quam

124 2147 349 2196 perniciosa
386 2160 433 2186 ea
470 2148 714 2198 reipublicae
756 2148 1003 2187 conmutatio
1042 2148 1179 2186 futura
1224 2149 1332 2187 esset
1377 2147 1550 2188 doceret.
1595 2149 1716 2187 simul

124 2205 258 2243 autem
290 2204 571 2244 adumbratam
603 2205 727 2245 fuisse
757 2205 900 2245 beatae
930 2206 1038 2244 vitae
1068 2205 1309 2255 imaginem,
1341 2218 1462 2255 quam
1494 2205 1713 2244 Athenien-

124 2273 187 2301 ses
225 2274 386 2312 sperare
434 2265 621 2312 possent,
669 2264 703 2302 si
748 2263 798 2301 ad
838 2263 1053 2313 pristinam
1099 2275 1257 2301 morum
1296 2263 1597 2312 simplieitatem
1630 2262 1713 2301 red-

123 2319 277 2358 iissent.
299 2326 356 2358 'eo
386 2320 647 2369 potissimum
679 2322 861 2370 spectare
892 2320 1112 2359 arbitratur
1142 2321 1193 2358 fr.
1234 2321 1328 2358 121.
1363 2320 1458 2358 125.
1567 2319 1570 2322 ’

875 2431 953 2474 121

330 2491 435 2553 ὁὶδὲ
466 2509 585 2561 Ζεύς
616 2508 864 2568 ὀσταφίσιν
894 2509 996 2554 ὕσει
1027 2510 1154 2567 τάχα.

238 2593 408 2634 Photius
439 2590 663 2644 ὀσταφίδα·
698 2627 706 2635 .
739 2625 746 2633 .
786 2596 988 2645 Κρατῖνος
1019 2591 1189 2645 Νόμοις.
1230 2594 1343 2633 deest
1378 2594 1497 2633 initio
1539 2595 1712 2635 iambus.

122 2654 292 2746 prossunt
329 2653 466 2691 tamen
504 2654 627 2692 etiam
666 2665 713 2691 ex
744 2654 978 2692 tetrametro
1016 2651 1215 2692 trochaico
1262 2651 1474 2702 desumpta
1513 2665 1620 2705 esse,
1665 2654 1712 2691 ut

163 2709 303 2750 ..125

882 2763 964 2806 122

200 2839 315 2884 ἀλλὰ
345 2839 407 2896 μοὶ
438 2841 517 2885 Δί’
550 2841 637 2886 οὐκ
668 2839 754 2886 οἷδ’
791 2844 935 2899 ἔγωγε
964 2841 1193 2899 γράμματ’
1226 2839 1330 2885 οὐδ’
1365 2842 1635 2898 ἐπίσταμαι,

200 2907 303 2952 ἀλλ’
337 2907 426 2952 ἀπὸ
456 2912 660 2967 γλώττης
690 2912 858 2967 φράσω
889 2925 983 2954 σοι·
1017 2909 1290 2966 μνημονεύω
1322 2908 1410 2965 γὰρ
1442 2913 1603 2962 καλῶς.

1386 2979 1437 3013 4*
