1872 3224
179 171 265 214 456
762 165 1149 200 APIzTomNo‘rz

182 276 340 316 fabulae
371 275 567 314 erravisse
599 272 814 312 existimet.
846 272 893 313 cf.
924 271 1033 310 Ecel.
1066 271 1162 310 370.
1195 270 1273 310 Av.
1309 270 1431 312 1159.
1460 269 1598 321 potuit
1627 269 1763 310 tamen
1826 264 1830 271 ’

181 335 288 373 idem
319 345 456 373 versus
488 331 698 381 utriusque
728 329 888 368 fabulae
918 341 1016 368 esse.

930 439 1016 483 252

389 521 529 573 λύσας
560 525 669 572 ἴσως
698 519 758 564 ἂν
788 518 869 564 τὸν
900 517 1054 574 λαγών
1084 518 1418 575 ξυναρπάσειεν
1447 516 1590 577 ἡμῶν.

279 606 527 647 ‘Athenaeus
549 607 587 655 9,
609 605 727 645 400a
759 600 936 657 Τρύφων
965 601 1011 643 δέ
1040 614 1155 656 φησι,
1185 600 1255 643 τὸν
1281 600 1417 656 λαγὼν
1447 599 1510 643 ἐπ’
1542 602 1766 654 αἰτιατικῆς

184 664 228 705 ἐν
260 664 465 704 Δαναΐσιν
491 659 787 715 Ἀριστοφάνης
818 657 1019 711 ὀξυτόνως
1060 659 1127 701 καὶ
1163 659 1261 712 μετὰ
1301 665 1372 701 τοῦ
1403 676 1427 701 ν
1456 657 1579 715 λέγει·
1637 659 1768 711 λύσας
1848 647 1851 665 ³

183 725 262 762 κτλ.
294 718 414 774 ἡμῶν
442 720 533 774 VL]
565 716 684 772 ὑμῶν
712 720 834 760 BDP.
858 733 931 772 pro
961 717 1088 767 λύσας
1120 719 1342 760 Meinekius
1362 719 1482 759 Anal.
1503 719 1592 760 crit.
1615 717 1766 760 Athen.

186 782 266 820 173
286 777 430 828 ”Υλας,
461 779 570 819 canis
600 778 764 827 scil-icet,
797 778 997 830 Bergkius
1028 779 1217 825 Λυκετᾶς
1249 778 1351 818 conl.
1382 777 1485 817 Poll.
1508 777 1548 824 5,
1568 777 1638 816 47.
1669 775 1767 817 sori·-
1821 787 1825 791 ·

184 837 359 878 bendum
401 836 562 877 videtur
599 831 814 884 ἀνύσας,
853 835 964 887 ‘quo'd
999 848 1082 875 non
1120 836 1195 875 soli
1241 835 1482 886 imperativo
1519 833 1766 886 adiungitur.

185 895 449 992 {filltEquXL
487 893 597 933 Nub.
630 894 726 934 505.
760 895 797 936 6.
832 894 955 933 1253.
996 893 1089 951 Rae.
1122 893 1218 932 274.
1261 894 1299 935 5.
1333 894 1430 933 871.
1463 893 1502 932 2.
1541 891 1638 943 Lys.
1669 891 1767 932 438.

935 1038 1020 1082 253

187 1119 211 1165 ὁ
242 1121 375 1177 χορὸς
395 1119 440 1163 δ’
464 1117 638 1175 ὠρχεῖτ’
673 1118 731 1162 ἂν
754 1118 1039 1175 ἐναψάμενος
1060 1117 1254 1170 δάπιδας
1275 1101 1350 1162 {taz
1372 1117 1770 1176 στρωματόδεσμα,

186 1191 538 1246 διαμασχαλίσας
567 1186 711 1232 αὑτὸν
741 1189 945 1244 σχελίσιν
975 1186 1051 1231 καὶ
1082 1188 1282 1243 φύσκαις
1312 1187 1388 1231 καὶ
1419 1187 1684 1246 ῥαφανῖσιν.

304 1273 534 1314 Athenaeus
564 1273 605 1322 2,
636 1274 723 1313 5722
753 1271 929 1320 Καλλίας
968 1268 1008 1311 δ’
1050 1269 1115 1312 ἐπι
1151 1277 1222 1324 τῆς
1261 1270 1486 1324 ῥαφανῖδος
1525 1269 1660 1324 εἴρηκε
1697 1267 1774 1323 τὴν

189 1331 394 1385 ῥάφανον·
426 1328 516 1383 περὶ
546 1335 648 1383 γοὺν
679 1335 749 1382 τῆς
779 1325 1034 1382 ἀρχαιότητος
1077 1335 1147 1383 τῆς
1177 1328 1389 1385 κωμῳδίας
1428 1325 1586 1379 διεξιών
1622 1339 1771 1398 φησιν·

187 1387 319 1439 ἔτνος,
348 1389 451 1440 πῦρ,
479 1386 730 1441 γογγυλίδες,
766 1385 965 1440 ραφανοι,
988 1386 1226 1440 δρυπεπεῖς,
1255 1370 1452 1439 ἐλατῆρες.
1503 1384 1565 1426 ὅτι
1594 1381 1634 1426 δ’
1668 1382 1773 1426 οὕτω

188 1461 257 1494 τας
288 1445 519 1499 ῥαφανῖδας
550 1443 698 1497 εἴρηκε,
729 1444 855 1498 δῆλον
881 1441 1172 1498 Ἀριστοφάνης
1212 1448 1321 1485 ποιεῖ
1352 1443 1442 1497 περὶ
1479 1443 1548 1497 τῆς
1587 1441 1774 1496 τοιαύτης

187 1501 445 1572 ἀρχαιότητος
476 1499 521 1543 ἐν
554 1502 734 1542 Δαναΐσι
770 1500 940 1555 γράφων
976 1501 1044 1542 καὶ
1081 1499 1202 1551 αὐτὸς
1241 1500 1309 1542 καὶ
1349 1500 1476 1555 λέγων
1510 1503 1591 1544 κτλ.
1649 1497 1775 1542 αὑτὸν

188 1557 276 1616 VL]
309 1557 435 1600 αὐτὸν
466 1560 549 1601 CD.
581 1559 730 1612 σχελίσι
750 1557 799 1613 L]
834 1558 986 1600 σκελίσι
1006 1560 1056 1598 V.
1088 1574 1135 1601 ex
1166 1560 1350 1612 parabasi
1379 1560 1477 1600 haee
1506 1560 1634 1611 petita
1664 1559 1771 1600 sunt.

189 1620 369 1671 loquitur
397 1620 516 1670 poeta
545 1618 593 1658 de
623 1619 736 1658 tenui
767 1618 921 1670 vilique
951 1618 1254 1684 antiquissimae
1285 1618 1514 1658 comoediae
1545 1617 1668 1660 cultu.
1713 1617 1775 1658 in-

190 1677 368 1717 duebant
397 1676 610 1716 choreutae
638 1675 849 1727 quidquid
856 1669 1106 1716 invenissent
1127 1673 1197 1728 (ef.
1219 1675 1406 1717 Phereer.
1433 1674 1545 1727 185),
1567 1676 1609 1715 et
1636 1674 1777 1716 tenuia

190 1747 357 1774 munera
385 1746 487 1784 quae
518 1746 541 1772 a
571 1733 741 1785 ehorego
773 1734 1030 1784 accepissent,
1061 1746 1108 1773 ea
1137 1746 1187 1773 ne
1218 1733 1295 1773 sibi
1336 1733 1610 1773 adimerentur
1639 1744 1775 1773 seeum

191 1791 407 1843 portabant
436 1791 559 1831 etiam
590 1791 798 1831 saltantes.
859 1791 916 1831 sie
947 1791 1033 1830 fere
1065 1790 1310 1830 Fritzschius
1341 1790 1585 1841 Thesmoph.
1606 1803 1646 1841 p.
1669 1790 1774 1830 239:

191 1852 238 1888 ut
267 1862 350 1889 non
381 1861 481 1899 opus
512 1849 567 1887 sit
594 1848 779 1888 lacunam
813 1849 1008 1897 statuere,
1050 1848 1158 1899 quod
1189 1848 1287 1888 feeit
1315 1847 1516 1899 Bergkius
1547 1844 1608 1900 (v.
1634 1847 1659 1885 2
1681 1848 1778 1898 post

191 1902 350 1958 αὐτόν).
393 1907 570 1946 ceterum
599 1906 674 1946 hoe
703 1906 971 1957 fragmentum
994 1906 1196 1946 artissime
1217 1905 1544 1957 coniungendum
1564 1917 1655 1944 eum
1677 1904 1774 1944 254.

946 2017 1031 2060 254

399 2094 543 2147 οὕτως
573 2094 728 2147 αὐτοῖς
757 2094 1084 2152 ἀταλαιπώρως
1114 2094 1140 2153 ἡ
1171 2098 1351 2153 ποίησις
1380 2096 1588 2140 διέκειτο.

307 2180 475 2220 Bekker.
507 2179 662 2220 Anecd.
702 2181 807 2229 457,
840 2181 908 2220 29.
947 2180 1084 2232 Etym.
1124 2194 1178 2220 m.
1215 2182 1314 2230 162,
1346 2181 1415 2221 40.
1454 2179 1560 2220 Gud.
1593 2181 1668 2230 88,
1707 2181 1776 2220 31.

195 2239 340 2279 Suidas
385 2233 681 2289 ἀταλαίπωρον·
725 2233 1034 2304 αταλαιπιόρωςἒ
1080 2236 1299 2292 ῥᾳθύμως,
1336 2233 1551 2290 ὀλιγώρως.
1607 2232 1778 2290 Ἀριστο·

195 2310 330 2347 φανης
370 2294 575 2334 Δαναΐσιν
612 2296 694 2334 κτλ.
745 2291 926 2348 διέκειτο]
967 2291 1162 2334 διακειται
1198 2295 1300 2335 falso
1339 2295 1476 2346 Etym.
1514 2307 1567 2334 ιιι.
1598 2296 1640 2334 et
1669 2293 1774 2335 Gud.

197 2353 373 2405 Hesych.
402 2348 709 2404 ἀταλαιπώρως·
740 2349 842 2391 ἄνευ
862 2350 1013 2403 κόπου,
1043 2347 1310 2400 ἆκοπιαστως.
1343 2352 1468 2392 Thue.
1493 2354 1530 2402 1,
1553 2353 1608 2392 20
1637 2351 1778 2392 attulit

198 2411 439 2452 Dindorfius.
470 2405 660 2457 αὐτοῖς,
693 2410 721 2452 ι.
743 2423 776 2450 e.
799 2410 1102 2460 antiquissimae
1132 2410 1358 2450 comoediae
1388 2410 1533 2460 poetis,
1565 2409 1635 2461 qui
1655 2409 1698 2449 in
1716 2409 1776 2449 ιιι-

198 2468 395 2509 veniendo
424 2470 466 2508 et
495 2467 704 2507 tractando
734 2469 971 2518 argumento
1000 2467 1112 2507 nulla
1141 2469 1227 2507 arte
1257 2467 1488 2507 utebantur.

946 2578 1031 2622 255

200 2656 312 2713 πρὸς
341 2656 423 2700 τὸν
453 2658 653 2714 στροφέα
683 2661 762 2715 τῆς
791 2655 977 2708 αὐλείας
1014 2659 1175 2713 σχίνου
1221 2654 1428 2712 κεφαλὴν
1468 2655 1776 2713 κατορύττειν.

318 2741 460 2781 Suidas
490 2739 670 2789 αύλειος·
702 2738 727 2794 ἡ
758 2737 839 2781 ἀπὸ
868 2745 940 2793 τῆς
969 2736 1070 2780 ὁδοῦ
1098 2754 1234 2793 πρωτη
1263 2737 1376 2793 θύρα
1413 2743 1483 2791 τῆς
1521 2738 1704 2787 οἰκίας.

196 2790 508 2851 Ἀριστοφανης
529 2799 707 2838 Δαναΐσι
742 2801 823 2838 κτλ.
884 2796 1024 2850 σχίνου
1060 2798 1230 2837 Meinek.
1273 2798 1435 2846 Quaest.
1474 2797 1682 2837 Menandr.
1721 2798 1775 2837 37

201 2855 311 2908 adn.]
358 2853 504 2907 ἐχίνου.
571 2854 752 2908 κεφαλὴν
795 2853 1006 2908 Kusterus]
1061 2856 1251 2907 κεφαλῆς.
1312 2857 1517 2906 praeterea
1558 2867 1632 2906 pro
1674 2851 1776 2906 πρός
