1872 3224
176 173 259 216 433
759 167 1152 204 ΑΡΙΣΤΟΦΑΝΟΤΣ

923 326 1003 370 196

380 410 645 465 δορυφόνον

292 487 361 533 τὸν
391 491 702 544 δολοφονοῦντα.
750 483 1038 542 Ἀριστοφάνης
1081 486 1284 544 Δαιδάλῳ.
1345 490 1520 542 Hesych.
1560 491 1609 531 cf.
1641 489 1755 531 Telo*-

175 553 266 593 clid.
301 553 367 590 29.

933 660 1012 702 197

380 742 585 796 κακκάβη
664 758 667 759 ’

288 824 750 889 P·h1yni0h.1‹]01.427
793 821 1023 886 κάκκαβον·
1067 820 1135 862 διὰ
1176 828 1248 863 τοῦ
1286 826 1313 874 ἥ
1348 819 1615 890 κακκαβην
1656 819 1756 876 λέγε.
1855 850 1872 891 ,Ξ

176 881 218 921 τὸ
251 876 326 934 γὰρ
357 879 425 920 διὰ
457 887 526 922 τοῦ
555 884 578 920 ὅ
607 878 785 933 ἀμαθές·
818 879 885 921 καὶ
914 874 992 933 γὰρ
1019 877 1313 934 Ἀριστοφάνης
1334 879 1379 920 ἕν
1400 875 1590 936 Δαιδάλῳ
1618 885 1759 934 χρῆται
1860 901 1872 931 2

175 933 238 978 διὰ
260 939 329 978 τοῦ
350 939 763 990 7'1.cf.Lobeck.--
786 939 836 979 ad
859 938 1116 979 Daetalenses
1138 935 1210 992 (fr.
1235 936 1336 991 215)
1358 939 1482 979 refert
1503 937 1754 979 Dindorfius.
1857 931 1872 958 ‘³

841 1096 1096 1131 ΔΑΙΤΔΛΗΣ

292 1217 513 1266 Δαιταλῆς,
558 1215 726 1266 antiquo
758 1213 920 1253 nomine
952 1214 1073 1253 etiam
1103 1210 1330 1266 παράσιτοι,
1371 1215 1467 1254 sunt
1497 1214 1604 1255 cives
1634 1212 1758 1254 Athe-

175 1274 352 1324 nienses,
400 1273 469 1322 qui
516 1273 689 1312 duodeni
733 1272 775 1311 in
824 1272 996 1323 singulis
1042 1271 1158 1323 pagis
1196 1272 1246 1311 ad
1285 1284 1371 1311 rem
1415 1284 1570 1311 sacram
1614 1270 1759 1311 facien-

177 1331 268 1370 dam
299 1330 500 1369 archontis
531 1330 599 1380 qui
627 1327 820 1381 βασιλεύς
852 1329 1059 1368 dicebatur
1088 1341 1210 1380 opera
1240 1330 1422 1374 accurate
1453 1329 1569 1368 electi
1598 1329 1639 1368 in
1659 1328 1759 1368 Her-

178 1388 279 1427 culis
311 1388 403 1426 fano
435 1387 555 1427 certis
586 1387 727 1427 diebus
766 1399 845 1425 una
885 1386 1164 1436 epulabantur.
1205 1386 1358 1426 Athen.
1391 1388 1429 1435 6,
1461 1387 1543 1426 235
1574 1399 1632 1426 ac.
1664 1385 1758 1426 Dio-

176 1446 261 1485 dor.
296 1457 395 1484 com.
428 1446 475 1482 fr.
509 1445 547 1493 2,
580 1445 763 1484 23—30.
786 1443 928 1483 Suidas
950 1442 1168 1490 δαιταλεῖς·
1199 1439 1436 1494 δαιτυμόνες
1465 1440 1535 1482 καὶ
1554 1441 1757 1482 θιασῶται

177 1500 245 1541 καὶ
274 1499 474 1552 συμπόται
504 1499 572 1540 καὶ
601 1494 686 1539 οἷον
718 1499 1009 1548 συνδαιταλεΐς.
1041 1497 1168 1548 οὕτως
1192 1495 1502 1553 Ἀριστοφάνης.
1548 1497 1670 1554 (quae
1697 1513 1759 1541 se-

179 1561 360 1610 quuntur
389 1559 512 1598 verba
556 1558 845 1610 Theophylacti
891 1558 1132 1598 Simocattae
1169 1558 1276 1598 Hist.
1309 1560 1355 1608 5,
1388 1558 1413 1597 5
1450 1570 1538 1598 esse
1571 1556 1757 1626 'roupius

177 1613 367 1686 monuit.)
397 1616 531 1667 Etym.
563 1629 615 1654 m.
648 1617 744 1665 251,
777 1616 843 1656 40.
876 1615 1016 1682 Z'onar.
1047 1616 1143 1664 464,
1176 1616 1201 1655 5
1232 1612 1463 1662 δαιταλεύς·
1495 1611 1516 1654 ὁ
1537 1608 1760 1667 εὐωχητής,

176 1670 252 1723 ἀφ’
284 1666 335 1712 οὗ
364 1672 495 1725 δρᾶμα
529 1668 844 1723 Ἀριστοφάνους
883 1668 1114 1724 ωνόμασται
1153 1673 1376 1720 Δαιταλεῖς.
1427 1671 1563 1715 Orion.
1594 1673 1672 1725 49,
1705 1673 1760 1713 10

182 1732 407 1782 Δαιταλεῖς,
439 1729 572 1799 δρᾶμα
607 1727 942 1800 Ἀριστοφανους·
981 1726 1118 1782 ἐπειδὴ
1167 1727 1212 1769 ἐν
1257 1729 1346 1784 ἱερῷ
1387 1725 1631 1782 Ἡρακλέους
1677 1727 1759 1769 δει-

176 1786 373 1835 πνοῦντες
412 1784 480 1826 καὶ
509 1783 754 1835 ἀναστάντες
785 1785 893 1839 χοροὶ
923 1783 1104 1839 ἐγένοντο
1135 1770 1336 1839 (extiema
1372 1787 1542 1827 obscura
1583 1788 1680 1827 sunt
1716 1787 1758 1827 et

177 1842 396 1898 ambigua).
428 1845 572 1884 Pollux
606 1847 730 1894 6,12
768 1844 809 1884 οἷ
842 1841 887 1884 δὲ
924 1841 1218 1896 συγκληθέντες
1260 1841 1499 1895 δαιτυμόνες
1542 1843 1755 1894 δαιταλεῖς.

180 1903 229 1941 ad
259 1915 344 1941 eam
384 1915 522 1942 cenam
564 1902 667 1942 filios
707 1915 865 1953 quoque
895 1902 1091 1942 adducere
1120 1901 1283 1942 licuisse
1313 1901 1429 1942 testis
1460 1903 1523 1941 est
1550 1901 1688 1942 Isacus
1718 1903 1758 1951 9,

180 1962 235 1999 30
255 1958 312 2006 εἰς
335 1957 473 1998 τοίνυν
493 1972 539 1997 τα
571 1956 655 2011 ἷερα
687 1955 708 1998 ὁ
737 1956 867 2011 πατὴρ
898 1955 919 1998 ὁ
952 1956 1047 2010 ἐμὸς
1069 1955 1140 1998 τόν
1157 1954 1396 2010 Ἀστύφιλον
1416 1957 1543 1998 παῖδα
1563 1952 1636 2011 ἦγε
1656 1953 1754 2009 μεθ’

181 2013 328 2054 ἑαυτοῦ
358 2046 367 2054 .
393 2046 401 2054 .
426 2046 435 2054 .
467 2013 535 2054 καὶ
565 2015 619 2062 εἰς
650 2014 741 2063 τοὺς
772 2013 944 2063 θιασους
975 2014 1069 2064 τοὺς
1086 2010 1331 2068 Ἡρακλέους
1353 2013 1509 2055 ἐκεῖνον
1528 2013 1754 2068 εἰσήγαγεν,

181 2071 249 2110 ἴνα
294 2069 447 2123 μετέχοι
486 2077 556 2123 τῆς
595 2072 822 2119 κοινωνίας.
882 2074 940 2113 sic
977 2074 1102 2125 igitur
1140 2073 1432 2124 Aristophanes
1474 2075 1632 2124 patrem
1661 2073 1759 2113 fecit
1800 2111 1802 2114 ,

186 2133 391 2180 tamquam
436 2143 483 2168 ex
520 2143 622 2180 pago
652 2131 825 2179 quodam
854 2131 1156 2171 Dactalensium
1201 2131 1418 2170 oriundum
1465 2129 1626 2184 (Galen.
1656 2130 1757 2170 Lex.

181 2187 371 2237 Hippocr.
405 2187 439 2224 V
474 2188 554 2226 706
585 2186 676 2226 Bas.
710 2183 731 2224 ὁ
770 2184 814 2225 ἐκ
853 2192 924 2226 τοῦ
961 2186 1092 2239 δήμου
1131 2192 1212 2227 των
1251 2184 1483 2227 Δαιταλέων
1519 2180 1758 2239 πρεσβύτης,

181 2244 231 2285 cf.
264 2242 463 2294 Κεραμῆς,
497 2244 716 2294 Κηφισιῆς,
748 2242 992 2297 Λαμπτρῆς)
1022 2258 1112 2284 cum
1147 2245 1305 2286 duobus
1343 2245 1461 2298 filiis,
1501 2257 1673 2295 quorum
1703 2244 1758 2284 al·

182 2304 311 2340 terum
341 2301 507 2351 antiquo
537 2313 648 2340 more
677 2301 912 2351 simpliciter
941 2301 1201 2352 educaverat,
1242 2302 1415 2342 alterum
1442 2302 1485 2342 in
1515 2302 1654 2342 urbem
1684 2302 1755 2342 mi·
1783 2352 1785 2354 q

183 2360 290 2397 serat
319 2358 489 2398 noviciis
519 2357 601 2397 illis
631 2358 869 2409 sophisticae
905 2358 1140 2409 disciplinae
1177 2360 1334 2399 artibus
1369 2358 1684 2406 instituendum,
1714 2358 1758 2398 in

183 2415 278 2454 fano
319 2414 505 2454 Herculis
551 2427 642 2454 cum
686 2415 829 2455 ceteris
859 2415 1114 2465 Epulonibus
1153 2418 1375 2456 cenantem.
1434 2428 1515 2466 qua
1551 2415 1757 2456 occasione
1819 2418 1830 2425 “’

184 2471 320 2510 oblata
350 2472 434 2510 rixa
464 2485 508 2510 01
511 2474 552 2510 ta
581 2474 643 2512 est
672 2472 778 2512 inter
806 2472 932 2511 filium
963 2473 1135 2523 probum
1165 2475 1207 2513 et
1235 2473 1482 2524 inpudicum,
1517 2472 1661 2512 deinde
1693 2485 1756 2512 ex-

184 2528 404 2623 postulatio
435 2529 508 2567 filii
538 2529 699 2579 inprobi
721 2542 809 2569 cum
840 2531 1017 2582 patre‚s
1000 2529 1206 2570 simillima
1226 2530 1323 2578 eius,
1345 2543 1465 2580 quam
1495 2530 1538 2568 in
1566 2527 1757 2589 Nubibus

213 2597 280 2623 nxl
330 2588 460 2634 poeta.

300 2678 387 2714 acta
424 2678 485 2714 est
524 2677 678 2725 fabula,
709 2678 839 2728 prima
878 2678 1054 2717 omnium
1090 2677 1392 2727 Aristophanis,
1432 2677 1622 2716 archonte
1660 2676 1756 2716 Dio-

187 2733 286 2771 timo
318 2730 380 2771 01.
414 2733 482 2780 88,
518 2735 552 2781 1,
579 2733 744 2774 Lenaeis
776 2736 821 2773 ut
850 2734 1022 2776 videtur.
1055 2735 1260 2785 Anonym.
1289 2733 1350 2772 De
1381 2746 1482 2774 com.
1511 2747 1550 2784 p.
1582 2733 1656 2772 XV
1688 2723 1754 2773 50.

185 2788 428 2884 ligegeliniumz
444 2790 540 2884 milit
585 2791 816 2831 secundum.
864 2790 996 2831 Schol.
1033 2791 1140 2830 Nub.
1180 2791 1274 2833 529.
1322 2790 1372 2831 cf.
1410 2790 1550 2842 Progr.
1599 2790 1753 2831 Guben.

273 2860 296 2884 ο
328 2859 367 2895 p.
405 2849 442 2883 ⁶.
534 2876 541 2883 .
1716 2867 1719 2882 ;
