1872 3224
771 198 1050 234 APXIAOXOI
1657 197 1709 238 1⁴5

896 302 949 344 10

419 371 719 429 Ἐρασμονίδη
751 369 969 414 Βάθιππε
998 386 1092 413 των
1122 368 1401 426 ἀωρολείων.

232 457 494 526 Hephaestio
523 457 594 506 15,
635 457 661 496 8
701 457 901 507 Κρατῖνος
938 450 983 493 δὲ
1023 451 1067 493 ἐν
1103 457 1185 500 τοῖς
1217 450 1460 523 Ἀρχιλόχοις
1501 457 1618 492 τοῦτο
1667 449 1711 491 τὸ

115 512 260 569 μέτρον
287 511 439 568 ἀγνοεῖ,
471 511 533 552 ότι
562 509 636 552 οὐκ
668 510 862 576 ἄντικρυς
902 515 1077 563 μιμεῖται
1112 511 1182 550 τοῦ
1217 507 1446 563 Ἀρχιλόχου
1486 503 1556 550 τὸν
1592 499 1710 564 Ἐρα-

117 572 303 625 σμονίδη,
334 574 361 615 i.
395 586 431 612 e.
463 585 625 612 versum
656 571 726 622 qui
758 573 818 610 est
850 563 1119 622 Ερασμονίδη
1160 568 1360 621 Χαρίλαε,
1391 567 1524 621 χρῆμα
1557 581 1614 607 τοι
1645 583 1709 621 γε·

115 633 238 671 λοῖον.
286 627 571 682 Ἐρασμονίδη]
610 626 906 681 Ἐρασμονίδην
949 627 1066 666 ΡΕο.
1128 626 1316 666 Cratinus
1363 628 1491 678 igitur
1537 629 1711 665 metrum

114 690 174 729 ita
194 689 424 738 inmutavit,
455 690 502 727 ut
522 700 593 738 pro
624 687 752 726 altero
782 686 941 736 dactylo
963 687 1132 736 poneret
1152 685 1396 724 trochaeum.
1439 685 1488 723 de
1509 683 1711 734 Bathippo

30 782 42 798 ,
115 747 219 787 nihil
247 750 455 798 praeterea
485 747 639 784 notum.
701 744 735 783 is
763 739 1055 796 Ἐρασμονίδης
1095 755 1177 782 11011
1214 745 1433 793 propterea
1472 742 1710 792 adpellatur,

116 805 227 856 quod
247 806 363 855 patre
383 804 506 843 fuerit
526 803 761 850 Erasmone,
793 801 864 841 sed
891 802 939 839 ut
965 801 1187 839 inrideatur
1216 802 1264 838 ut
1284 801 1515 839 venustulus
1537 798 1710 852 (Mein.).

116 863 217 902 talia
246 863 367 911 enim,
400 861 530 912 specie
560 859 858 911 patronymica,
892 859 1126 909 saepissime
1155 858 1386 897 inserviunt
1423 858 1622 899 inrisioni.
1656 858 1706 897 cf.

116 920 244 960 Arist.
274 920 374 959 Ach.
402 919 505 958 595.
539 919 578 957 6.
612 919 708 964 603,
743 916 976 956 Archilochi
1007 917 1072 956 vel
1110 916 1378 966 Hipponactis
1418 914 1710 968 συκοτραγίδης

117 972 599 1029 (Eustath.1828,11)‚
638 975 778 1014 Alcaei
808 972 1103 1025 ζοφοδορπίδας
1133 970 1271 1027 (Diog.
1303 973 1352 1012 L.
1387 976 1421 1021 1,
1455 970 1551 1026 81),
1584 974 1712 1012 multa

0 1033 42 1085 [⁴⁴
119 1036 198 1075 alia
227 1035 336 1086 apud
365 1032 1096 1084 11000011.80911.Α1.880,(111111113
1128 1031 1354 1070 Meinekius
1385 1030 1544 1070 addidit
1575 1031 1708 1070 Plauti

119 1090 428 1144 Βομβομαχίδην
458 1088 1036 1142 Κλυτομηστωριδυσαρχίδην,
1064 1089 1156 1128 addi
1185 1091 1358 1139 possunt
1378 1088 1556 1128 eiusdem
1577 1089 1713 1127 Plauti

119 1149 435 1219 Μισαργυρίδης
452 1147 700 1203 (Mostell.3,
721 1151 739 1186 1
749 1147 852 1199 ,41)
870 1150 911 1187 et
927 1146 1284 1198 Pultiphagonides
1303 1145 1489 1197 (Poenul.
1507 1147 1611 1196 prol.
1625 1143 1712 1198 54).

119 1230 170 1237 -
203 1213 285 1247 τῶν
314 1204 552 1260 ἆωρολείων,
585 1207 632 1245 ut
663 1206 790 1245 Thuc.
816 1208 855 1256 6,
878 1207 915 1254 3,
940 1206 963 1243 2
991 1200 1150 1258 Ἀρχίας
1181 1207 1263 1242 τῶν
1288 1200 1600 1269 Ἡρακλειδῶν.
1594 1204 1711 1243 ·.Χο11

117 1266 370 1315 Ηο11.1,6,
407 1267 457 1305 16
495 1269 578 1303 τῶν
618 1260 716 1302 δέκα
753 1266 987 1316 στρατηγῶν
1027 1259 1149 1301 Λέων
1186 1259 1254 1300 καὶ
1288 1255 1554 1314 Ἐρασινίδης.
1585 1262 1713 1301 Bekk.

118 1324 400 1374 Α1100(1.476,
436 1324 487 1362 19
519 1317 749 1374 ἆωρόλειος·
783 1318 804 1359 ὁ
835 1318 944 1373 παρὰ
977 1318 1051 1372 τὴν
1082 1317 1192 1372 ω’ραν
1220 1317 1287 1358 καὶ
1319 1317 1394 1369 τὴν
1413 1316 1575 1371 ἡλικίαν
1596 1322 1714 1358 λειαι-

119 1376 301 1432 νόμενος.
343 1381 476 1420 Schol.
517 1380 738 1430 Hephaest.
778 1375 986 1430 ἆωρόλειοι
1022 1377 1063 1416 οἵ
1097 1375 1170 1426 ἔξω
1207 1374 1290 1429 ἤδη
1330 1374 1438 1430 ὥρας
1477 1375 1714 1429 λειούμενοι,

120 1435 230 1478 τοῦτ’
263 1436 384 1489 ἔστιν,
418 1435 462 1477 ἐν
490 1433 593 1492 γήρα
624 1435 975 1488 καλλωπιζόμενοι,
1005 1436 1342 1487 interpretatione
1374 1449 1421 1474 ex
1451 1437 1565 1486 parte
1595 1449 1710 1476 vera:

121 1510 213 1537 cum
252 1498 358 1536 enim
409 1497 507 1535 λεῖοι
553 1496 737 1535 dicantur
780 1495 963 1534 homines
1009 1494 1152 1534 molles
1197 1495 1285 1533 toto
1332 1505 1499 1544 corpore
1544 1493 1714 1544 levigati

121 1551 284 1607 (Eupol.
318 1554 415 1594 338.
447 1549 577 1593 Arist.
609 1553 658 1593 fr.
692 1549 816 1606 218),
856 1547 1063 1605 ἆωρόλειοι
1102 1551 1294 1592 videntur
1332 1551 1411 1591 dici
1447 1551 1518 1601 qui
1555 1553 1716 1602 praeter

120 1613 294 1652 aetatem
323 1611 477 1663 pathici
506 1616 615 1651 sunt.

901 1700 953 1742 11

237 1785 369 1825 Schol.
400 1784 565 1826 Lucian.
598 1797 638 1835 p.
675 1785 755 1824 186
787 1783 921 1823 Iacob.
963 1778 984 1821 ὁ
1014 1779 1090 1835 μὲν
1120 1781 1301 1830 Καλλίας
1334 1784 1473 1834 οὗτος,
1507 1777 1561 1830 ὥς
1603 1783 1714 1831 Κρα-

120 1844 229 1891 τῖνος
254 1836 495 1895 Ἀρχιλόχοις
533 1840 679 1893 φησίν,
713 1837 947 1880 Ἱππονίκου
985 1839 1074 1888 υἱὸς
1110 1842 1186 1893 ἦν,
1226 1837 1298 1880 τὸν
1328 1840 1459 1908 δῆμον
1497 1839 1714 1891 Μελιτεύς,

121 1897 176 1948 ὡς
203 1896 497 1968 Ἀριστοφάνης
514 1897 680 1952 Ωραις,
712 1894 905 1946 πλούσιος
935 1896 1004 1937 καὶ
1033 1904 1268 1968 πασχητιων
1297 1897 1364 1938 καὶ
1394 1893 1475 1937 ὑπὸ
1496 1897 1716 1961 πορνιδίων

122 1952 443 2010 διαφορούμενος
473 1956 543 1997 καὶ
572 1954 747 2004 κόλακας
779 1953 949 2009 τρέφων.
1011 1955 1067 2004 εἰς
1099 1953 1144 1996 δὲ
1175 1955 1410 2009 στιγματίαν
1447 1949 1573 1995 αὐτὸν
1602 1957 1714 2009 Κρα-
1761 1967 1763 1969 ·

121 2019 230 2064 τῖ’νος
261 2014 451 2087 κωμῳδεῖ
475 2011 532 2063 ὥς
563 2012 634 2054 ἕνα
665 2029 748 2054 των
778 2027 1008 2067 καταχρεων
1041 2043 1050 2052 .
1086 2043 1094 2052 .
1127 2048 1136 2057 ,
1166 2013 1354 2068 κωμῳδεῖ
1380 2010 1425 2053 δὲ
1455 2008 1581 2052 αὐτὸν
1602 2015 1713 2065 Κρα-

121 2076 230 2121 τῖνος
260 2071 330 2112 καὶ
359 2069 415 2120 ὡς
449 2069 600 2112 Φώκου
630 2075 807 2126 γυναῖκα
844 2069 1113 2123 μοιχεύσαντα
1150 2070 1218 2111 καὶ
1255 2071 1342 2125 τρία
1380 2068 1554 2111 ταλαντα
1593 2064 1716 2111 δόντα

121 2130 178 2179 εἰς
217 2128 260 2170 τὸ
295 2127 351 2183 μὴ
392 2133 601 2182 κρνθῆναι
660 2130 872 2170 confundit
910 2129 1081 2170 Calliam
1120 2144 1240 2171 avum
1281 2143 1369 2170 cum
1414 2132 1582 2196 nepote:
1621 2143 1714 2169 nam

123 2189 244 2240 ‘quae
276 2189 324 2228 de
356 2202 446 2229 aere
477 2189 607 2228 alieno
639 2190 680 2228 et
710 2187 920 2227 adulteriis
951 2188 1168 2228 traduntur
1198 2201 1282 2228 non
1312 2188 1491 2228 cadunt
1481 2202 1524 2227 111
1546 2187 1715 2227 Calliam

123 2259 217 2286 eum
249 2260 369 2298 quem
401 2246 591 2287 Cratinus
623 2247 1038 2287 commemoraverat'.
1070 2246 1244 2288 Meinek.

900 2357 954 2400 12

239 2441 373 2485 Schol.
395 2443 561 2484 Lucian.
594 2456 634 2493 p.
670 2444 750 2482 139
782 2441 917 2482 Iacob.
950 2436 1063 2481 ουτοι
1088 2438 1339 2495 (Κέρκωπες)
1374 2439 1418 2480 ἐν
1450 2440 1619 2480 Βοιωτία
1651 2440 1709 2480 δι-

124 2494 283 2552 έτριβον
321 2499 523 2551 Οἰχαλιεῐς
567 2497 679 2547 ὄντες
717 2496 854 2552 γένος,
900 2498 1043 2547 Σίλλος
1082 2498 1150 2539 καὶ
1184 2496 1377 2551 Τριβαλὸς
1414 2481 1712 2551 ὀνομαζόμενοι,

124 2554 299 2610 ἐπίορκοι
330 2556 399 2596 καὶ
427 2554 564 2626 ἀργοί,
597 2554 652 2605 ὡς
686 2558 882 2609 Κρατινος
918 2553 1169 2609 Ἀρχιλόχοις.
1221 2570 1293 2608 pro
1332 2555 1476 2603 Σίλλος
1513 2555 1580 2595 καὶ
1621 2558 1713 2609 Τρι-

123 2612 246 2667 βαλὸς
277 2615 392 2657 codd.
424 2613 564 2662 συλλος
604 2613 673 2654 καὶ
711 2611 940 2667 τριβαλλός,
982 2613 1089 2662 ε’λλος
1127 2612 1195 2653 καὶ
1231 2613 1437 2666 τρίβαλος,
1480 2615 1617 2661 Σῶλος
1648 2612 1715 2652 καὶ

127 2670 338 2725 Τριβαλός.
399 2673 447 2712 (10
479 2673 725 2724 Oercopibus
756 2672 928 2714 Lobe0k2
959 2673 1160 2724 Aglaoph.
1197 2672 1495 2711 1296—1308.
1529 2672 1716 2711 Welcker

125 2729 237 2781 cycl.
271 2743 335 2781 ep.
366 2730 387 2769 I
417 2731 500 2770 409
523 2743 582 2781 sq.
614 2730 771 2770 Preller
802 2730 930 2781 Myth.
963 2727 1044 2781 gr,²
1075 2730 1117 2768 II
1149 2730 1390 2771 230—232.
1452 2742 1591 2768 eorum
1624 2742 1714 2768 cum

124 2800 228 2827 unus
261 2787 464 2826 Diodorus
496 2784 557 2842 (4,
590 2787 662 2839 31)
693 2789 822 2827 totam
853 2789 1018 2838 gentem
1047 2787 1166 2835 norit,
1201 2800 1223 2825 a
1244 2787 1374 2836 poetis
1407 2787 1556 2836 duplex
1586 2799 1713 2837 genus

125 2845 427 2896 commemorari
456 2845 629 2895 videtur,
661 2858 785 2884 unum
816 2845 1021 2884 latronum
1049 2846 1093 2884 in
1123 2844 1292 2884 Boeotia
1333 2848 1374 2883 et
1405 2844 1616 2882 Trachinia
1653 2856 1712 2882 re-

124 2902 265 2953 gione,
306 2901 406 2942 Olus
437 2904 479 2942 et
508 2902 763 2954 Eurybatus,
808 2902 979 2942 alterum
1009 2902 1292 2941 fraudatorum
1324 2904 1364 2941 et
1392 2901 1641 2940 nebulonum
1671 2901 1714 2940 in
