1872 3224
0 524 25 581 Ξ

0 582 28 634 b

0 627 22 719 ἕ

804 198 923 232 ῼΡΑῙ
1603 193 1656 235 91

820 310 905 355 258

555 394 780 448 μακάριος
809 394 903 435 τῶν
935 391 1163 435 παιδικῶν

188 477 379 527 Photius,
421 477 533 516 Suid.
576 474 731 541 (Schol.
772 477 868 517 Ald.
902 477 1110 527 Aristoph.
1150 475 1271 526 Vesp.
1306 471 1435 529 1025)
1472 468 1658 513 παιδικα·

199 532 373 576 ἐκάλουν
411 548 538 582 ουτως
576 532 644 574 καὶ
681 548 728 573 τα
765 526 864 586 πρὸς
902 531 972 581 τὰς
1011 536 1211 586 γυναῖκας
1244 564 1253 572 .
1285 561 1294 571 .
1325 563 1335 572 .
1375 533 1575 599 Κρατῖνος
1615 528 1662 570 δὲ

57 592 232 663 ”Ώ.ραις,
271 593 340 645 τῆς
378 593 586 644 παλλακῆς
625 585 930 643 ἀποδημοῦντος
969 591 1038 630 τοῦ
1081 589 1287 630 Διονύσου
1326 585 1499 643 ἐρώσης,
1537 587 1663 641 φησὶν

0 704 3 705 ⁷
74 649 139 693 ἐπ’
171 647 300 692 αὐτοῦ
330 664 573 716 μακαριος
605 665 701 689 των
731 649 1006 690 παιδικων.
1041 649 1174 690 Schol
1205 648 1399 689 Aristidis
1437 662 1478 699 p
1513 648 1566 687 64
1598 648 1659 687 ed.

0 717 7 740 ·'
72 711 247 751 Fromm.
278 701 479 749 παιδικα.
530 705 749 760 ,κέχρηται
770 704 815 747 δὲ
836 708 1038 760 Κρατῖνος
1059 704 1128 746 καὶ
1149 703 1215 745 ἐπὶ
1234 719 1428 759 γυναικος
1447 703 1490 744 ἐν
1500 703 1662 758 Ὠραις.

7 782 17 799 ι
60 766 232 822 ’“Ὠραις]
265 763 378 819 ὁραῖς
409 766 496 807 cod.
528 766 647 806 Phot.
680 768 721 805 et
752 778 892 805 omnes
924 764 1033 804 Suid.
1066 765 1118 804 ef.
1151 765 1272 803 Dind.
1297 763 1428 803 Schol.
1453 763 1660 814 Aristoph.

0 830 5 833 “
73 826 196 875 Vesp.
233 826 356 867 1025.
402 824 579 865 Cramer.
619 824 770 864 Aneed.
810 824 903 863 Par.
935 823 1021 862 IIII
1062 823 1158 870 173,
1192 824 1243 861 13
1282 835 1350 860 και
1388 821 1588 873 Κρατῖνος
1621 819 1664 860 δε

3 919 5 922 ⁴
74 880 177 936 ὁροῖς
209 880 303 939 (sic)
342 897 412 934 της
455 884 637 933 παλακης
676 876 982 934 ἆποὸημουντος
1023 890 1100 919 σου
1130 875 1206 934 (sie
1247 880 1367 919 etiam
1397 878 1517 918 Phot.
1557 877 1663 930 eod.)

78 945 285 981 Διονυσου
324 950 476 994 ερωσης
515 950 641 992 φησιν
683 952 860 979 επαυτον
896 952 1091 990 μακαριος
1131 952 1212 976 των
1249 935 1465 976 παιδικων.
1516 948 1664 975 nomen

80 997 286 1039 Διονύσου
317 1001 555 1050 corruptum
586 998 760 1039 videtur.
793 998 843 1037 ef.
875 998 923 1036 fr.
957 998 1053 1037 208.

822 1121 907 1165 259

75 1203 230 1259 ὥσπερ
264 1201 287 1246 ὁ
317 1201 546 1260 Περσικὸς
577 1201 706 1259 ὡραν
736 1205 892 1245 πᾶσαν
923 1200 1136 1257 καναχῶν
1168 1199 1407 1255 ὁλόφωνος
1437 1197 1654 1254 ἀλέκτωρ.

191 1289 424 1328 Athenaeus
457 1289 496 1341 9,
529 1288 647 1327 374d
678 1284 830 1340 λέγεται
865 1282 910 1324 δὲ
947 1283 1016 1324 καὶ
1054 1279 1254 1337 ἀλεκτορὶς
1294 1297 1362 1322 και
1387 1278 1595 1335 ἀλέκτωρ.

80 1348 273 1399 Κρατῖνος
306 1343 470 1395 Ὥραις
523 1341 730 1396 ὁλόφωνος
784 1341 1066 1396 casaubonus]
1121 1341 1326 1392 ολόφωνος
1374 1341 1424 1383 Α.
1471 1337 1491 1379 ὁ
1534 1310 1667 1390 λοφω-

0 1431 6 1436 ·
76 1402 143 1452 τὸς
182 1404 406 1444 Palmerius
436 1403 611 1443 Exercit.
645 1405 741 1443 510.
772 1403 891 1443 Phot.
921 1397 1128 1450 ὁλόφωνος
1162 1399 1313 1452 (nescio
1345 1412 1395 1438 an
1427 1392 1666 1449 ὂλ.Ρο1’5.)·

77 1454 96 1502 5
127 1455 378 1527 ἀλεκτρυών
425 1458 553 1508 ου’τως
598 1462 810 1513 Κρατῖνος.
858 1459 1033 1511 Hesyoh.
1080 1452 1305 1508 ὁλόφωνος·
1353 1452 1374 1496 ὁ
1419 1453 1665 1508 ἀλεκτρυών,

76 1517 104 1572 ἢ
140 1512 220 1559 ἀπὸ
258 1519 328 1558 τοῦ
366 1517 518 1570 λόφου,
556 1515 585 1570 ἢ
622 1514 701 1558 ἀπὸ
753 1522 826 1557 τοῦ
871 1514 916 1557 ἐν
961 1521 1016 1572 τῷ
1061 1514 1181 1572 οἵδειν
1226 1512 1321 1555 όλον
1365 1513 1557 1567 αἴρεσθαι
1601 1510 1670 1551 καὶ

77 1576 400 1655 μετεωρίζεσθαι.
464 1577 610 1628 quibus
661 1576 852 1616 Palmerii
897 1556 1076 1625 λοφωτός
1120 1573 1311 1624 explicari
1355 1573 1530 1613 videtur.
1599 1570 1669 1610 Ca-

82 1636 324 1676 saubonus‘
327 1636 397 1685 qui
416 1638 519 1675 totus
546 1647 620 1675 vox
640 1638 712 1681 est,
742 1637 945 1684 praeterea
973 1632 1112 1679 nihil’,
1145 1645 1246 1683 quae
1275 1629 1561 1681 interpretatio
1588 1641 1671 1668 non

81 1695 214 1733 minus
238 1693 360 1733 dubia
382 1695 443 1733 est
473 1706 592 1744 quam
623 1692 814 1732 Meinekii
845 1686 1052 1742 ὁλόφωνος
1075 1693 1264 1740 perpetuo
1295 1690 1461 1729 clamore
1488 1699 1668 1727 eneccms.

81 1752 285 1792 Persicam
315 1764 431 1792 avem
464 1751 563 1790 dicit
592 1755 640 1789 ut
670 1749 877 1800 Aristoph
908 1749 988 1789 Av.
1022 1749 1118 1787 276.

835 1861 921 1904 260

189 1941 299 1988 οὐδὲ
330 1943 447 1999 πρὸς
477 1939 597 1994 εἶδος
627 1940 701 1997 ἄρ’
733 1936 795 1997 ἦν
825 1938 964 1984 οὐδὲν
995 1938 1264 1995 προσιδόντι
1294 1936 1564 1993 τεκμαρτόν.

198 2028 445 2096 Hephaestio
481 2029 517 2075 1,
553 2027 618 2096 18
643 2018 738 2083 παρ’
772 2021 882 2080 αὐτῷ
923 2029 977 2079 τῷ
1009 2022 1195 2078 Κρατίνω
1228 2053 1238 2062 .
1271 2053 1281 2063 .
1312 2054 1320 2062 .
1353 2020 1398 2061 ἐν
1416 2019 1581 2090 Ὥραις,
1614 2021 1671 2061 sio

85 2087 211 2126 Turn.
251 2080 356 2132 εἶδος
394 2079 516 2123 ουδὲν
552 2080 618 2136 ἄρ’
653 2084 707 2134 ἠν
745 2065 868 2122 οὐδὲν
906 2081 949 2122 C.
991 2083 1048 2122 ‘et
1077 2084 1174 2132 puto
1206 2071 1674 2132 M?Gaisf.6l9’013v

90 2140 211 2183 οὐδέν
241 2157 277 2182 τι
306 2142 394 2182 FH.
425 2139 677 2194 προσιδόντι]
710 2137 967 2192 προσιδόντες
998 2140 1085 2179 FH.

832 2264 915 2307 261

203 2351 336 2391 Schol.
368 2349 576 2401 Aristoph.
610 2349 686 2388 Av.
720 2350 801 2388 766
834 2343 956 2387 οὐδὲν
986 2343 1114 2399 σαφὲς
1146 2344 1285 2398 ἔχομεν
1315 2344 1373 2393 τίς
1405 2341 1426 2384 ὁ
1458 2342 1673 2383 Πεισίου

88 2405 183 2448 οὐδὲ
214 2406 304 2461 περὶ
333 2412 404 2458 τῆς
434 2405 664 2459 προδοσίας.
696 2403 758 2444 ὅτι
788 2402 832 2444 δὲ
862 2405 942 2444 τῶν
971 2404 1063 2444 λίαν
1092 2409 1278 2457 πονηρῶν
1309 2401 1389 2442 ε’στι
1419 2401 1536 2454 δηλοῖ
1563 2402 1672 2453 Κρα-

89 2469 196 2514 τῖνος
228 2463 272 2505 ἐν
294 2464 469 2518 Χείρωσι
501 2463 664 2518 Πυλαία
684 2461 847 2516 ’Ώραις
881 2464 932 2503 cf.
964 2464 1012 2502 fr.
1048 2463 1143 2502 174.
1179 2463 1274 2501 233.

841 2587 927 2630 262

207 2672 337 2712 Schol.
369 2672 536 2712 Lucian.
566 2685 604 2722 p.
620 2672 674 2711 46
706 2670 840 2711 Iacob.
868 2672 1067 2722 Κρατῖνος
1099 2665 1141 2707 δὲ
1180 2665 1225 2706 ἐν
1244 2664 1396 2719 ’Ώραις
1428 2662 1484 2714 ὥς
1514 2668 1675 2719 προσελ-

91 2727 240 2777 θόντος
273 2726 366 2769 νέου
397 2734 451 2783 τῷ
482 2727 630 2781 βήματι
661 2725 999 2781 (Ὑπερβόλου)
1044 2723 1239 2778 μέμνηται
1268 2722 1337 2763 καὶ
1365 2720 1464 2773 παρ’
1497 2720 1674 2775 ἡλικιᾞαν

94 2788 346 2828 scholiastam
385 2784 479 2826 νέου
519 2800 730 2838 perperam
767 2799 839 2837 pro
877 2782 970 2824 νέον
1001 2798 1048 2824 ex
1087 2796 1132 2822 eo
1169 2796 1289 2834 quem
1325 2783 1582 2833 exscripserit
1611 2795 1675 2820 ex-

93 2845 288 2896 cerpsisse
318 2847 359 2884 et
388 2845 512 2886 verba.
548 2842 617 2883 καὶ
652 2839 750 2895 παρ’
781 2839 945 2894 ἡλικίαν
982 2843 1030 2881 de
1063 2853 1134 2881 suo
1173 2840 1375 2880 addidisse
1413 2839 1677 2890 probabiliter

95 2902 244 2943 conicit
263 2901 685 2952 Mueller-Struebing.
718 2900 928 2951 Aristoph.
959 2913 999 2950 p.
1023 2900 1107 2938 560
1128 2898 1220 2936 adn.
1252 2898 1389 2948 itaque
1419 2910 1464 2935 ea
1495 2909 1596 2947 quae
1628 2909 1676 2934 ex
