1872 3224
496 196 1010 239 ΘΕΣΜΟΦΟΡῙΑΖΟΤΣΑΙ
1035 207 1282 244 ΔΕΎΤΕΡΑΙ
1581 207 1664 258 475

74 299 526 363 ,ἧι-,γυναικείων
555 304 876 361 φορημάτων,
906 305 933 347 δι’
961 308 1027 350 καὶ
1057 314 1138 359 τοῖς
1168 312 1257 364 περὶ
1286 315 1434 367 κόσμον
1462 314 1515 357 ἄν
1542 315 1658 371 ἁρμό-

210 362 357 399 tauta·
388 361 472 398 κτλ.
533 361 715 403 Clemens
745 363 858 404 Alex.
880 367 1049 420 Paedag.
1075 371 1111 419 2,
1135 371 1229 410 245.
1253 374 1276 412 6
1306 372 1416 413 πάνυ
1446 380 1547 427 γοῦν
1576 374 1659 415 ε’πι-

64 424 95 478 fs
137 413 400 472 *flemina
422 414 500 482 ,τὸν
527 424 760 471 γυναικεῖον
788 423 1095 477 καταλεγόμενος
1125 425 1276 479 κόσμον
1302 426 1586 485 Ἀριστοφάνης
1617 432 1661 473 ἕν

28 506 31 508 -
62 460 524 527 Ε’ῥδΰμθφθριᾱζθυσαις
553 470 848 522 ὑποδείκνυσιν.
899 482 1185 536 παραθήσομαι
1214 483 1258 525 δὲ
1292 481 1414 536 αὐτὰς
1444 494 1514 530 τοῦ
1543 504 1660 543 κωμι-

153 527 175 539 ρ

58 542 179 578 m
203 529 275 580 τὰς
303 529 442 583 λέξὲις,
465 530 742 587 διελεγχούσας
772 532 947 590 ἀκριβῶς
978 537 1020 579 τὸ
1051 555 1242 593 φορτικόν
1271 540 1384 596 ὑμῶν
1412 546 1480 598 τῆς
1501 543 1660 600 ἀπειρα-

55 587 272 655 ΞΛαπιθίας·
321 589 462 643 μίτρας
492 613 547 620 --
576 589 790 646 ἑλικτῆρας.
881 599 917 636 1.
947 597 1113 638 Photius
1152 598 1300 652 λίτρον·
1337 599 1388 641 ὀὐ
1420 603 1554 656 νίτρον
1580 601 1660 645 Ἀτ-

47 645 213 708 mol
245 645 374 696 οὕτως
401 645 705 702 Ἀριστοφάνης.
795 653 833 692 2.
864 653 1006 694 Pollux
1038 657 1074 705 5,
1100 658 1176 696 101
1207 656 1274 696 καὶ
1305 657 1447 708 ἄλλους
1477 659 1521 700 δέ
1551 676 1660 710 τινας

1 747 5 750 Δ
40 702 274 764 ,ῥῶσμους
312 702 580 758 ὀνομάζουσιν
616 708 657 748 οἱ
695 708 1106 764 κωμῳδοδιδάσκαλοι,
1145 716 1288 766 λῆρον,
1319 711 1551 770 ὀχθοίβους,
1581 717 1660 759 ὄλε-

41 763 222 825 ᾠόν,
253 761 481 818 ἐλλέβορον,
513 763 798 824 πομφόλυγας,
838 764 1068 822 βάραθρον,
1106 770 1348 824 περιστέρια,
1379 770 1568 825 σαμάκια,
1600 786 1659 814 σι-

43 818 310 880 Ϋῇξῖὕμβριον,
342 819 538 871 σισάριον.
589 824 648 863 ὠν
678 820 725 863 οὐ
756 822 900 880 ῥᾴδιον
929 824 997 874 τὰς
1028 824 1136 875 ἰδέας
1168 835 1387 882 συννοῆσαι
1415 830 1479 871 διὰ
1500 830 1542 872 τὸ
1561 830 1660 884 μηδὲ

43 875 310 940 ἑ’ξ,ἑὲ9ᾓρόχειρον
339 873 447 919 εἶναί
474 894 562 920 τινα
601 881 779 921 κατιδεῖν
809 881 887 923 εἴτε
917 880 1203 933 σπουδάζοντες
1225 885 1301 927 εἴτε
1322 887 1521 936 παίζοντες
1542 895 1660 942 χρῶν-

39 937 166 995 -2‘130212
194 940 284 986 τοῖς.
307 933 519 988 ὀνόμασιν.
552 937 650 987 ἴσως
680 938 704 978 δ
711 935 721 951 '
744 936 797 978 ἂν
817 944 898 988 τοῖς
919 937 1077 994 κόσμοις
1097 942 1287 995 προσήκοι
1315 943 1382 985 καὶ
1402 943 1443 985 τὸ
1465 944 1662 999 ἕντριμμα,

63 1020 66 1050 2
99 992 319 1048 ψιμύθιον,
351 993 554 1049 ἄγχουσα,
586 1002 730 1048 φῦκος,
763 996 829 1037 καὶ
859 996 905 1037 τὰ
926 995 1223 1052 ὖπογράμματα.
1313 1003 1351 1042 4.
1381 1003 1522 1043 Pollux
1543 1006 1579 1052 5,
1603 1006 1654 1044 96

58 1056 70 1106 -.
99 1050 295 1107 στρόφιον
330 1052 400 1094 καὶ
436 1050 825 1107 ὀπισθοσφενδόνην
860 1053 958 1108 παρ’
997 1053 1300 1109 Ἀριστοφάνους
1338 1056 1410 1113 (ἂν
1445 1060 1660 1112 προσθείης

43 1116 62 1135 '³
98 1109 270 1165 λαβών).
333 1112 382 1152 ef.
420 1113 608 1153 Eustath.
644 1113 813 1164 Dionys.
847 1114 1003 1166 Perieg.
1042 1117 1078 1154 1.
1180 1118 1217 1158 5.
1250 1117 1385 1167 Etym.
1423 1131 1475 1159 m.
1509 1119 1607 1167 782,
1639 1121 1662 1158 9

73 1193 82 1195 6
100 1158 345 1223 ’ὑπόγραμμα
377 1200 387 1210 .
421 1203 431 1213 .
464 1203 473 1212 .
505 1161 536 1225 ᾧ
578 1168 670 1218 τοὺς
708 1164 942 1222 ὀφθαλμούς
979 1168 1276 1224 ὑπογράφουσι·
1316 1172 1383 1213 καὶ
1425 1171 1664 1227 ὑπογεγραμ-

99 1223 213 1279 μένη,
249 1225 516 1280 ε’στιβισμένη.
544 1224 846 1280 Ἀριστοφάνης.
896 1243 996 1280 quae
1025 1243 1106 1269 non
1135 1231 1264 1270 solum
1296 1231 1345 1270 ad
1382 1231 1429 1271 fr.
1459 1233 1553 1281 880,
1596 1233 1661 1271 sed

98 1285 223 1329 etiam
269 1285 322 1324 ad
365 1286 471 1326 huno
514 1299 674 1326 versum
719 1287 917 1337 pertinere
955 1289 1135 1338 possunt.
1244 1290 1280 1327 6.
1329 1288 1498 1340 Hesyoh.
1542 1287 1661 1328 καλά-

98 1353 222 1395 σιρις·
261 1334 383 1395 χιτών
419 1341 676 1395 πλατύσημος
711 1340 741 1395 ἢ
777 1339 974 1395 ἡνιοχικὸς
1014 1342 1080 1384 καὶ
1117 1338 1274 1392 ἱππικὸς
1313 1343 1445 1396 χιτών.
1492 1343 1588 1385 ἔνιοι
1618 1342 1662 1384 δὲ

98 1402 243 1441 λινοῦν
271 1398 340 1440 καὶ
368 1398 528 1455 ποδήρη
559 1406 706 1453 χιτῶνα
736 1399 875 1452 ἰσχνόν
904 1394 1157 1456 (χιτωνίσκον
1186 1402 1239 1440 Μ.
1258 1401 1469 1455 Schmidt).
1496 1399 1662 1455 Ἀριστο·

99 1455 238 1513 φάνης
265 1457 698 1512 Θεσμοφοριαζούσαις.
789 1461 855 1499 10.
885 1460 1050 1499 Photius
1081 1454 1289 1511 μαλάχιον·
1319 1458 1463 1511 κόσμος
1493 1465 1662 1511 χρυσοῦς

100 1517 345 1570 γυναικεῖος.
405 1514 532 1565 οὕτως
567 1513 868 1569 Ἀριστοφάνης,
918 1517 1141 1568 Hesychius
1180 1515 1379 1568 βοτροιδία
1417 1514 1662 1569 (βοτρύδια)·

101 1571 330 1628 ἔνωταρίων
350 1568 468 1622 εἶδος.
501 1574 542 1615 οἱ
557 1572 602 1614 δὲ
622 1572 779 1627 βότρυς.
809 1571 838 1626 ἢ
861 1570 1248 1627 Θεσμοφοριάζουσιν
1259 1573 1331 1626 (Ῥ).
1423 1576 1486 1613 11.
1508 1574 1661 1625 Harpo-

101 1632 226 1672 cratio
256 1626 470 1684 άμφιδέαι·
509 1630 583 1672 εἰσὶ
613 1631 881 1685 περισκελίδες
917 1629 1034 1679 τινές.
1069 1627 1357 1683 Ἀριστοφάνης
1389 1630 1660 1684 Θεσμοφορια-

54 1696 59 1700 ”
99 1687 276 1738 ζούσαις.
368 1691 434 1730 12.
466 1691 610 1730 Pollux
642 1691 706 1739 10,
742 1691 820 1730 167
851 1687 958 1741 παρὰ
986 1685 1261 1741 Ἀριστοφάνει
1298 1687 1533 1741 σφραγῖδας,
1563 1685 1660 1727 ἁλύ-

101 1756 196 1795 σεις.
292 1749 356 1788 13.
378 1747 527 1788 Moeris
550 1749 632 1789 301
653 1745 913 1800 πομφόλυγας
926 1758 935 1768 ·
957 1744 1003 1785 τὰ
1025 1744 1223 1798 δερμάτια,
1246 1742 1275 1783 δι’
1295 1743 1358 1784 ἐπὶ
1378 1750 1458 1784 τῶν
1477 1746 1668 1796 κεφαλῶν

84 1803 148 1845 ἀἱ
171 1807 362 1858 γυναῖκες
393 1803 566 1857 ἔχουσιν.
594 1801 884 1858 Ἀριστοφάνης
917 1797 1338 1855 Θεσμοφοριαζούσαις.
1369 1803 1521 1845 Aelian.
1541 1802 1590 1843 V.
1623 1803 1662 1841 h.

5 1876 9 1877 ⁷
66 1882 69 1884 ·
106 1863 145 1909 1‚'
176 1864 228 1902 18
260 1867 342 1902 τῶν
371 1860 417 1902 δὲ
443 1860 638 1902 Ἀττικῶν
665 1868 873 1915 γυναικῶν
902 1859 977 1913 τὴν
1007 1857 1164 1914 τρυφὴν
1197 1856 1482 1911 Ἀριστοφάνης
1512 1856 1662 1911 λεγέτω.

218 1922 255 1959 1.
288 1919 464 1974 ψαλίδα]
497 1919 667 1971 ψαλίδια
697 1921 803 1970 apud
823 1920 1060 1967 Bekkerum,
1092 1918 1231 1958 contra
1249 1919 1436 1956 metrum.
1524 1918 1561 1956 3.
1583 1929 1659 1956 om.

102 1977 299 2018 Clemens.
331 1975 528 2031 ἕγχουσαν
548 1976 707 2030 Dindf.]
739 1975 956 2030 ἄγχουσαν.
986 1976 1211 2016 Atticorum
1240 1974 1368 2013 forma
1396 1975 1456 2014 est
1485 1970 1662 2024 ἔγχουσα.

101 2036 142 2075 4.
163 2033 308 2090 μύρον]
333 2035 474 2089 νίτρον
489 2036 685 2077 Clemens.
702 2079 721 2098 a
745 2033 919 2087 κίσηριν]
967 2031 1031 2072 καὶ
1062 2027 1245 2084 σιδήριον
1269 2075 1287 2094 a
1303 2031 1461 2083 κίσηριν
1511 2031 1663 2070 codices

103 2103 345 2154 Clementis,
396 2106 476 2146 nisi
512 2104 619 2156 quod
654 2102 813 2157 κίδηριν
838 2104 880 2143 Μ
901 2105 940 2142 et.
959 2099 1024 2141 καὶ
1045 2092 1204 2152 σιδήρῖν
1223 2098 1380 2152 κίδηριν
1409 2099 1454 2138 P.
1504 2093 1659 2150 στρόφι’

99 2160 270 2215 Bergk]
305 2161 499 2216 στροφίον
534 2162 710 2203 Pollucis
740 2163 777 2202 A
807 2163 848 2201 et
887 2159 1089 2207 Clemens,
1129 2155 1306 2211 στρόφον
1334 2156 1413 2196 BC.
1516 2157 1555 2194 5.
1585 2152 1657 2192 κά-

102 2217 256 2273 λυμμα]
290 2216 630 2271 ὀπισθοκάλυμμα
670 2220 822 2260 codices
854 2217 1083 2258 Clementis.
1139 2210 1374 2267 περιδέραι’]
1414 2209 1662 2263 περιδέρραια

103 2276 227 2318 Clem.
244 2278 328 2317 BR.
341 2276 598 2331 περιδερραία
614 2278 659 2317 F.
681 2273 885 2330 περιδερέα
900 2275 952 2314 Μ.
970 2269 1173 2325 περιδέρεα
1194 2272 1231 2311 V
1246 2275 1286 2311 et
1306 2282 1500 2321 suprascr.
1523 2282 1564 2335 αι
1585 2280 1662 2306 reo.

102 2334 190 2377 MP.
238 2331 548 2388 ὖπογράμματα]
571 2331 836 2387 ὑποράμματα
864 2332 1009 2372 BFMR
1030 2330 1152 2370 Clem.
1242 2330 1279 2367 6.
1311 2322 1661 2393 τρυφοκαλασιριν]

103 2389 442 2444 τρυφοκαλάσισιν
454 2393 579 2433 Clem.
611 2389 1032 2444 ἐλλέβορονοῐῐι.016ω.
1110 2389 1146 2428 7.
1167 2382 1407 2437 άμπέχονον]
1423 2394 1661 2432 αμπεχονιον

105 2449 231 2490 016111.
262 2446 692 2503 τρύφημα],πόρπημα
732 2449 897 2489 Salmas.
936 2447 1074 2484 Exere.
1105 2444 1208 2482 Plin.
1241 2442 1334 2482 808.
1422 2441 1462 2479 8.
1494 2435 1658 2489 χιτῶνα]

101 2506 264 2547 κιθῶνα
292 2505 492 2562 (κίθωνα)
525 2506 649 2549 Clem.
699 2500 963 2557 κομμώτριον]
994 2499 1175 2552 χιτώνιον
1205 2499 1325 2539 Clem.
1356 2496 1494 2535 deinde
1525 2495 1659 2560 Pollu-

105 2565 164 2605 cis
193 2565 252 2604 A:
283 2561 394 2618 ἕτερά
423 2578 463 2604 τε
494 2562 568 2603 ὅσα
604 2559 735 2611 οὐδεὶς
771 2557 1056 2613 μνημονεύσειε
1093 2553 1185 2595 ποτὲ
1222 2554 1356 2606 λέγων.
1458 2554 1495 2593 9.
1526 2555 1660 2620 αμταῗγ

105 2617 154 2661 οὗ
183 2618 309 2674 λέγεις
340 2620 469 2675 ταυτί]
509 2617 556 2660 οὐ
594 2618 717 2673 λέγεις
755 2615 889 2658 αὐτῶν
926 2613 1047 2654 ταυτά
1077 2614 1115 2653 Α
1144 2613 1243 2652 Poll.
1276 2624 1352 2651 om.
1384 2605 1491 2663 (oum
1522 2622 1567 2675 τα
1597 2619 1660 2658 με·

104 2690 219 2732 γιστα
251 2676 314 2734 δ’)
352 2679 419 2720 ΒΟ
456 2675 530 2718 οὐκ
567 2676 706 2731 εἴρηκα
749 2674 911 2716 τούτων.
948 2667 1029 2712 εἶτα
1066 2670 1103 2709 τί
1138 2670 1260 2710 016111.
1350 2668 1416 2732 1.Ο.
1447 2662 1658 2716 μαλακιον]

104 2734 279 2788 μαλάκια
308 2737 486 2777 Pollucis
516 2737 565 2776 A.
601 2733 785 2787 μολόχιον
822 2732 946 2773 016111.
983 2724 1171 2781 μαλάχιον
1200 2724 1335 2792 Dindt}
1365 2736 1408 2763 m
1444 2722 1506 2763 ed.
1537 2722 1660 2762 Clem.

107 2796 176 2838 10.
211 2797 278 2835 11.
321 2793 491 2848 βότρυς,
528 2791 720 2846 χλίδωνα]
758 2786 1050 2844 βοτρυχλιδῶνα
1088 2785 1232 2835 Clem.,
1280 2781 1452 2834 βοτρυν,
1492 2776 1662 2846 χλίδωνα

105 2851 304 2904 Bergkius
325 2854 366 2892 et
387 2851 526 2892 Dindf.
617 2852 680 2890 11.
703 2844 919 2901 ἀμφιδέας]
942 2839 1131 2895 άμφιλέας
1152 2840 1236 2881 eod.
1258 2837 1383 2879 Clem.
1474 2837 1540 2875 14.
1561 2847 1660 2874 υπο-

106 2908 285 2962 δερίδας]
318 2906 568 2962 ὑποθερίδας
589 2907 676 2947 cod.
700 2906 822 2947 Clem.
856 2897 1074 2953 ἑλικτῆρας]
1098 2896 1300 2950 ἕρικτῆρας
1322 2895 1444 2935 Clem.
1466 2892 1661 2947 BFMNR,
