1872 3224
223 168 308 211 506
831 166 1224 202 APer‘bANOTz

972 267 1058 310 442

635 348 727 392 τῶν
757 345 1132 404 λαμπαδηφόρων
1161 363 1210 391 τε
1241 349 1362 392 πλεί-
1386 364 1389 370 ·

636 429 758 460 στων
788 417 938 460 αἰτίαν

634 493 729 537 τοῖς
758 484 971 536 ὑστάτοις
1001 488 1242 530 πλατειῶν

341 572 473 611 Schol.
507 572 606 611 Ran.
642 571 751 611 1093
793 570 834 609 οἵ
867 571 1075 622 Κεραμῆς”
1120 569 1161 609 οἱ
1197 562 1266 609 τὸν
1306 567 1551 640 Κεραμεικὸν
1586 569 1801 618 οἰκοῦντες.
1864 562 1872 621 Ξ

224 629 351 680 ὸῆμος
382 625 426 667 δὲ
454 625 699 678 Ἀθηναίων.
733 625 819 667 ε’κεῖ
842 643 918 680 γαρ
948 623 969 667 ὁ
989 624 1103 680 ἀγών
1123 625 1285 680 ἐγίνετο.
1317 625 1384 667 καὶ
1405 624 1450 667 ἐν
1471 623 1641 682 Πλούτῳ
1659 625 1806 682 πρώτῳ
1864 626 1872 669 ἒ

224 689 303 725 κτλ.
354 684 574 737 πλείστων]
614 687 800 725 πλεῖστον
841 685 887 731 Θ.
925 687 1108 725 πλατεῖαι
1146 689 1243 726 sunt.
1278 686 1440 726 verbera
1471 686 1612 735 pabma
1640 686 1803 735 mllicta.
1868 702 1872 740 3

226 745 276 783 cf.
309 744 415 783 Ran.
450 745 571 784 1096.
605 743 788 783 Phereor.
823 744 917 783 224.
950 744 1165 794 desumpta
1196 746 1291 783 sunt
1321 756 1368 782 ex
1391 743 1624 794 systematis
1644 742 1805 784 iambici
1868 779 1872 782 f

225 801 414 841 clausula.
444 801 704 852 Chremylum
721 801 970 852 paupertatis
986 801 1092 841 mala
1107 813 1307 851 exponere
1319 801 1507 863 pitterus
1527 802 1663 842 censet
1682 814 1724 852 p.
1735 800 1804 840 53.

974 912 1060 956 443

431 971 598 1025 βλᾶκες
629 969 854 1026 φύγεργοι

339 1054 513 1093 Bekker.
547 1054 699 1093 Anecd.
732 1054 800 1102 84,
830 1055 854 1092 4
886 1051 1000 1104 βλάξ,
1031 1047 1259 1119 βλακεύειν,
1289 1050 1586 1121 filauedeofiac3
1616 1049 1685 1091 καὶ
1703 1048 1803 1118 βλά-

224 1125 289 1159 κες
320 1108 387 1149 καὶ
416 1111 640 1162 βλακικῶς·
673 1107 852 1150 Πλάτων
882 1109 1044 1164 Γοργίᾳ,
1081 1106 1103 1150 ὁ
1134 1105 1255 1158 αὐτὸς
1287 1106 1549 1180 Εὕθυδημῳ,
1568 1104 1803 1161 Ἀριστοφά-

226 1182 297 1227 νης
330 1163 509 1221 Πλούτῳ.
560 1168 740 1219 Etymol.
772 1182 823 1210 m
857 1169 950 1218 198,
985 1170 1036 1207 57
1076 1162 1198 1221 βλάξ,
1238 1164 1259 1207 ὁ
1290 1163 1446 1219 εὐήθης
1484 1164 1552 1206 καὶ
1581 1162 1702 1220 ἀργὸς
1733 1161 1802 1205 καὶ

222 1224 404 1277 ανόητος.
432 1208 726 1277 Ἀριστοφάνης
756 1220 901 1277 βλάκες
923 1225 1128 1278 φυγεργοί.
1162 1226 1336 1266 Zonaras
1358 1226 1377 1264 I
1399 1227 1483 1266 390
1502 1221 1648 1277 βλάκες
1669 1225 1802 1276 φιλερ-

224 1282 297 1334 γοί.
328 1281 529 1335 πυγαργοί
556 1283 834 1325 Hemsterhus.
868 1296 918 1323 an
949 1282 1159 1336 φίλαργοι,
1192 1284 1424 1334 oppositum
1456 1279 1687 1334 φιλέργοιςῖ

974 1395 1060 1437 444

427 1469 487 1530 ἦν
518 1472 560 1516 δ’
597 1473 685 1529 ἐγώ

338 1555 443 1608 ἔφην
473 1554 516 1596 δὲ
547 1553 637 1610 ἐγώ.
657 1551 764 1609 παρὰ
787 1556 1032 1626 Πλουτάρχῳ
1053 1556 1120 1597 καὶ
1135 1554 1424 1607 Ἀριστοφάνει.
1455 1557 1627 1598 Bekker.
1650 1556 1800 1597 Aneod.

228 1617 337 1655 1380
357 1612 495 1666 ἔχομεν
516 1614 589 1667 τὴν
608 1620 749 1678 χρῆσιν
779 1619 848 1654 τοῦ
879 1609 932 1666 ἦν
962 1612 1037 1667 ἐγώ
1068 1629 1175 1667 παρα
1202 1609 1480 1664 Ἀριστοφάνει
1511 1610 1561 1652 ἐν
1593 1612 1803 1668 Πλούτῳ

227 1702 233 1709 .
268 1700 277 1710 .
310 1700 318 1710 .
351 1670 419 1711 καὶ
447 1670 555 1724 παρὰ
588 1667 820 1725 Μενάνδρῳ
852 1669 896 1711 ἐν
926 1676 980 1727 τῷ
1018 1673 1206 1727 Γεωργῳ·
1245 1667 1299 1724 ἦν
1335 1668 1375 1711 δ’
1417 1668 1464 1711 οὐ
1501 1669 1678 1724 πονηρὸς
1707 1652 1798 1710 οὐδ’

225 1726 407 1770 ἐδόκουν.
445 1731 497 1770 cf.
519 1730 700 1782 Etymol.
721 1743 774 1768 m.
796 1731 894 1778 431,
919 1731 983 1769 15.
1023 1730 1129 1781 apud
1161 1730 1326 1770 Suidam
1359 1727 1551 1768 Πλάτωνι
1571 1742 1644 1780 pro
1667 1728 1802 1768 Πλου-

224 1785 353 1840 τάρχῳ
383 1788 647 1827 Ruhnkenius
679 1787 785 1837 apud
816 1787 1028 1838 Wyttenb.
1059 1787 1167 1827 Plut.
1199 1788 1300 1838 prol.
1321 1787 1511 1826 XXXVII
1532 1783 1698 1840 (LXII).
1730 1785 1801 1826 sed

227 1843 414 1883 Πλούτου
445 1844 495 1884 V.
525 1839 816 1896 Ἀριστοφάνης
847 1841 1003 1899 πλούτῳ
1035 1844 1161 1885 Oxon
1195 1845 1301 1895 apud
1323 1844 1444 1883 Dobr.
1466 1843 1652 1884 Addend.
1674 1843 1800 1883 Arist.

225 1903 292 1940 ⁸³7.
325 1901 431 1952 apud
466 1902 731 1941 Menandrum
762 1901 1027 1942 Choerobosci
1050 1900 1193 1955 (Bekk.
1215 1901 1313 1950 An)
1345 1915 1399 1952 ην
1429 1902 1478 1940 ab
1509 1899 1591 1952 εἰμί
1617 1901 1800 1941 derivan-

223 1959 318 1998 dum
351 1962 424 1998 est.
456 1960 506 1998 cf.
540 1972 640 2010 quae
672 1959 951 2000 adnotavimus
981 1959 1031 1998 ad
1063 1961 1139 2000 Av.
1163 1961 1229 1999 97.
1261 1959 1301 1998 id
1331 1971 1411 2009 quo
1441 1959 1574 1998 minus
1603 1958 1647 1998 in
1666 1957 1800 1997 Pelat-

224 2016 287 2066 gis
323 2029 479 2066 quoque
516 2016 603 2072 fiegi
642 2016 786 2055 debere
817 2018 1007 2067 putemus
1047 2017 1182 2056 obstat
1211 2016 1358 2055 Suidae
1388 2015 1677 2056 testimonium.
1729 2014 1800 2054 itu·

226 2086 302 2122 que
333 2073 522 2123 quoniam
556 2066 607 2124 ἦν
627 2069 666 2111 δ’
691 2070 766 2125 ἐγώ
799 2086 873 2123 pro
904 2070 1009 2124 ἔφην
1039 2070 1078 2112 δ’
1112 2069 1187 2126 ἐγώ
1217 2074 1258 2113 in
1299 2073 1425 2113 altero
1465 2073 1585 2112 Pluto
1624 2085 1705 2112 non
1740 2072 1798 2111 in-

224 2130 397 2179 venitur,
428 2130 476 2169 ad
507 2131 682 2181 priorem
712 2130 967 2170 referendum
1000 2134 1100 2172 erat.

972 2230 1058 2273 445

430 2284 690 2343 ἀναπηρίαν

340 2370 511 2410 Bekker.
551 2370 811 2421 Anecd.78‚
854 2373 902 2409 11
943 2366 1251 2422 άναπειρίαν
1285 2364 1575 2437 Ἀριστοφάνης
1615 2367 1797 2422 Πλούτῳ.

225 2430 331 2467 lecte
372 2427 516 2467 Suidas
555 2401 866 2498 ἆναπηρίάν·
907 2424 1035 2475 οὕτως
1063 2424 1354 2479 Ἀριστοφάνης
1398 2422 1576 2493 Πλούτῳ.
1627 2425 1796 2469 Bekker.

224 2485 375 2524 Anecd.
408 2487 448 2534 9,
482 2487 533 2523 22
564 2478 780 2547 ἇναπηρία.
820 2481 887 2523 διὰ
919 2484 989 2523 τοῦ
1017 2487 1046 2536 ἦ
1059 2482 1149 2554 τὴν
1186 2483 1335 2535 τρίτην,
1375 2479 1424 2522 ού
1461 2479 1528 2522 δια
1559 2481 1628 2533 τῆς
1665 2494 1701 2519 ει
1735 2482 1797 2520 δι-

224 2540 428 2610 φθόγγου,
460 2537 514 2588 ὥς
546 2541 588 2580 οἱ
611 2535 798 2593 ἀμαθεῖς.
850 2539 893 2581 τὸ
921 2555 996 2592 μεν
1025 2535 1103 2580 οὖν
1130 2537 1338 2593 ανάπηρος
1368 2538 1656 2590 καθωμίληται.
1689 2532 1733 2578 τὸ
1752 2535 1797 2578 δὲ

222 2594 426 2650 ἇναπηρία
456 2593 638 2641 σπάνιον.
669 2599 719 2639 cf.
753 2599 876 2639 Dobr.
907 2599 1016 2639 Plut.
1051 2601 1130 2638 115
1161 2602 1203 2638 et
1231 2599 1274 2638 in
1303 2597 1489 2637 Addend.
1522 2597 1590 2636 99

970 2708 1055 2751 446

428 2767 628 2826 γραΐζειν

339 2845 436 2886 ’ὅταν
466 2846 508 2887 τὸ
539 2845 815 2902 συναγόμενον
844 2847 889 2889 ἐν
919 2851 1004 2897 ταῖς
1043 2846 1205 2900 χύτραις
1235 2845 1302 2886 καὶ
1341 2844 1560 2899 ἔπαφρίζον
1591 2843 1793 2899 ἐκχέωσιν.
