1872 3224
189 150 274 192 508
499 152 502 154 ·
799 148 1190 183 ΑΡΙΣίὀΦΑΝοΤΣ

848 250 1115 286 ΠΟΔΤΙΔΟΣ

304 324 519 363 Herodian.
550 323 591 361 II
623 323 804 371 572,12
839 316 1085 368 Πολύιδος.
1161 318 1271 360 ,διὰ
1301 321 1373 360 τοῦ
1402 335 1417 359 ι
1446 316 1643 374 γράφεται
1673 342 1686 361 .»
1714 352 1727 365 .
1761 352 1771 362 .

190 379 295 420 οὕτω
326 378 371 420 δὲ
403 378 469 419 καὶ
502 394 543 418 το
574 379 706 432 δρᾶμα
739 377 999 432 ἐπιγράφεται
1029 376 1136 430 παρὰ
1164 374 1455 431 Ἀριστοφάνει.
1505 381 1703 431 μαρτυρεῖ
1728 373 1774 419 δὲ

191 436 419 485 Φιλόξενος.
471 450 613 488 nempe
650 437 903 489 grammatici
943 449 1061 487 saepe
1093 434 1330 487 Πολύειδος,
1361 436 1411 476 ab
1442 433 1592 476 εἰδέναι
1621 448 1769 477 nomen
1840 443 1841 446 ’

189 497 440 534 deducentes.
486 495 591 545 apud
630 494 870 545 Sophoclem
909 508 923 532 ι
961 494 1010 533 ab
1055 494 1232 534 Homero
1271 494 1512 545 productum
1543 493 1772 545 corripitur.

189 554 236 591 fr.
271 554 367 591 357.
396 553 420 591 8
443 552 492 593 N.
525 553 716 603 Polyidus
744 556 850 592 vates
879 551 929 591 ab
952 552 1127 591 Homero
1149 554 1490 592 commemoratur
1507 551 1557 592 Il.
1582 552 1648 600 13,
1671 552 1771 592 663.

189 611 285 648 666.
340 609 518 648 fabulam
549 611 824 649 tractaverant
862 608 1083 661 Aeschylus
1122 611 1168 648 ut
1205 609 1366 649 videtur
1396 608 1573 661 Cressis,
1616 608 1771 661 Sopho-

191 667 270 706 cles
293 664 522 711 Μάντεσιν,
554 667 769 718 Euripides
789 667 974 718 Polyido.
1007 666 1181 706 Glaucus
1202 667 1350 707 Minois
1370 679 1418 706 ex
1438 665 1635 718 Pasiphae
1662 665 1771 707 filius

191 737 278 762 eum
310 724 394 774 pila
423 724 567 764 ludens
597 725 640 764 in
671 724 823 764 dolium
853 724 986 764 mellis
1005 724 1170 775 plenum
1191 724 1326 775 lapsus
1355 723 1579 772 occidisset,
1610 723 1771 776 Polyidi

188 794 310 831 opera
338 782 575 832 parentibus
607 782 789 821 redditus
821 794 906 822 esse
937 781 1157 822 dicebatur.
1207 781 1362 834 Hygin.
1396 781 1495 822 F'ab.
1528 781 1621 822 136.
1663 782 1771 833 Apo·

189 838 278 878 stol.
303 841 341 887 5,
365 839 435 878 48.
473 852 560 878 eam
591 839 765 879 fabulam
799 839 840 878 in
869 841 1009 879 vatum
1040 839 1304 890 ignominiam
1335 852 1418 879 non
1448 839 1534 879 sine
1564 838 1770 890 Euripidis
1824 860 1829 861 ν

187 896 378 936 inrisione
409 896 720 947 Aristophanem
752 896 959 936 deflexisse
990 896 1182 950 credibile
1212 898 1287 936 est.
1335 895 1542 937 Pollucem
1572 896 1613 947 3,
1642 896 1698 936 43
1729 897 1771 936 et

189 955 260 1000 10,
294 953 348 991 45
391 954 587 994 erravisse
626 954 850 994 Meinekius
889 957 929 994 et
965 953 1171 993 Bekkerus
1210 953 1511 993 intellexerunt.
1562 965 1686 994 unam
1723 964 1771 994 ex
1855 952 1872 1028 ἶ

185 1010 473 1060 posterioribus
513 1014 655 1061 poetae
695 1011 844 1051 fabulis
881 1016 968 1052 esse
1006 1014 1149 1062 utpote
1187 1011 1401 1052 recentiori
1431 1011 1657 1052 comoediae
1687 1011 1768 1051 iam

185 1068 412 1118 propiorem
443 1067 643 1121 Bergkius
675 1071 715 1108 et
745 1067 920 1109 Cobetus
950 1065 1068 1123 (obs.
1100 1069 1188 1109 crit.
1221 1065 1295 1122 53)
1326 1071 1505 1109 censent.

937 1179 1024 1224 452
1126 1188 1141 1212 ⁸

391 1258 442 1303 τὸ
472 1258 559 1317 γὰρ
591 1263 841 1317 φοβεῖσθαι
871 1261 953 1304 τὸν
982 1261 1189 1304 θάνατον
1221 1261 1358 1317 λῆρος
1387 1252 1552 1311 πολύς·

393 1331 532 1372 πᾶσιν
561 1327 650 1386 γὰρ
681 1327 790 1386 ἡμῖν
820 1327 945 1372 τοῦτ’
978 1326 1210 1386 ὀφείλεται
1241 1332 1424 1373 παθεῖν.

299 1413 498 1453 Stobaeus
529 1414 669 1453 Floril.
704 1415 784 1453 118
808 1410 946 1466 (117),
982 1415 1033 1453 16
1060 1409 1378 1466 Ἀριστοφάνους
1411 1411 1634 1452 Πολυΐδου.
1679 1425 1765 1453 ver·

183 1483 250 1510 sus
280 1471 390 1521 prior
418 1473 582 1521 propter
612 1473 871 1522 anapaestum
901 1471 1045 1522 tragici
1077 1483 1163 1511 esse
1193 1483 1276 1510 non
1305 1472 1460 1522 potest;
1491 1470 1594 1510 alter
1615 1470 1768 1522 legitur

185 1527 305 1578 Soph.
339 1527 399 1566 El.
427 1529 547 1576 1173,
578 1528 649 1568 sed
679 1528 849 1579 Polyido
880 1528 1100 1579 Euripideo
1131 1528 1328 1567 tribuitur
1357 1541 1381 1567 a
1410 1527 1585 1580 Bergkio
1616 1525 1767 1572 Annal.

186 1585 415 1624 Zimmerm.
451 1586 572 1631 1835,
604 1587 685 1625 962
717 1588 758 1624 et
786 1585 1007 1625 Dindorfio.
1041 1586 1091 1625 cf.
1127 1585 1327 1626 Welcker.
1361 1584 1481 1637 Trag.
1513 1598 1573 1637 gr.
1606 1585 1647 1625 H
1669 1586 1764 1626 776.

183 1642 287 1692 apud
318 1642 630 1693 Aristophanem
662 1643 753 1693 quis
783 1643 879 1683 haec
911 1642 1020 1682 dicat
1052 1655 1133 1682 non
1165 1644 1336 1682 constat.

934 1754 1019 1797 453

388 1832 492 1877 ἰδοὺ
523 1833 686 1890 δίδωμι
716 1831 846 1889 τήνδ’
882 1831 971 1889 ἐγώ
1001 1832 1202 1889 γυναῖκά
1232 1843 1306 1876 σοι

387 1903 615 1958 Φαίδραν·
643 1901 724 1961 ’ἐπὶ
754 1903 847 1956 πῦρ
879 1902 929 1945 δὲ
960 1903 1055 1957 πῦρ
1086 1899 1196 1958 ἔοιχ’
1227 1899 1360 1957 ἥκειν
1389 1899 1528 1957 ἄγων.

298 1986 497 2025 Stobaeus
527 1986 667 2026 Floril.
701 1986 769 2039 68,
802 1984 854 2025 17
883 1981 1175 2038 Ἀριστοφάνης
1206 1982 1251 2024 ἐν
1282 1983 1486 2039 Πολυΐδῳ.
1525 1982 1642 2038 ἥκειν
1662 1987 1761 2026 Her-

183 2043 302 2082 werd.
326 2043 473 2082 Mnem.
495 2055 589 2083 nov.
612 2043 671 2082 VI
693 2041 767 2096 61]
791 2040 917 2095 ἥξειν.
950 2043 1062 2094 loqui
1093 2043 1256 2083 videtur
1285 2043 1418 2083 Minos
1440 2043 1653 2094 cupiditati
1673 2044 1761 2085 eius

181 2113 299 2150 quem
343 2101 535 2139 maritum
571 2100 677 2139 filiae
714 2101 839 2152 elegit
883 2113 1061 2140 amorem
1103 2113 1186 2151 ,quo
1229 2099 1411 2140 Phaedra
1444 2101 1575 2140 uritur
1611 2101 1762 2141 addens

185 2157 350 2197 ‘venisse
380 2158 477 2197 mim·
507 2159 638 2197 videor
658 2158 769 2196 eet.’.
807 2157 978 2209 Polyido
1009 2160 1143 2197 autem
1174 2171 1224 2197 an
1255 2157 1371 2197 alteri
1402 2157 1559 2199 cuidam
1589 2157 1761 2210 (Hippo-
1814 2179 1818 2184 ·

181 2214 313 2264 lytum
351 2227 438 2254 esse
477 2213 677 2266 Bergkius
709 2211 875 2264 conicit)
914 2214 1039 2254 filiam
1079 2215 1327 2265 despondeat
1355 2215 1553 2254 incertum
1586 2218 1659 2255 est.
1711 2215 1761 2255 de

181 2271 396 2321 proverbio
437 2272 485 2311 cf.
519 2270 668 2313 eratin.
702 2272 766 2310 18.
806 2271 946 2322 Eurip.
984 2272 1149 2322 Hippol.
1181 2272 1200 2310 I
1237 2271 1283 2311 fr.
1316 2271 1399 2311 432
1416 2271 1469 2312 N.
1517 2271 1636 2312 Ovid.
1667 2272 1760 2312 Am.

183 2330 220 2376 3,
254 2329 291 2378 2,
328 2329 382 2368 34
411 2331 457 2368 in
483 2331 689 2377 flammam
717 2331 914 2377 flammas,
949 2330 994 2369 in
1022 2341 1132 2369 mare
1160 2329 1301 2377 fumis
1329 2341 1470 2378 aquas.
1522 2329 1630 2369 Flor.
1661 2330 1702 2379 4,
1735 2330 1759 2369 6

181 2398 268 2425 eum
297 2387 402 2426 solus
427 2388 563 2437 yravis
593 2416 602 2425 .
635 2417 644 2426 .
673 2384 912 2436 reipublicae
941 2389 1036 2426 esset
1055 2385 1272 2432 Antonius,
1302 2387 1417 2436 quasi
1445 2387 1553 2437 iynis
1580 2386 1760 2428 inccndio

182 2443 356 2492 Lepidus
386 2445 543 2484 accessit
576 2442 882 2495 (Boissonadius
912 2439 1031 2498 ind;).

931 2553 1018 2597 454

387 2633 462 2677 διὰ
492 2635 570 2690 τῆς
598 2632 768 2689 ἀγορᾶς
797 2633 987 2690 τρέχων,
1018 2630 1315 2688 ἀναρίστητος
1345 2647 1425 2674 ων.

299 2716 442 2756 Suidas
471 2713 711 2768 ἀνάριστος·
732 2719 885 2768 μᾶλλον
913 2713 958 2756 δὲ
988 2711 1270 2768 ἆναρίστητος,
1301 2711 1593 2779 Ἀριστοφάνης
1625 2716 1756 2756 Πολυ-

181 2771 274 2839 είδῳ
314 2775 395 2814 κτλ.
427 2770 576 2825 τρέχων
595 2773 649 2827 Ε]
681 2772 814 2827 τρέχω.
846 2774 1033 2815 Porson.:
1074 2770 1196 2825 τρέχω
1225 2769 1292 2811 διὰ
1325 2786 1356 2811 τ.
1388 2765 1451 2824 ἀγ.
1511 2774 1682 2814 fortasse
1716 2771 1755 2814 ὃ.

183 2844 213 2869 τ.
245 2825 308 2883 dy.
341 2827 553 2883 ἔτρεχον
