1872 3224
595 223 833 261 ΚΟΛΑΚΕΣ
859 245 899 252 -
925 228 1044 263 MAPI
1052 229 1146 263 1<A2
1573 233 1654 277 307

836 331 914 373 178

107 463 109 466 Α
149 429 152 431 ·
194 407 329 450 Schol.
362 409 569 461 Aristoph.
601 411 702 451 Rau.
734 413 815 453 407
847 409 907 452 ’ὅτι
938 412 1116 466 σύνηθες
1148 409 1201 468 ἦν
1230 413 1272 456 τὸ
1303 415 1507 471 ἐπιλέγειν,
1540 415 1654 459 ὁπότε

15 487 24 518 ⁴.
44 461 284 506 ῗὲἔπαινοῖέν
313 481 350 506 τι
381 463 409 518 ἢ
448 470 767 521 συνομολογοῑεν.
826 470 893 510 καὶ
932 470 1108 521 Εὔπολις
1146 471 1328 523 Κόλαξιν.
1387 474 1454 515 καὶ
1492 474 1535 515 ἕν
1571 479 1654 525 τοῖς

34 522 264 579 ὶῗπρόσθεν
292 527 432 565 κεῖται.
467 526 691 566 ‘referenda
721 529 816 567 haec
846 532 940 568 sunt
969 531 1018 569 ad
1048 545 1085 570 v.
1118 532 1199 571 508
1240 529 1440 584 κάλλιστ’,
1473 531 1653 575 ἕπαινῶ’.

33 581 266 627 2'20Dindorf.
297 583 495 623 incertum
526 586 660 624 autem
691 589 776 634 est,
809 587 975 638 Eupolis
1007 585 1196 639 κάλλιστ’,
1237 587 1388 629 ἐπαινῶ
1425 592 1570 631 dixerit
1605 606 1654 632 an

30 654 57 695 -ῑ,
76 635 282 692 κάλλιστα,
314 653 367 680 an
396 643 540 689 καλῶς.
574 655 656 682 non
687 643 894 683 adsentior
923 645 1141 685 Fritzschio
1171 647 1268 686 Ran.
1301 661 1341 698 p.
1377 649 1470 688 196.

81 743 85 746 ,
192 698 408 738 Praeterea
439 700 490 738 ad
520 700 622 739 hanc
654 700 830 740 fabulam
861 703 1085 743 Meinekius
1116 705 1166 745 fr.
1198 706 1293 744 330.
1325 706 1419 745 346.
1443 707 1537 748 347.
1561 707 1654 746 354.

26 762 31 786 ³
78 756 176 798 384.
206 757 306 796 415.
337 757 435 806 448,
467 756 667 809 Bergkius
697 758 744 797 R.
777 772 810 798 c.
843 760 929 799 Att.
964 761 1045 800 353
1067 761 1286 812 (aliquanto
1307 761 1574 815 probabilius)
1605 765 1652 804 fr.

26 842 38 852 -.
71 814 174 856 352.
199 812 287 854 '361
321 815 580 855 rettulerunt.
614 816 664 855 of.
697 817 821 856 etiam
852 818 946 857 228.

751 942 994 978 ΛΑΚΩΝΕΣ

193 1033 295 1075 Cum
317 1048 341 1074 a
360 1035 474 1075 nullo
495 1036 656 1086 praeter
676 1035 916 1076 Erotianum
947 1040 1293 1090 commemoretur,
1314 1039 1492 1079 Lacones
1523 1042 1653 1080 autem

76 1091 228 1132 Eubuli
257 1092 440 1132 fabulam
470 1106 557 1133 esse
588 1095 767 1143 constet,
801 1095 1025 1134 Meinekius
1063 1109 1135 1146 pro
1166 1096 1362 1147 Eupolide
1399 1097 1547 1136 Eubuli
1585 1111 1654 1137 no-

74 1163 167 1190 men
196 1151 377 1191 restituit
406 1151 426 1189 Ι
459 1153 552 1192 115.
586 1152 665 1191 nisi
696 1152 800 1191 forte
830 1152 1046 1192 Erotianus
1077 1153 1253 1193 Lacones
1283 1155 1507 1195 nominavit
1537 1168 1652 1205 quam

49 1259 54 1264 ὓ
79 1209 202 1248 ceteri
232 1205 415 1256 Εἴλωτας
447 1209 601 1252 dicunt.

0 1211 9 1236 ι’

0 1245 10 1330 Ξ

834 1321 915 1364 179

352 1396 407 1444 τὰ
438 1399 625 1458 συκάρι’
659 1391 843 1458 ἐποίησε
873 1399 1106 1457 μυττωτὸν
1136 1403 1297 1445 πολύν.

189 1497 407 1538 Erotianus
440 1498 509 1547 94,
543 1499 596 1538 10
625 1497 746 1537 Klein
776 1492 1000 1548 μυττωτόν·
1040 1497 1080 1537 οἵ
1111 1495 1185 1549 μὲν
1217 1494 1383 1537 Ἀττικοὶ
1423 1493 1650 1550 ὑπότριμμά

75 1567 112 1592 τι
147 1550 246 1606 μετὰ
290 1553 488 1608 σκορόδου
524 1550 739 1608 γινόμενον
775 1549 946 1607 λέγουσι.
992 1553 1169 1602 Εὔπολις
1216 1552 1262 1596 δὲ
1302 1553 1344 1594 ἐν
1382 1551 1547 1594 Λάκωσι
1587 1553 1655 1594 τὸν

72 1608 232 1663 ἄμυλον
260 1610 387 1666 λέγων
416 1611 537 1663 φησί·
578 1610 625 1651 τὰ
665 1611 837 1662 συκάρια
875 1614 956 1651 κτλ.
995 1613 1179 1653 Kleinius
1209 1613 1424 1664 utrubique
1451 1610 1654 1663 μυτωτόν·

75 1665 258 1726 συκάρι’]
302 1668 497 1722 σκευάρια
534 1685 580 1720 φ.
622 1672 729 1709 ‘cum
767 1670 866 1710 ficus
903 1683 1033 1721 neque
1070 1671 1204 1721 amylo
1254 1671 1492 1710 conveniant
1526 1683 1655 1721 neque

74 1730 351 1768 memorentur
380 1729 424 1768 in
454 1728 704 1768 confectione
744 1728 890 1767 mor'eti
931 1727 1177 1779 (Schneider.
1212 1728 1414 1778 Theophr.
1445 1727 1506 1766 III
1536 1726 1651 1778 576),

75 1785 195 1825 scribi
225 1786 363 1825 malim
395 1781 442 1824 τὰ
474 1781 638 1838 φυτάρι’
682 1782 884 1835 ἐξεποίησε
914 1783 1119 1836 μυττωτὸν
1149 1781 1295 1836 πολύν,
1333 1785 1435 1824 sicut
1463 1784 1654 1823 vinitores

74 1839 221 1896 βότρυς
253 1840 508 1882 ἐκποιεῖσθαι
538 1843 756 1882 dicuntur’.
807 1842 983 1881 Lobeck.
1027 1842 1182 1881 Pathol.
1213 1842 1316 1892 prol.
1350 1843 1429 1880 391
1464 1841 1553 1879 adn.
1587 1843 1652 1881 19.

74 1900 250 1952 Hesyoh.
282 1898 511 1952 μυττωτόν·
543 1896 773 1952 ὑπότριμμά
804 1913 840 1937 τι
869 1896 936 1936 διὰ
968 1895 1188 1951 σκορόδων,
1222 1911 1267 1937 ac
1296 1899 1430 1949 paullo
1460 1900 1552 1937 ante
1584 1911 1653 1935 κυ-

74 1957 169 2011 ρίως
201 1954 244 1997 δὲ
283 1955 435 2010 λέγεται
472 1955 514 1996 τὸ
554 1955 622 1995 διὰ
662 1954 867 2008 σκορόδων
903 1955 1048 2008 τρῖμμά
1088 1970 1124 1994 τι
1162 1953 1201 2003 ἐξ
1238 1951 1460 2007 ἀρωμάτων
1495 1956 1655 1993 πολλῶν

74 2012 380 2066 συντιθέμενον.
442 2028 532 2054 cum
562 2016 698 2053 tamen
728 2015 823 2052 haec
855 2026 932 2052 vox
963 2015 1083 2053 etiam
1105 2013 1341 2052 translatam
1364 2013 1508 2051 habeat
1529 2012 1651 2063 signi-

75 2073 306 2112 ficationem
338 2069 407 2126 (cf.
439 2071 650 2121 Aristoph.
680 2070 800 2121 Vesp.
834 2072 886 2109 63
926 2084 1015 2110 cum
1056 2071 1217 2109 Terent.
1246 2070 1407 2111 Phorm.
1440 2070 1485 2121 2,
1518 2071 1563 2116 2,
1595 2068 1652 2121 4),

74 2130 246 2171 fortasse
284 2130 486 2169 sententia
527 2129 625 2168 haec
664 2130 726 2168 est
757 2128 878 2177 ‘ficus
907 2125 1138 2181 (corruptae
1178 2128 1242 2167 vel
1273 2124 1469 2177 comesne)
1508 2138 1655 2176 mayna

74 2189 190 2228 nobis
219 2189 396 2228 convicia
422 2187 572 2227 tulere’.

763 2309 984 2343 ΜΑΡΙΚΑΣ

192 2406 403 2456 Aristoph.
436 2405 543 2444 Nub.
577 2405 656 2443 551
677 2417 736 2455 sq.
767 2417 858 2443 oum
888 2404 1047 2443 scholiis
1077 2417 1115 2442 v.
1149 2402 1244 2441 553.
1276 2402 1371 2440 555.
1405 2402 1498 2439 556.
1533 2400 1651 2446 Quin-

78 2463 162 2503 tial.
197 2467 233 2512 1,
269 2465 333 2512 10,
370 2464 423 2502 18
455 2463 653 2510 Maricas,
695 2463 763 2511 qui
800 2464 853 2501 est
890 2461 1148 2510 Hyperboms.
1207 2471 1327 2509 quam
1364 2456 1652 2506 Aristophanes

78 2522 363 2560 commemorat
404 2524 538 2572 γραῦν
581 2515 790 2571 μεθύσην,
836 2531 883 2556 ea
920 2517 1143 2568 Hyperboli
1182 2519 1308 2554 mater
1345 2517 1418 2554 est.
1478 2513 1651 2563 Hesych-

77 2577 295 2630 Μαρικᾶν·
327 2576 524 2616 κίναιδον.
563 2576 606 2616 οἵ
638 2572 683 2614 δὲ
714 2572 962 2626 ὑποκόρισμα
1000 2572 1163 2612 παιδίου
1199 2570 1366 2623 ἄρρενος
1405 2568 1654 2622 βαρβαρικοῦ

77 2631 348 2689 (βαρβαρικόν
388 2633 596 2684 Meinek.).
649 2633 698 2672 de
734 2633 902 2671 flexione
941 2631 1112 2670 nominis
1151 2630 1200 2669 cf.
1230 2629 1450 2669 Herodian.
1484 2627 1523 2665 ΙΙ
1555 2627 1649 2674 636,

78 2693 146 2732 26.
182 2694 278 2744 637,
312 2694 378 2732 23.
411 2694 479 2732 26.
526 2693 629 2740 657,
664 2692 729 2730 20.
761 2691 828 2728 21.
881 2691 969 2728 acta
1015 2691 1075 2728 est
1118 2686 1252 2725 fabula
1298 2688 1456 2725 mortuo
1503 2684 1649 2723 Cleone

80 2745 148 2802 (fr.
190 2748 309 2803 196),
355 2750 590 2801 Hyperbolo
635 2749 715 2787 iam
767 2746 874 2796 apud
928 2747 1118 2797 populum
1171 2744 1300 2795 gratia
1349 2743 1515 2782 florente
1532 2771 1541 2789 ,
1589 2739 1651 2779 Ol.

80 2808 147 2855 89,
182 2808 206 2847 3
241 2802 341 2859 (non
377 2810 423 2846 ut
461 2807 682 2846 Meinekius
722 2805 797 2851 89,
830 2804 870 2844 4.
903 2802 1041 2843 Cobet.
1080 2801 1175 2841 Obs.
1214 2801 1301 2840 crit.
1342 2800 1421 2838 145
1466 2799 1556 2836 adn.
1598 2794 1651 2849 1).

79 2863 210 2904 Schol.
241 2864 453 2915 Aristoph.
477 2863 583 2903 Nub.
608 2863 689 2902 552
723 2859 787 2911 (αἱ
814 2856 1085 2913 διδασκαλίαι)
1116 2855 1311 2909 φέρουσιν
1341 2853 1507 2906 ὕστερον
1537 2852 1649 2906 τρίτῳ

79 2918 155 2960 ἔτει
187 2921 234 2975 (i.
266 2935 302 2961 e.
334 2922 490 2961 duobus
521 2920 654 2971 annis)
686 2911 753 2957 τὸν
786 2918 984 2969 Μαρικᾶν
1013 2921 1093 2955 τῶν
1132 2915 1342 2963 Νεφελῶν.
1402 2925 1501 2962 quae
1532 2911 1654 2949 fuerit

1316 2979 1383 3013 20*
