<?xml version="1.0" encoding="UTF-8"?>
<!DOCTYPE html PUBLIC "-//W3C//DTD XHTML 1.0 Transitional//EN"
    "http://www.w3.org/TR/xhtml1/DTD/xhtml1-transitional.dtd">
<html xmlns="http://www.w3.org/1999/xhtml" xml:lang="en" lang="en">
 <head>
  <title>
</title>
<meta http-equiv="Content-Type" content="text/html;charset=utf-8" />
  <meta name='ocr-system' content='tesseract 3.04.00' />
  <meta name='ocr-capabilities' content='ocr_page ocr_carea ocr_par ocr_line ocrx_word'/>
</head>
<body>
  <div class='ocr_page' id='page_1' title='image "./comicorumatticor01kockuoft_0283.png"; bbox 0 0 1872 3224; ppageno 0'>
   <div class='ocr_carea' id='block_1_1' title="bbox 0 0 164 1201">
    <p class='ocr_par' dir='ltr' id='par_1_1' title="bbox 0 0 164 1201">
     <span class='ocr_line' id='line_1_1' title="bbox 0 0 164 1201; baseline 0 -940"><span class='ocrx_word' id='word_1_1' title='bbox 0 0 164 1201; x_wconf 95' lang='lat' dir='ltr'><em>    </em></span> 
     </span>
    </p>
   </div>
   <div class='ocr_carea' id='block_1_2' title="bbox 432 190 1681 246">
    <p class='ocr_par' dir='ltr' id='par_1_2' title="bbox 432 190 1681 246">
     <span class='ocr_line' id='line_1_2' title="bbox 432 190 1681 246; baseline 0.014 -23"><span class='ocrx_word' id='word_1_2' title='bbox 432 190 701 226; x_wconf 83' lang='grc' dir='ltr'><strong>ΜΤΡΤΙΑΟΤ</strong></span> <span class='ocrx_word' id='word_1_3' title='bbox 739 193 934 229; x_wconf 79' lang='grc' dir='ltr'><strong>ΕΡΩΤΕΣ</strong></span> <span class='ocrx_word' id='word_1_4' title='bbox 973 197 1327 234; x_wconf 84' lang='grc' dir='ltr'><strong>ΤῙΤΑΝΟΠΑΝΕΣ</strong></span> <span class='ocrx_word' id='word_1_5' title='bbox 1597 205 1681 246; x_wconf 78' lang='grc'><em>253</em></span> 
     </span>
    </p>
   </div>
   <div class='ocr_carea' id='block_1_3' title="bbox 6 293 1682 424">
    <p class='ocr_par' dir='ltr' id='par_1_3' title="bbox 2 286 1682 424">
     <span class='ocr_line' id='line_1_3' title="bbox 66 293 1682 357; baseline 0.01 -24.352"><span class='ocrx_word' id='word_1_6' title='bbox 66 293 255 354; x_wconf 45' lang='lat' dir='ltr'><em>j‘eharmi</em></span> <span class='ocrx_word' id='word_1_7' title='bbox 284 307 433 335; x_wconf 84' lang='lat' dir='ltr'>nomen</span> <span class='ocrx_word' id='word_1_8' title='bbox 470 310 544 347; x_wconf 89' lang='lat' dir='ltr'><em>pro</em></span> <span class='ocrx_word' id='word_1_9' title='bbox 583 298 805 350; x_wconf 86' lang='lat' dir='ltr'><strong>Hermippo</strong></span> <span class='ocrx_word' id='word_1_10' title='bbox 842 303 1117 352; x_wconf 80' lang='lat' dir='ltr'>reponendum</span> <span class='ocrx_word' id='word_1_11' title='bbox 1149 307 1229 354; x_wconf 73' lang='lat' dir='ltr'><strong>est,</strong></span> <span class='ocrx_word' id='word_1_12' title='bbox 1271 307 1466 357; x_wconf 77' lang='lat' dir='ltr'><strong>suspicari</strong></span> <span class='ocrx_word' id='word_1_13' title='bbox 1495 308 1590 348; x_wconf 78' lang='lat' dir='ltr'><strong>licet</strong></span> <span class='ocrx_word' id='word_1_14' title='bbox 1621 309 1682 348; x_wconf 88' lang='lat' dir='ltr'><em>Si-</em></span> 
     </span>
     <span class='ocr_line' id='line_1_4' title="bbox 6 351 1680 424; baseline 0.01 -34"><span class='ocrx_word' id='word_1_15' title='bbox 6 375 7 378; x_wconf 61' lang='lat'><em>=</em></span> <span class='ocrx_word' id='word_1_16' title='bbox 51 351 234 424; x_wconf 37' lang='lat' dir='ltr'>mulum</span> <span class='ocrx_word' id='word_1_17' title='bbox 264 352 481 394; x_wconf 85' lang='lat' dir='ltr'><em>hominem·</em></span> <span class='ocrx_word' id='word_1_18' title='bbox 500 355 550 394; x_wconf 81' lang='lat' dir='ltr'><em>ab</em></span> <span class='ocrx_word' id='word_1_19' title='bbox 580 356 804 408; x_wconf 88' lang='lat' dir='ltr'>Hermippo</span> <span class='ocrx_word' id='word_1_20' title='bbox 834 358 1046 400; x_wconf 77' lang='lat' dir='ltr'><em>inductum</em></span> <span class='ocrx_word' id='word_1_21' title='bbox 1077 362 1188 402; x_wconf 82' lang='lat' dir='ltr'><strong>esse&#39;</strong></span> <span class='ocrx_word' id='word_1_22' title='bbox 1219 363 1464 414; x_wconf 80' lang='lat' dir='ltr'>loquentem.</span> <span class='ocrx_word' id='word_1_23' title='bbox 1508 366 1680 406; x_wconf 82' lang='lat' dir='ltr'><strong>Meinek.</strong></span> 
     </span>
    </p>
   </div>
   <div class='ocr_carea' id='block_1_4' title="bbox 4 471 1680 843">
    <p class='ocr_par' dir='ltr' id='par_1_4' title="bbox 298 471 926 580">
     <span class='ocr_line' id='line_1_5' title="bbox 306 471 926 536; baseline 0.008 -26"><span class='ocrx_word' id='word_1_24' title='bbox 306 494 310 497; x_wconf 50' lang='grc'><strong>«</strong></span> <span class='ocrx_word' id='word_1_25' title='bbox 351 526 370 536; x_wconf 65' lang='lat'><em>„</em></span> <span class='ocrx_word' id='word_1_26' title='bbox 873 471 926 515; x_wconf 84' lang='lat'><em>97</em></span> 
     </span>
     <span class='ocr_line' id='line_1_6' title="bbox 298 531 450 580; baseline 0.02 -3"><span class='ocrx_word' id='word_1_27' title='bbox 298 531 450 580; x_wconf 64' lang='lat' dir='ltr'><em>&#39;tpvxos</em></span> 
     </span>
    </p>

    <p class='ocr_par' dir='ltr' id='par_1_5' title="bbox 4 604 1680 843">
     <span class='ocr_line' id='line_1_7' title="bbox 13 604 1679 668; baseline 0.008 -22"><span class='ocrx_word' id='word_1_28' title='bbox 13 627 17 630; x_wconf 92' lang='lat'>·</span> <span class='ocrx_word' id='word_1_29' title='bbox 51 629 57 633; x_wconf 79' lang='lat'><em>-</em></span> <span class='ocrx_word' id='word_1_30' title='bbox 212 604 258 648; x_wconf 84' lang='grc' dir='ltr'><em>τὸ</em></span> <span class='ocrx_word' id='word_1_31' title='bbox 288 606 415 662; x_wconf 76' lang='grc' dir='ltr'><em>ῥῖγος.</em></span> <span class='ocrx_word' id='word_1_32' title='bbox 463 605 677 662; x_wconf 88' lang='grc' dir='ltr'><em>Ἡρόδοτος</em></span> <span class='ocrx_word' id='word_1_33' title='bbox 710 608 771 663; x_wconf 87' lang='grc'><em>(4,</em></span> <span class='ocrx_word' id='word_1_34' title='bbox 805 611 890 664; x_wconf 88' lang='grc'><strong>28),</strong></span> <span class='ocrx_word' id='word_1_35' title='bbox 922 608 1019 652; x_wconf 76' lang='grc' dir='ltr'><em>ἀλλὰ</em></span> <span class='ocrx_word' id='word_1_36' title='bbox 1051 612 1118 654; x_wconf 84' lang='grc' dir='ltr'><em>καὶ</em></span> <span class='ocrx_word' id='word_1_37' title='bbox 1136 612 1376 668; x_wconf 66' lang='grc' dir='ltr'><em>“Ἐρμιππος.</em></span> <span class='ocrx_word' id='word_1_38' title='bbox 1409 619 1587 660; x_wconf 76' lang='lat' dir='ltr'><strong>Photius.</strong></span> <span class='ocrx_word' id='word_1_39' title='bbox 1635 634 1679 660; x_wconf 84' lang='lat' dir='ltr'><em>ac</em></span> 
     </span>
     <span class='ocr_line' id='line_1_8' title="bbox 95 666 1680 732; baseline 0.007 -25.583"><span class='ocrx_word' id='word_1_40' title='bbox 95 666 154 707; x_wconf 80' lang='lat' dir='ltr'><em>sie</em></span> <span class='ocrx_word' id='word_1_41' title='bbox 181 666 389 718; x_wconf 77' lang='lat' dir='ltr'><strong>Aristoph.</strong></span> <span class='ocrx_word' id='word_1_42' title='bbox 423 667 534 708; x_wconf 84' lang='lat' dir='ltr'>Eccl.</span> <span class='ocrx_word' id='word_1_43' title='bbox 566 669 663 709; x_wconf 80' lang='lat'><strong>539.</strong></span> <span class='ocrx_word' id='word_1_44' title='bbox 696 669 805 710; x_wconf 73' lang='lat' dir='ltr'><strong>Plut.</strong></span> <span class='ocrx_word' id='word_1_45' title='bbox 828 672 922 711; x_wconf 88' lang='lat'><strong>896.</strong></span> <span class='ocrx_word' id='word_1_46' title='bbox 954 671 1055 711; x_wconf 74' lang='lat' dir='ltr'>Plat.</span> <span class='ocrx_word' id='word_1_47' title='bbox 1088 672 1226 724; x_wconf 86' lang='lat' dir='ltr'>Symp.</span> <span class='ocrx_word' id='word_1_48' title='bbox 1251 676 1368 715; x_wconf 85' lang='lat' dir='ltr'>220d</span> <span class='ocrx_word' id='word_1_49' title='bbox 1400 673 1444 715; x_wconf 82' lang='grc' dir='ltr'><em>ἐν</em></span> <span class='ocrx_word' id='word_1_50' title='bbox 1474 682 1527 732; x_wconf 78' lang='grc' dir='ltr'><em>τῷ</em></span> <span class='ocrx_word' id='word_1_51' title='bbox 1556 676 1680 730; x_wconf 83' lang='grc' dir='ltr'><strong><em>ψύχει</em></strong></span> 
     </span>
     <span class='ocr_line' id='line_1_9' title="bbox 4 722 566 776; baseline 0.018 -18"><span class='ocrx_word' id='word_1_52' title='bbox 4 733 18 766; x_wconf 58' lang='grc' dir='ltr'><em>,ς</em></span> <span class='ocrx_word' id='word_1_53' title='bbox 35 750 47 755; x_wconf 86' lang='lat'>.</span> <span class='ocrx_word' id='word_1_54' title='bbox 94 722 325 776; x_wconf 72' lang='grc' dir='ltr'><strong><em>καθηῦδον.</em></strong></span> <span class='ocrx_word' id='word_1_55' title='bbox 563 736 566 744; x_wconf 93' lang='grc'><strong><em>·</em></strong></span> 
     </span>
     <span class='ocr_line' id='line_1_10' title="bbox 83 802 1125 843; baseline 0.006 -6"><span class='ocrx_word' id='word_1_56' title='bbox 83 802 85 822; x_wconf 62' lang='lat'>³</span> <span class='ocrx_word' id='word_1_57' title='bbox 662 806 1125 843; x_wconf 85' lang='grc' dir='ltr'><strong>ΑΜΦῙΣΒΗΤΗΣῙΜΟΝ</strong></span> 
     </span>
    </p>
   </div>
   <div class='ocr_carea' id='block_1_5' title="bbox 2 883 1676 1119">
    <p class='ocr_par' dir='ltr' id='par_1_6' title="bbox 2 883 1676 1119">
     <span class='ocr_line' id='line_1_11' title="bbox 34 883 1676 948; baseline 0.006 -21.88"><span class='ocrx_word' id='word_1_58' title='bbox 34 914 35 917; x_wconf 57' lang='lat'><em>=</em></span> <span class='ocrx_word' id='word_1_59' title='bbox 208 887 384 939; x_wconf 81' lang='lat' dir='ltr'><strong>Hesych.</strong></span> <span class='ocrx_word' id='word_1_60' title='bbox 407 884 640 942; x_wconf 88' lang='grc' dir='ltr'><em>νυμφὸβας·</em></span> <span class='ocrx_word' id='word_1_61' title='bbox 657 883 831 941; x_wconf 79' lang='grc' dir='ltr'><em>Ἀχαιός.</em></span> <span class='ocrx_word' id='word_1_62' title='bbox 854 886 875 929; x_wconf 82' lang='grc' dir='ltr'><em>ὅ</em></span> <span class='ocrx_word' id='word_1_63' title='bbox 896 888 1088 942; x_wconf 80' lang='grc' dir='ltr'><strong><em>Σειληνὸς</em></strong></span> <span class='ocrx_word' id='word_1_64' title='bbox 1110 888 1332 944; x_wconf 80' lang='grc' dir='ltr'><em>ἐπιβαίνων</em></span> <span class='ocrx_word' id='word_1_65' title='bbox 1359 897 1444 941; x_wconf 84' lang='grc' dir='ltr'><em>ταῖς</em></span> <span class='ocrx_word' id='word_1_66' title='bbox 1465 894 1676 948; x_wconf 87' lang='grc' dir='ltr'><em>Νύμφαις.</em></span> 
     </span>
     <span class='ocr_line' id='line_1_12' title="bbox 2 942 1674 1006; baseline 0.005 -21"><span class='ocrx_word' id='word_1_67' title='bbox 2 955 39 1004; x_wconf 67' lang='grc' dir='ltr'><em>Ιτί</em></span> <span class='ocrx_word' id='word_1_68' title='bbox 94 942 163 984; x_wconf 80' lang='grc' dir='ltr'><em>καὶ</em></span> <span class='ocrx_word' id='word_1_69' title='bbox 179 942 223 984; x_wconf 78' lang='grc' dir='ltr'><em>ἐν</em></span> <span class='ocrx_word' id='word_1_70' title='bbox 241 944 443 998; x_wconf 82' lang='grc' dir='ltr'><em>Μοίραις·</em></span> <span class='ocrx_word' id='word_1_71' title='bbox 465 945 643 999; x_wconf 78' lang='grc' dir='ltr'><em>βαβαί,</em></span> <span class='ocrx_word' id='word_1_72' title='bbox 665 947 839 1000; x_wconf 82' lang='grc' dir='ltr'><em>βαβαί,</em></span> <span class='ocrx_word' id='word_1_73' title='bbox 863 946 1084 1000; x_wconf 85' lang='grc' dir='ltr'><em>βήσομαι</em></span> <span class='ocrx_word' id='word_1_74' title='bbox 1103 964 1163 1002; x_wconf 89' lang='grc' dir='ltr'><em>γυ</em></span> <span class='ocrx_word' id='word_1_75' title='bbox 1175 947 1473 1004; x_wconf 82' lang='grc' dir='ltr'><em>ναῖκες(-ας).</em></span> <span class='ocrx_word' id='word_1_76' title='bbox 1496 953 1674 1006; x_wconf 80' lang='grc' dir='ltr'><em>Μοίραις</em></span> 
     </span>
     <span class='ocr_line' id='line_1_13' title="bbox 4 1001 1676 1060; baseline 0.006 -19"><span class='ocrx_word' id='word_1_77' title='bbox 4 1017 25 1059; x_wconf 60' lang='lat' dir='ltr'><em>r*</em></span> <span class='ocrx_word' id='word_1_78' title='bbox 94 1001 282 1057; x_wconf 67' lang='lat' dir='ltr'><strong>casaub]</strong></span> <span class='ocrx_word' id='word_1_79' title='bbox 305 1002 361 1055; x_wconf 71' lang='grc' dir='ltr'><em>μί</em></span> <span class='ocrx_word' id='word_1_80' title='bbox 383 1005 470 1045; x_wconf 84' lang='lat' dir='ltr'>cod.</span> <span class='ocrx_word' id='word_1_81' title='bbox 492 1017 693 1056; x_wconf 83' lang='lat' dir='ltr'><strong>suprascr.</strong></span> <span class='ocrx_word' id='word_1_82' title='bbox 714 1019 749 1058; x_wconf 84' lang='grc' dir='ltr'><em>ρ,</em></span> <span class='ocrx_word' id='word_1_83' title='bbox 782 1007 970 1046; x_wconf 80' lang='lat' dir='ltr'><strong>Musurus</strong></span> <span class='ocrx_word' id='word_1_84' title='bbox 1000 1003 1154 1060; x_wconf 82' lang='grc' dir='ltr'><em>μύροις.</em></span> <span class='ocrx_word' id='word_1_85' title='bbox 1184 1009 1239 1047; x_wconf 91' lang='grc' dir='ltr'><em>Μ.</em></span> <span class='ocrx_word' id='word_1_86' title='bbox 1273 1008 1516 1050; x_wconf 79' lang='lat' dir='ltr'><em>Schmidtius</em></span> <span class='ocrx_word' id='word_1_87' title='bbox 1547 1012 1676 1051; x_wconf 90' lang='lat' dir='ltr'>solum</span> 
     </span>
     <span class='ocr_line' id='line_1_14' title="bbox 93 1059 1673 1119; baseline 0.005 -18.525"><span class='ocrx_word' id='word_1_88' title='bbox 93 1059 311 1113; x_wconf 87' lang='grc' dir='ltr'><em>νυμφόβας</em></span> <span class='ocrx_word' id='word_1_89' title='bbox 332 1063 483 1103; x_wconf 84' lang='lat' dir='ltr'><strong>Achaei</strong></span> <span class='ocrx_word' id='word_1_90' title='bbox 505 1076 590 1103; x_wconf 81' lang='lat' dir='ltr'><strong>esse</strong></span> <span class='ocrx_word' id='word_1_91' title='bbox 621 1065 770 1115; x_wconf 77' lang='lat' dir='ltr'><strong>censet,</strong></span> <span class='ocrx_word' id='word_1_92' title='bbox 793 1067 924 1104; x_wconf 81' lang='lat' dir='ltr'>cetera</span> <span class='ocrx_word' id='word_1_93' title='bbox 945 1065 995 1103; x_wconf 84' lang='lat' dir='ltr'><em>ad</em></span> <span class='ocrx_word' id='word_1_94' title='bbox 1016 1065 1228 1117; x_wconf 82' lang='lat' dir='ltr'><em>Hermippi</em></span> <span class='ocrx_word' id='word_1_95' title='bbox 1259 1065 1422 1119; x_wconf 90' lang='grc' dir='ltr'><em>Μοίρας</em></span> <span class='ocrx_word' id='word_1_96' title='bbox 1451 1069 1673 1109; x_wconf 85' lang='lat' dir='ltr'><strong>referenda.</strong></span> 
     </span>
    </p>
   </div>
   <div class='ocr_carea' id='block_1_6' title="bbox 766 1166 1027 1172">
    <p class='ocr_par' dir='ltr' id='par_1_7' title="bbox 766 1166 1027 1172">
     <span class='ocr_line' id='line_1_15' title="bbox 766 1166 1027 1172; baseline 0 0"><span class='ocrx_word' id='word_1_97' title='bbox 766 1166 1027 1172; x_wconf 95' lang='lat' dir='ltr'><em> </em></span> 
     </span>
    </p>
   </div>
   <div class='ocr_carea' id='block_1_7' title="bbox 0 1246 1098 1477">
    <p class='ocr_par' dir='ltr' id='par_1_8' title="bbox 0 1240 1098 1477">
     <span class='ocr_line' id='line_1_16' title="bbox 0 1246 1098 1330; baseline 0.003 -35"><span class='ocrx_word' id='word_1_98' title='bbox 0 1276 20 1330; x_wconf 54' lang='grc' dir='ltr'>Ξ</span> <span class='ocrx_word' id='word_1_99' title='bbox 672 1246 777 1295; x_wconf 82' lang='grc' dir='ltr'><em>ΜΤ</em></span> <span class='ocrx_word' id='word_1_100' title='bbox 787 1247 829 1296; x_wconf 92' lang='grc' dir='ltr'>Ρ</span> <span class='ocrx_word' id='word_1_101' title='bbox 839 1247 885 1296; x_wconf 88' lang='grc' dir='ltr'>Τ</span> <span class='ocrx_word' id='word_1_102' title='bbox 895 1247 921 1295; x_wconf 94' lang='grc' dir='ltr'>Ι</span> <span class='ocrx_word' id='word_1_103' title='bbox 931 1247 983 1296; x_wconf 91' lang='grc' dir='ltr'><strong>Λ</strong></span> <span class='ocrx_word' id='word_1_104' title='bbox 999 1247 1043 1298; x_wconf 92' lang='grc' dir='ltr'>Ο</span> <span class='ocrx_word' id='word_1_105' title='bbox 1055 1249 1098 1297; x_wconf 90' lang='grc' dir='ltr'><strong>Σ</strong></span> 
     </span>
     <span class='ocr_line' id='line_1_17' title="bbox 0 1341 1064 1400; baseline 0 -20"><span class='ocrx_word' id='word_1_106' title='bbox 0 1358 12 1400; x_wconf 62' lang='lat'><em>3:</em></span> <span class='ocrx_word' id='word_1_107' title='bbox 31 1349 35 1352; x_wconf 85' lang='grc'><strong>’</strong></span> <span class='ocrx_word' id='word_1_108' title='bbox 710 1341 885 1381; x_wconf 84' lang='lat' dir='ltr'><strong>Meinek.</strong></span> <span class='ocrx_word' id='word_1_109' title='bbox 917 1341 937 1380; x_wconf 92' lang='grc' dir='ltr'><strong>Ι</strong></span> <span class='ocrx_word' id='word_1_110' title='bbox 971 1343 1064 1382; x_wconf 87' lang='grc'><strong>100.</strong></span> 
     </span>
     <span class='ocr_line' id='line_1_18' title="bbox 0 1405 988 1477; baseline 0.006 -6"><span class='ocrx_word' id='word_1_111' title='bbox 0 1405 18 1471; x_wconf 12' lang='lat' dir='ltr'><em>:b</em></span> <span class='ocrx_word' id='word_1_112' title='bbox 789 1443 988 1477; x_wconf 78' lang='grc' dir='ltr'><strong>ΕΡΩΤΕΣ</strong></span> 
     </span>
    </p>
   </div>
   <div class='ocr_carea' id='block_1_8' title="bbox 207 1514 901 1555">
    <p class='ocr_par' dir='ltr' id='par_1_9' title="bbox 207 1514 901 1555">
     <span class='ocr_line' id='line_1_19' title="bbox 207 1514 901 1555; baseline 0 -1"><span class='ocrx_word' id='word_1_113' title='bbox 207 1514 246 1554; x_wconf 83' lang='grc' dir='ltr'><strong>Α</strong></span> <span class='ocrx_word' id='word_1_114' title='bbox 276 1514 362 1554; x_wconf 89' lang='lat' dir='ltr'><strong>solo</strong></span> <span class='ocrx_word' id='word_1_115' title='bbox 395 1514 522 1554; x_wconf 81' lang='lat' dir='ltr'><strong>Suida</strong></span> <span class='ocrx_word' id='word_1_116' title='bbox 551 1516 901 1555; x_wconf 78' lang='lat' dir='ltr'>commemoratur.</span> 
     </span>
    </p>
   </div>
   <div class='ocr_carea' id='block_1_9' title="bbox 711 1628 1064 1663">
    <p class='ocr_par' dir='ltr' id='par_1_10' title="bbox 711 1628 1064 1663">
     <span class='ocr_line' id='line_1_20' title="bbox 711 1628 1064 1663; baseline 0.003 -1"><span class='ocrx_word' id='word_1_117' title='bbox 711 1628 890 1663; x_wconf 84' lang='lat' dir='ltr'><strong>TITANO</strong></span> <span class='ocrx_word' id='word_1_118' title='bbox 897 1628 1064 1663; x_wconf 86' lang='grc' dir='ltr'><strong>ΠΑΝΕΣ</strong></span> 
     </span>
    </p>
   </div>
   <div class='ocr_carea' id='block_1_10' title="bbox 89 1700 1672 2096">
    <p class='ocr_par' dir='ltr' id='par_1_11' title="bbox 89 1700 1672 2096">
     <span class='ocr_line' id='line_1_21' title="bbox 207 1700 1672 1752; baseline 0.001 -12"><span class='ocrx_word' id='word_1_119' title='bbox 207 1700 385 1740; x_wconf 84' lang='lat' dir='ltr'><strong>Meinek.</strong></span> <span class='ocrx_word' id='word_1_120' title='bbox 416 1700 438 1739; x_wconf 97' lang='lat' dir='ltr'>I</span> <span class='ocrx_word' id='word_1_121' title='bbox 470 1702 564 1740; x_wconf 90' lang='lat'>100.</span> <span class='ocrx_word' id='word_1_122' title='bbox 599 1701 634 1738; x_wconf 92' lang='lat'><em>1.</em></span> <span class='ocrx_word' id='word_1_123' title='bbox 668 1700 718 1739; x_wconf 83' lang='lat' dir='ltr'><em>ad</em></span> <span class='ocrx_word' id='word_1_124' title='bbox 747 1701 923 1740; x_wconf 83' lang='lat' dir='ltr'><strong>incestos</strong></span> <span class='ocrx_word' id='word_1_125' title='bbox 963 1713 1179 1751; x_wconf 84' lang='lat' dir='ltr'>puerorum</span> <span class='ocrx_word' id='word_1_126' title='bbox 1211 1714 1365 1741; x_wconf 84' lang='lat' dir='ltr'>amores</span> <span class='ocrx_word' id='word_1_127' title='bbox 1396 1701 1554 1742; x_wconf 79' lang='lat' dir='ltr'><strong>videtur</strong></span> <span class='ocrx_word' id='word_1_128' title='bbox 1583 1715 1672 1752; x_wconf 80' lang='lat' dir='ltr'>per-</span> 
     </span>
     <span class='ocr_line' id='line_1_22' title="bbox 90 1754 1671 1810; baseline 0.001 -14"><span class='ocrx_word' id='word_1_129' title='bbox 90 1757 272 1799; x_wconf 83' lang='lat' dir='ltr'><strong>tinuisse.</strong></span> <span class='ocrx_word' id='word_1_130' title='bbox 324 1757 499 1810; x_wconf 82' lang='lat' dir='ltr'><strong>Hesych.</strong></span> <span class='ocrx_word' id='word_1_131' title='bbox 538 1754 678 1796; x_wconf 74' lang='grc' dir='ltr'><em>Τιτάν·</em></span> <span class='ocrx_word' id='word_1_132' title='bbox 709 1756 993 1809; x_wconf 83' lang='grc' dir='ltr'><em>παιδεραστής.</em></span> <span class='ocrx_word' id='word_1_133' title='bbox 1033 1758 1138 1798; x_wconf 85' lang='lat' dir='ltr'><em>idem</em></span> <span class='ocrx_word' id='word_1_134' title='bbox 1170 1763 1317 1806; x_wconf 79' lang='grc' dir='ltr'><em>πᾶνες·</em></span> <span class='ocrx_word' id='word_1_135' title='bbox 1349 1756 1442 1806; x_wconf 82' lang='grc' dir='ltr'><em>τοὺς</em></span> <span class='ocrx_word' id='word_1_136' title='bbox 1473 1756 1671 1797; x_wconf 80' lang='grc' dir='ltr'><em>ἐσπουδα-</em></span> 
     </span>
     <span class='ocr_line' id='line_1_23' title="bbox 90 1810 1672 1868; baseline 0.001 -15"><span class='ocrx_word' id='word_1_137' title='bbox 90 1810 208 1863; x_wconf 81' lang='grc' dir='ltr'><em>κότας</em></span> <span class='ocrx_word' id='word_1_138' title='bbox 239 1813 429 1868; x_wconf 79' lang='grc' dir='ltr'><em>σφοδρῶς</em></span> <span class='ocrx_word' id='word_1_139' title='bbox 459 1813 548 1867; x_wconf 82' lang='grc' dir='ltr'><em>περὶ</em></span> <span class='ocrx_word' id='word_1_140' title='bbox 579 1812 649 1862; x_wconf 80' lang='grc' dir='ltr'><em>τὰς</em></span> <span class='ocrx_word' id='word_1_141' title='bbox 681 1814 897 1863; x_wconf 85' lang='grc' dir='ltr'><em>συνουσίας</em></span> <span class='ocrx_word' id='word_1_142' title='bbox 929 1813 1076 1868; x_wconf 77' lang='grc' dir='ltr'><em>ἔλεγον.</em></span> <span class='ocrx_word' id='word_1_143' title='bbox 1106 1816 1222 1856; x_wconf 76' lang='lat' dir='ltr'>Phot.</span> <span class='ocrx_word' id='word_1_144' title='bbox 1255 1817 1351 1864; x_wconf 84' lang='lat'>592,</span> <span class='ocrx_word' id='word_1_145' title='bbox 1384 1817 1408 1854; x_wconf 84' lang='lat'>2</span> <span class='ocrx_word' id='word_1_146' title='bbox 1448 1812 1672 1867; x_wconf 79' lang='grc' dir='ltr'><em>ἐνομίζοντο</em></span> 
     </span>
     <span class='ocr_line' id='line_1_24' title="bbox 91 1867 1669 1925; baseline 0.003 -15"><span class='ocrx_word' id='word_1_147' title='bbox 91 1869 135 1911; x_wconf 81' lang='grc' dir='ltr'><em>δὲ</em></span> <span class='ocrx_word' id='word_1_148' title='bbox 167 1872 227 1925; x_wconf 76' lang='grc' dir='ltr'><em>(οἱ</em></span> <span class='ocrx_word' id='word_1_149' title='bbox 246 1874 430 1925; x_wconf 80' lang='grc' dir='ltr'><em>Τιτᾶνες)</em></span> <span class='ocrx_word' id='word_1_150' title='bbox 462 1878 544 1912; x_wconf 81' lang='grc' dir='ltr'><em>τῶν</em></span> <span class='ocrx_word' id='word_1_151' title='bbox 574 1871 836 1924; x_wconf 75' lang='grc' dir='ltr'><em>Πριαπωδεόν</em></span> <span class='ocrx_word' id='word_1_152' title='bbox 865 1875 979 1912; x_wconf 79' lang='grc' dir='ltr'><em>θεῶν</em></span> <span class='ocrx_word' id='word_1_153' title='bbox 1009 1867 1125 1912; x_wconf 82' lang='grc' dir='ltr'><em>εἶναι.</em></span> <span class='ocrx_word' id='word_1_154' title='bbox 1173 1875 1221 1912; x_wconf 87' lang='lat' dir='ltr'><em>de</em></span> <span class='ocrx_word' id='word_1_155' title='bbox 1251 1876 1417 1913; x_wconf 78' lang='lat' dir='ltr'>accentu</span> <span class='ocrx_word' id='word_1_156' title='bbox 1447 1873 1669 1915; x_wconf 84' lang='lat' dir='ltr'><strong>Herodian.</strong></span> 
     </span>
     <span class='ocr_line' id='line_1_25' title="bbox 89 1926 1671 1983; baseline 0 -14"><span class='ocrx_word' id='word_1_157' title='bbox 89 1930 110 1969; x_wconf 93' lang='lat' dir='ltr'>I</span> <span class='ocrx_word' id='word_1_158' title='bbox 143 1933 207 1980; x_wconf 89' lang='lat'><em>13,</em></span> <span class='ocrx_word' id='word_1_159' title='bbox 232 1932 285 1970; x_wconf 86' lang='lat'><em>28</em></span> <span class='ocrx_word' id='word_1_160' title='bbox 316 1931 455 1970; x_wconf 84' lang='lat' dir='ltr'>Lentz.</span> <span class='ocrx_word' id='word_1_161' title='bbox 487 1926 534 1969; x_wconf 79' lang='grc' dir='ltr'><em>τὰ</em></span> <span class='ocrx_word' id='word_1_162' title='bbox 564 1930 619 1978; x_wconf 83' lang='grc' dir='ltr'><em>εἰς</em></span> <span class='ocrx_word' id='word_1_163' title='bbox 650 1931 703 1968; x_wconf 70' lang='grc' dir='ltr'><em>ἆῖ)</em></span> <span class='ocrx_word' id='word_1_164' title='bbox 733 1929 914 1969; x_wconf 80' lang='grc' dir='ltr'><em>σύνθετα</em></span> <span class='ocrx_word' id='word_1_165' title='bbox 944 1926 1023 1969; x_wconf 80' lang='grc' dir='ltr'><em>ἀπὸ</em></span> <span class='ocrx_word' id='word_1_166' title='bbox 1053 1927 1194 1969; x_wconf 77' lang='grc' dir='ltr'><em>ἁπλῶν</em></span> <span class='ocrx_word' id='word_1_167' title='bbox 1223 1929 1360 1983; x_wconf 76' lang='grc' dir='ltr'><em>ῥητῶν</em></span> <span class='ocrx_word' id='word_1_168' title='bbox 1386 1929 1519 1969; x_wconf 78' lang='grc' dir='ltr'><em>πάντα</em></span> <span class='ocrx_word' id='word_1_169' title='bbox 1548 1929 1671 1983; x_wconf 87' lang='grc' dir='ltr'><em>βαρύ-</em></span> 
     </span>
     <span class='ocr_line' id='line_1_26' title="bbox 90 1982 1670 2040; baseline -0.001 -14"><span class='ocrx_word' id='word_1_170' title='bbox 90 2001 250 2039; x_wconf 84' lang='grc' dir='ltr'><em>νονται,</em></span> <span class='ocrx_word' id='word_1_171' title='bbox 282 1982 370 2027; x_wconf 87' lang='grc' dir='ltr'><em>οἷον</em></span> <span class='ocrx_word' id='word_1_172' title='bbox 399 1984 594 2039; x_wconf 77' lang='grc' dir='ltr'><em>εύπαίαν,</em></span> <span class='ocrx_word' id='word_1_173' title='bbox 634 1986 836 2039; x_wconf 76' lang='grc' dir='ltr'><em>Αἰγίπαν,</em></span> <span class='ocrx_word' id='word_1_174' title='bbox 863 1983 1090 2040; x_wconf 82' lang='grc' dir='ltr'><em>Ἑρμόπαν,</em></span> <span class='ocrx_word' id='word_1_175' title='bbox 1118 1984 1330 2039; x_wconf 77' lang='grc' dir='ltr'><em>Ἀντίπαν,</em></span> <span class='ocrx_word' id='word_1_176' title='bbox 1362 1984 1560 2039; x_wconf 82' lang='grc' dir='ltr'><em>Εὐήπαν,</em></span> <span class='ocrx_word' id='word_1_177' title='bbox 1603 1990 1670 2026; x_wconf 88' lang='grc' dir='ltr'><em>Τι-</em></span> 
     </span>
     <span class='ocr_line' id='line_1_27' title="bbox 91 2042 1483 2096; baseline 0 -12"><span class='ocrx_word' id='word_1_178' title='bbox 91 2042 290 2096; x_wconf 84' lang='grc' dir='ltr'><em>τανόπαν,</em></span> <span class='ocrx_word' id='word_1_179' title='bbox 323 2044 552 2085; x_wconf 83' lang='grc' dir='ltr'><em>Αἰνοτίταν.</em></span> <span class='ocrx_word' id='word_1_180' title='bbox 585 2046 635 2085; x_wconf 88' lang='lat' dir='ltr'><em>cf.</em></span> <span class='ocrx_word' id='word_1_181' title='bbox 666 2045 708 2084; x_wconf 89' lang='lat' dir='ltr'><em>II</em></span> <span class='ocrx_word' id='word_1_182' title='bbox 739 2046 834 2093; x_wconf 82' lang='lat'><strong>642,</strong></span> <span class='ocrx_word' id='word_1_183' title='bbox 871 2047 935 2088; x_wconf 86' lang='lat'><em>11.</em></span> <span class='ocrx_word' id='word_1_184' title='bbox 968 2045 1138 2085; x_wconf 84' lang='lat' dir='ltr'><strong>Bekker.</strong></span> <span class='ocrx_word' id='word_1_185' title='bbox 1171 2046 1325 2087; x_wconf 85' lang='lat' dir='ltr'><strong>Anecd.</strong></span> <span class='ocrx_word' id='word_1_186' title='bbox 1361 2047 1483 2084; x_wconf 88' lang='lat'>1198.</span> 
     </span>
    </p>
   </div>
   <div class='ocr_carea' id='block_1_11' title="bbox 871 2147 889 2187">
    <p class='ocr_par' dir='ltr' id='par_1_12' title="bbox 871 2147 889 2187">
     <span class='ocr_line' id='line_1_28' title="bbox 871 2147 889 2187; baseline 0 0"><span class='ocrx_word' id='word_1_187' title='bbox 871 2147 889 2187; x_wconf 94' lang='lat'>1</span> 
     </span>
    </p>
   </div>
   <div class='ocr_carea' id='block_1_12' title="bbox 16 2225 1672 2687">
    <p class='ocr_par' dir='ltr' id='par_1_13' title="bbox 89 2225 1672 2402">
     <span class='ocr_line' id='line_1_29' title="bbox 205 2225 1671 2284; baseline -0.003 -12"><span class='ocrx_word' id='word_1_188' title='bbox 205 2231 446 2272; x_wconf 76' lang='lat' dir='ltr'><strong>Aristoteles</strong></span> <span class='ocrx_word' id='word_1_189' title='bbox 484 2231 577 2270; x_wconf 73' lang='lat' dir='ltr'><strong>Eth.</strong></span> <span class='ocrx_word' id='word_1_190' title='bbox 608 2231 698 2270; x_wconf 84' lang='lat' dir='ltr'><strong>Nic.</strong></span> <span class='ocrx_word' id='word_1_191' title='bbox 731 2231 777 2280; x_wconf 88' lang='lat'><em>4,</em></span> <span class='ocrx_word' id='word_1_192' title='bbox 812 2231 836 2269; x_wconf 88' lang='grc'><strong>6</strong></span> <span class='ocrx_word' id='word_1_193' title='bbox 877 2225 945 2284; x_wconf 83' lang='lat' dir='ltr'><em>(de</em></span> <span class='ocrx_word' id='word_1_194' title='bbox 975 2229 1123 2280; x_wconf 76' lang='lat' dir='ltr'><strong>ineptis</strong></span> <span class='ocrx_word' id='word_1_195' title='bbox 1154 2230 1384 2270; x_wconf 75' lang='lat' dir='ltr'><em>divitiarum</em></span> <span class='ocrx_word' id='word_1_196' title='bbox 1416 2229 1671 2269; x_wconf 74' lang='lat' dir='ltr'><strong>ostentatori-</strong></span> 
     </span>
     <span class='ocr_line' id='line_1_30' title="bbox 90 2282 1672 2345; baseline -0.004 -16"><span class='ocrx_word' id='word_1_197' title='bbox 90 2287 186 2345; x_wconf 87' lang='lat' dir='ltr'><strong>bus)</strong></span> <span class='ocrx_word' id='word_1_198' title='bbox 217 2283 304 2330; x_wconf 82' lang='grc' dir='ltr'><em>οἷον</em></span> <span class='ocrx_word' id='word_1_199' title='bbox 335 2286 544 2342; x_wconf 80' lang='grc' dir='ltr'><em>ἕρανιστὰς</em></span> <span class='ocrx_word' id='word_1_200' title='bbox 575 2287 751 2341; x_wconf 78' lang='grc' dir='ltr'><em>γαμικώς</em></span> <span class='ocrx_word' id='word_1_201' title='bbox 783 2285 946 2339; x_wconf 81' lang='grc' dir='ltr'><em>ἑστιῶν,</em></span> <span class='ocrx_word' id='word_1_202' title='bbox 985 2286 1052 2326; x_wconf 85' lang='grc' dir='ltr'><em>καὶ</em></span> <span class='ocrx_word' id='word_1_203' title='bbox 1088 2286 1294 2341; x_wconf 81' lang='grc' dir='ltr'><em>κωμῳδοῖς</em></span> <span class='ocrx_word' id='word_1_204' title='bbox 1333 2291 1513 2339; x_wconf 75' lang='grc' dir='ltr'><em>χορηγῶν</em></span> <span class='ocrx_word' id='word_1_205' title='bbox 1550 2282 1594 2324; x_wconf 81' lang='grc' dir='ltr'><em>ἐν</em></span> <span class='ocrx_word' id='word_1_206' title='bbox 1623 2289 1672 2338; x_wconf 84' lang='grc' dir='ltr'><em>τῇ</em></span> 
     </span>
     <span class='ocr_line' id='line_1_31' title="bbox 89 2342 1671 2402; baseline -0.003 -17"><span class='ocrx_word' id='word_1_207' title='bbox 89 2346 254 2402; x_wconf 81' lang='grc' dir='ltr'><em>παρόδῳ</em></span> <span class='ocrx_word' id='word_1_208' title='bbox 284 2344 502 2400; x_wconf 89' lang='grc' dir='ltr'><em>πορφύραν</em></span> <span class='ocrx_word' id='word_1_209' title='bbox 533 2343 747 2398; x_wconf 83' lang='grc' dir='ltr'><em>εἰσφέρων,</em></span> <span class='ocrx_word' id='word_1_210' title='bbox 781 2342 916 2398; x_wconf 76' lang='grc' dir='ltr'><em>ὥσπερ</em></span> <span class='ocrx_word' id='word_1_211' title='bbox 946 2344 988 2384; x_wconf 80' lang='grc' dir='ltr'><em>οἵ</em></span> <span class='ocrx_word' id='word_1_212' title='bbox 1014 2346 1234 2397; x_wconf 79' lang='grc' dir='ltr'><em>Μεγαρεῖς.</em></span> <span class='ocrx_word' id='word_1_213' title='bbox 1267 2345 1316 2383; x_wconf 84' lang='lat' dir='ltr'><em>ad</em></span> <span class='ocrx_word' id='word_1_214' title='bbox 1347 2357 1447 2395; x_wconf 82' lang='lat' dir='ltr'>quae</span> <span class='ocrx_word' id='word_1_215' title='bbox 1479 2343 1671 2393; x_wconf 83' lang='lat' dir='ltr'><strong>Aspasius</strong></span> 
     </span>
    </p>

    <p class='ocr_par' dir='ltr' id='par_1_14' title="bbox 16 2397 1669 2687">
     <span class='ocr_line' id='line_1_32' title="bbox 16 2397 1669 2457; baseline -0.004 -14"><span class='ocrx_word' id='word_1_216' title='bbox 16 2427 18 2429; x_wconf 96' lang='lat'>·</span> <span class='ocrx_word' id='word_1_217' title='bbox 90 2399 273 2457; x_wconf 84' lang='grc' dir='ltr'><em>σύνηθες</em></span> <span class='ocrx_word' id='word_1_218' title='bbox 304 2402 349 2443; x_wconf 77' lang='grc' dir='ltr'><em>ἐν</em></span> <span class='ocrx_word' id='word_1_219' title='bbox 377 2402 567 2457; x_wconf 76' lang='grc' dir='ltr'><em>κωμῳδίᾳ</em></span> <span class='ocrx_word' id='word_1_220' title='bbox 598 2401 939 2456; x_wconf 77' lang='grc' dir='ltr'><em>παραπετάσματα</em></span> <span class='ocrx_word' id='word_1_221' title='bbox 970 2400 1120 2455; x_wconf 83' lang='grc' dir='ltr'><em>δέρρεις</em></span> <span class='ocrx_word' id='word_1_222' title='bbox 1150 2405 1302 2452; x_wconf 77' lang='grc' dir='ltr'><em>ποιεῖν,</em></span> <span class='ocrx_word' id='word_1_223' title='bbox 1335 2397 1382 2439; x_wconf 84' lang='grc' dir='ltr'><em>ού</em></span> <span class='ocrx_word' id='word_1_224' title='bbox 1403 2398 1669 2452; x_wconf 85' lang='grc' dir='ltr'><em>πορφυρίδας.</em></span> 
     </span>
     <span class='ocr_line' id='line_1_33' title="bbox 93 2455 1666 2516; baseline -0.006 -14"><span class='ocrx_word' id='word_1_225' title='bbox 93 2461 300 2516; x_wconf 82' lang='grc' dir='ltr'><em>Μυρτίλος</em></span> <span class='ocrx_word' id='word_1_226' title='bbox 331 2459 376 2501; x_wconf 78' lang='grc' dir='ltr'><em>ἐν</em></span> <span class='ocrx_word' id='word_1_227' title='bbox 409 2461 672 2501; x_wconf 89' lang='grc' dir='ltr'><em>Τιτανόπαισι</em></span> <span class='ocrx_word' id='word_1_228' title='bbox 703 2458 812 2515; x_wconf 84' lang='lat' dir='ltr'><strong>(sic).</strong></span> <span class='ocrx_word' id='word_1_229' title='bbox 847 2460 1021 2511; x_wconf 84' lang='lat' dir='ltr'><strong>Hesych.</strong></span> <span class='ocrx_word' id='word_1_230' title='bbox 1062 2457 1457 2511; x_wconf 86' lang='grc' dir='ltr'><em>δερριδόγομφοι</em></span> <span class='ocrx_word' id='word_1_231' title='bbox 1493 2455 1666 2495; x_wconf 78' lang='grc' dir='ltr'><em>πύλαι·</em></span> 
     </span>
     <span class='ocr_line' id='line_1_34' title="bbox 90 2515 1669 2574; baseline -0.004 -15"><span class='ocrx_word' id='word_1_232' title='bbox 90 2518 242 2574; x_wconf 85' lang='grc' dir='ltr'><em>δέρρεις</em></span> <span class='ocrx_word' id='word_1_233' title='bbox 263 2517 426 2571; x_wconf 76' lang='grc' dir='ltr'><em>ἔχουσαι</em></span> <span class='ocrx_word' id='word_1_234' title='bbox 444 2517 801 2572; x_wconf 80' lang='grc' dir='ltr'><em>παραπετάσματα,</em></span> <span class='ocrx_word' id='word_1_235' title='bbox 824 2531 924 2569; x_wconf 80' lang='lat' dir='ltr'><strong>quae</strong></span> <span class='ocrx_word' id='word_1_236' title='bbox 945 2517 994 2556; x_wconf 87' lang='lat' dir='ltr'><em>ad</em></span> <span class='ocrx_word' id='word_1_237' title='bbox 1009 2517 1109 2556; x_wconf 86' lang='lat' dir='ltr'><strong>hanc</strong></span> <span class='ocrx_word' id='word_1_238' title='bbox 1129 2517 1258 2567; x_wconf 84' lang='lat' dir='ltr'><strong>ipsam</strong></span> <span class='ocrx_word' id='word_1_239' title='bbox 1274 2516 1451 2554; x_wconf 82' lang='lat' dir='ltr'>fabulam</span> <span class='ocrx_word' id='word_1_240' title='bbox 1467 2515 1669 2565; x_wconf 79' lang='lat' dir='ltr'><strong>pertinere</strong></span> 
     </span>
     <span class='ocr_line' id='line_1_35' title="bbox 90 2571 1666 2627; baseline -0.005 -9"><span class='ocrx_word' id='word_1_241' title='bbox 90 2581 226 2618; x_wconf 70' lang='lat' dir='ltr'><strong>censet</strong></span> <span class='ocrx_word' id='word_1_242' title='bbox 254 2578 492 2617; x_wconf 85' lang='lat' dir='ltr'><strong>Meinekius.</strong></span> <span class='ocrx_word' id='word_1_243' title='bbox 526 2578 576 2617; x_wconf 87' lang='lat' dir='ltr'><em>cf.</em></span> <span class='ocrx_word' id='word_1_244' title='bbox 607 2576 753 2627; x_wconf 83' lang='lat' dir='ltr'><strong>Eupol.</strong></span> <span class='ocrx_word' id='word_1_245' title='bbox 786 2577 883 2614; x_wconf 90' lang='grc'><em>244.</em></span> <span class='ocrx_word' id='word_1_246' title='bbox 918 2575 1050 2614; x_wconf 86' lang='lat' dir='ltr'>Schol.</span> <span class='ocrx_word' id='word_1_247' title='bbox 1083 2574 1287 2624; x_wconf 78' lang='lat' dir='ltr'><strong>Aristoph.</strong></span> <span class='ocrx_word' id='word_1_248' title='bbox 1320 2572 1441 2622; x_wconf 87' lang='lat' dir='ltr'><strong>Vesp.</strong></span> <span class='ocrx_word' id='word_1_249' title='bbox 1469 2573 1536 2611; x_wconf 83' lang='lat'><em>58.</em></span> <span class='ocrx_word' id='word_1_250' title='bbox 1568 2571 1666 2610; x_wconf 81' lang='lat' dir='ltr'><strong>Mei-</strong></span> 
     </span>
     <span class='ocr_line' id='line_1_36' title="bbox 88 2628 1666 2687; baseline -0.006 -12"><span class='ocrx_word' id='word_1_251' title='bbox 88 2636 180 2675; x_wconf 83' lang='lat' dir='ltr'><strong>nek.</strong></span> <span class='ocrx_word' id='word_1_252' title='bbox 211 2635 397 2675; x_wconf 81' lang='lat' dir='ltr'>Menand.</span> <span class='ocrx_word' id='word_1_253' title='bbox 427 2634 599 2674; x_wconf 82' lang='lat' dir='ltr'><strong>Philem.</strong></span> <span class='ocrx_word' id='word_1_254' title='bbox 631 2648 671 2684; x_wconf 85' lang='lat' dir='ltr'><em>p.</em></span> <span class='ocrx_word' id='word_1_255' title='bbox 704 2634 802 2673; x_wconf 90' lang='grc'><strong>382.</strong></span> <span class='ocrx_word' id='word_1_256' title='bbox 842 2632 1034 2672; x_wconf 80' lang='lat' dir='ltr'><strong>Fritzsch.</strong></span> <span class='ocrx_word' id='word_1_257' title='bbox 1074 2631 1166 2671; x_wconf 81' lang='lat' dir='ltr'><strong>Act.</strong></span> <span class='ocrx_word' id='word_1_258' title='bbox 1199 2643 1279 2671; x_wconf 88' lang='lat' dir='ltr'><strong>soc.</strong></span> <span class='ocrx_word' id='word_1_259' title='bbox 1312 2643 1379 2687; x_wconf 85' lang='lat' dir='ltr'><em>gr.</em></span> <span class='ocrx_word' id='word_1_260' title='bbox 1410 2629 1431 2667; x_wconf 96' lang='lat' dir='ltr'>I</span> <span class='ocrx_word' id='word_1_261' title='bbox 1463 2630 1546 2668; x_wconf 91' lang='lat'><em>130</em></span> <span class='ocrx_word' id='word_1_262' title='bbox 1575 2628 1666 2667; x_wconf 84' lang='lat' dir='ltr'>adn.</span> 
     </span>
    </p>
   </div>
   <div class='ocr_carea' id='block_1_13' title="bbox 864 2733 892 2775">
    <p class='ocr_par' dir='ltr' id='par_1_15' title="bbox 864 2733 892 2775">
     <span class='ocr_line' id='line_1_37' title="bbox 864 2733 892 2775; baseline 0 0"><span class='ocrx_word' id='word_1_263' title='bbox 864 2733 892 2775; x_wconf 88' lang='grc'><strong>2</strong></span> 
     </span>
    </p>
   </div>
   <div class='ocr_carea' id='block_1_14' title="bbox 91 2808 1668 2928">
    <p class='ocr_par' dir='ltr' id='par_1_16' title="bbox 91 2808 1668 2928">
     <span class='ocr_line' id='line_1_38' title="bbox 205 2808 1668 2868; baseline -0.007 -9"><span class='ocrx_word' id='word_1_264' title='bbox 205 2820 336 2859; x_wconf 83' lang='lat' dir='ltr'>Schol.</span> <span class='ocrx_word' id='word_1_265' title='bbox 375 2819 501 2859; x_wconf 78' lang='lat' dir='ltr'><strong>Arist.</strong></span> <span class='ocrx_word' id='word_1_266' title='bbox 540 2818 617 2859; x_wconf 87' lang='lat' dir='ltr'><em>Av.</em></span> <span class='ocrx_word' id='word_1_267' title='bbox 653 2818 764 2857; x_wconf 89' lang='lat'>1490</span> <span class='ocrx_word' id='word_1_268' title='bbox 802 2816 844 2855; x_wconf 79' lang='grc' dir='ltr'><em>οἵ</em></span> <span class='ocrx_word' id='word_1_269' title='bbox 867 2813 997 2868; x_wconf 77' lang='grc' dir='ltr'><em>ἥρωες</em></span> <span class='ocrx_word' id='word_1_270' title='bbox 1034 2813 1079 2854; x_wconf 87' lang='grc' dir='ltr'><em>δὲ</em></span> <span class='ocrx_word' id='word_1_271' title='bbox 1124 2811 1365 2866; x_wconf 86' lang='grc' dir='ltr'><em>δυσόργητοι</em></span> <span class='ocrx_word' id='word_1_272' title='bbox 1401 2809 1470 2851; x_wconf 82' lang='grc' dir='ltr'><em>καὶ</em></span> <span class='ocrx_word' id='word_1_273' title='bbox 1506 2808 1668 2863; x_wconf 79' lang='grc' dir='ltr'><em>χαλεποὶ</em></span> 
     </span>
     <span class='ocr_line' id='line_1_39' title="bbox 91 2865 1667 2928; baseline -0.006 -12"><span class='ocrx_word' id='word_1_274' title='bbox 91 2879 172 2925; x_wconf 82' lang='grc' dir='ltr'><em>τοῖς</em></span> <span class='ocrx_word' id='word_1_275' title='bbox 204 2872 464 2928; x_wconf 76' lang='grc' dir='ltr'><em>ἓμπελᾶζουσι</em></span> <span class='ocrx_word' id='word_1_276' title='bbox 492 2874 674 2928; x_wconf 85' lang='grc' dir='ltr'><em>γίνονται</em></span> <span class='ocrx_word' id='word_1_277' title='bbox 705 2907 714 2917; x_wconf 88' lang='grc'><strong>.</strong></span> <span class='ocrx_word' id='word_1_278' title='bbox 748 2905 756 2914; x_wconf 94' lang='grc'><strong>.</strong></span> <span class='ocrx_word' id='word_1_279' title='bbox 790 2905 798 2913; x_wconf 93' lang='grc'><strong>.</strong></span> <span class='ocrx_word' id='word_1_280' title='bbox 831 2871 1110 2924; x_wconf 79' lang='grc' dir='ltr'><em>ἄποπλήκτους</em></span> <span class='ocrx_word' id='word_1_281' title='bbox 1139 2869 1214 2923; x_wconf 83' lang='grc' dir='ltr'><em>μὲν</em></span> <span class='ocrx_word' id='word_1_282' title='bbox 1240 2873 1372 2909; x_wconf 87' lang='grc' dir='ltr'><em>ποιεῖν</em></span> <span class='ocrx_word' id='word_1_283' title='bbox 1392 2867 1602 2920; x_wconf 78' lang='grc' dir='ltr'><em>δύνανται,</em></span> <span class='ocrx_word' id='word_1_284' title='bbox 1624 2865 1667 2906; x_wconf 88' lang='grc' dir='ltr'><em>τὸ</em></span> 
     </span>
    </p>
   </div>
  </div>
 </body>
</html>
