1872 3224
236 209 319 251 612
882 206 1160 240 ΠΛΑΤΩΝΟΣ

238 309 346 353 εἶδον
376 313 495 352 PVL.
534 306 641 350 εἰδεν
671 310 701 350 C
740 314 780 350 et
807 311 978 350 Hoesch.
1065 306 1273 361 ἆνὸράχμη
1303 307 1423 363 PVL]
1455 305 1668 362 ἆνδραχθῆ
1698 309 1728 351 C
1766 313 1808 351 et

235 371 406 410 Hoesch.
438 366 569 420 ἆδρὸν
597 366 702 421 ἄχνῃ
733 368 872 407 Herm.
905 366 1128 434 (oratorem
1155 380 1245 406 cum
1274 367 1380 417 pisce
1411 368 1632 418 comparari
1660 364 1806 422 ratus)

234 424 439 480 ἀνδράχνῃ
476 426 682 465 Herwerd.
717 424 814 464 Obs.
852 426 939 464 crit.
978 426 1046 464 30.
1105 419 1232 475 ἀφῆχ’
1275 423 1318 475 (i.
1351 437 1384 466 e.
1419 419 1578 479 αφῆκα)
1614 424 1806 479 Meinek]

234 481 407 534 ἀφῆκεν.
439 485 546 522 recte
577 485 623 521 ut
649 482 809 522 videtur
837 482 1130 522 Her-wexdenus
1159 477 1385 535 ἀνδράχνῃ,
1420 495 1540 532 quam
1569 482 1726 522 Plinius
1754 481 1805 522 N.

233 541 501 593 11.25,162
535 541 633 578 dicit
670 539 719 578 ab
757 539 869 579 Italis
907 539 1039 579 vocari
1067 539 1313 578 inlecebram.
1365 539 1409 578 in
1438 539 1672 590 explicando
1699 539 1806 579 Her-

235 599 443 637 werdenus
473 598 622 636 nimiu-s
643 598 721 645 est,
753 598 800 635 ut
827 597 1008 647 plerique
1035 594 1274 647 interpretes
1306 596 1465 635 Horatii
1496 595 1627 635 Carm.
1660 597 1704 646 1,
1739 597 1804 646 14,

235 669 323 694 cum
354 656 474 693 etiam
495 648 729 692 ἆλιεύεσθαι
750 656 790 693 et
808 651 1046 706 πρημνάδας
1068 656 1110 692 et
1128 649 1362 705 ἆνδράχνην
1389 653 1557 704 figurate
1578 653 1807 704 accipienda

234 726 318 752 esse
351 712 504 751 statuit.
555 713 705 750 rectam
737 711 841 751 viam
871 713 1099 750 monstrant
1127 710 1204 750 Av.
1240 712 1319 750 166
1334 723 1413 761 sq.,
1452 711 1636 761 quamvis
1665 711 1708 750 id
1737 710 1806 751 ob-

234 783 394 809 scurum
434 769 487 807 sit
524 769 695 818 dictum,
735 770 775 807 et
814 769 922 808 1291
933 781 990 819 sq.
1042 769 1194 807 scilicet
1222 768 1255 807 is
1292 767 1340 806 de
1376 780 1455 818 quo
1489 767 1585 807 haec
1619 767 1808 808 dicuntur

234 828 356 878 vulgo
378 839 451 876 per
469 826 600 865 iocum
620 826 742 876 piscis
771 827 933 865 nomine
954 825 1281 877 significabatur3
1313 838 1433 875 quem
1461 825 1496 864 is
1527 825 1597 875 qui
1625 825 1805 876 loquitur

233 884 439 924 evertendi
470 883 546 922 sibi
578 884 824 922 occasionem
854 883 1000 922 factam
1031 896 1115 922 esse
1138 884 1287 932 narrat,
1320 883 1389 921 sed
1411 883 1545 932 potius
1565 882 1699 922 visum
1719 894 1806 922 esse

233 955 325 980 eum
346 941 566 989 dimittere,
598 941 785 990 quoniam
805 941 936 980 inanis
967 940 1021 980 sit
1051 941 1258 980 clamator.

438 1118 705 1176 ήμηχάνουν
999 1063 1056 1105 45

349 1202 523 1243 Πλάτων
554 1202 598 1243 ἐν
627 1209 675 1258 τῇ
705 1200 900 1257 Εὐρώπῃ.
952 1204 1123 1243 Bekker.
1155 1203 1306 1243 Anecd.
1338 1203 1406 1248 42,
1439 1203 1479 1242 5.

772 1340 902 1373 ΖΕΤΣ
927 1338 1273 1374 ΚΑΚΟΤΜΕΝΟΣ

348 1423 564 1474 Perperam
607 1419 711 1469 Ζεὺς
750 1419 993 1471 καλούμενος
1033 1421 1288 1461 Andronicus
1329 1420 1455 1461 Bekk.
1491 1409 1643 1468 A'necd.
1683 1421 1806 1463 1461.

236 1480 419 1519 Herculis
457 1480 650 1530 quaedam
688 1480 771 1518 fata
806 1479 978 1518 ridicula
1011 1479 1267 1530 potissimum
1303 1478 1378 1517 hac
1415 1477 1552 1517 fabula
1588 1478 1710 1518 fuisse
1740 1478 1806 1518 de-

235 1538 384 1587 scripta
425 1551 472 1576 ex
510 1537 560 1576 fr.
593 1538 660 1575 46.
687 1539 709 1575 7
751 1537 1024 1587 cognoscitur:
1056 1537 1124 1586 qui
1155 1549 1244 1575 eum
1275 1534 1383 1575 Iovis
1413 1534 1521 1574 filius
1551 1535 1674 1574 fuerit
1702 1535 1810 1586 patri

241 1595 361 1645 longe
384 1594 681 1642 dilectissimus,
712 1594 822 1632 tituli
842 1594 947 1632 ratio
968 1593 1083 1632 facile
1105 1593 1368 1644 intellegitur.
1400 1592 1449 1631 of.
1474 1591 1645 1634 Meinek.
1668 1592 1690 1631 I
1711 1593 1806 1632 171.

236 1651 372 1693 Cobet.
406 1651 500 1691 Obs.
536 1651 622 1690 crit.
657 1651 767 1689 97-
786 1652 878 1690 101.
922 1663 968 1690 ac
996 1650 1223 1701 fragmenta
1252 1662 1409 1701 quoque
1440 1649 1489 1687 ad
1521 1661 1646 1688 unum
1676 1650 1810 1689 omnia

235 1710 271 1748 ei
299 1710 537 1759 argumento
569 1708 719 1758 optime
750 1708 1004 1747 conveniunt.
1051 1708 1207 1747 lenonis
1239 1708 1401 1746 hortatu
1433 1719 1522 1745 eum
1552 1705 1809 1747 meretricula

235 1766 396 1805 cottabo
427 1766 634 1804 ludentem
664 1765 845 1804 videmus
876 1765 926 1804 fr.
957 1765 1026 1803 46.
1058 1765 1127 1803 47.
1160 1764 1276 1804 bonis
1307 1762 1389 1804 suis
1420 1765 1615 1814 spoliatus
1644 1765 1688 1804 et
1716 1777 1808 1803 eum

234 1823 457 1873 ignominia
485 1836 533 1861 ex
572 1822 754 1872 lupanari
785 1822 934 1861 eiectus
965 1821 1161 1872 quidquid
1190 1823 1397 1872 supererat
1426 1821 1530 1861 fame
1568 1822 1727 1861 coactus
1757 1820 1808 1860 ad

235 1880 476 1919 salsamenta
506 1879 674 1918 emenda
703 1879 857 1918 confert
886 1879 936 1918 fr.
958 1880 1026 1920 49.
1058 1879 1159 1918 conl.
1191 1878 1313 1928 Vesp.
1337 1879 1392 1918 60
1424 1877 1599 1918 Cobetus
1629 1880 1722 1918 ante
1743 1877 1806 1918 Ol.

235 1938 302 1984 89,
336 1939 359 1975 2
405 1940 533 1976 aetam
578 1949 664 1976 esse
705 1936 882 1975 fabulam
922 1938 1141 1987 statuerat3
1190 1936 1260 1975 sed
1299 1935 1350 1975 cf.
1388 1935 1670 1975 Wilamowitz.
1710 1934 1807 1974 Obs.

237 1995 326 2033 crit.
359 1994 398 2032 5.
433 1995 471 2032 6.

995 2047 1050 2089 46

349 2121 463 2182 πρὸς
493 2127 715 2182 κότταβον
744 2128 941 2182 παίζειν,
972 2127 1057 2176 ἕως
1087 2125 1147 2169 ἂν
1177 2128 1310 2184 σφῷν
1339 2124 1425 2182 ἐγὼ

350 2194 401 2238 τὸ
431 2196 620 2238 δεῖπνον
650 2195 786 2237 ἔνδον
816 2195 1039 2238 σκευάσω.
1091 2202 1342 2236 ΗΡΑΚΛΗΣ.
1362 2193 1488 2237 πάνυ
1499 2193 1746 2250 -βούλομαι,

349 2262 452 2306 ἀλλ’
484 2263 623 2318 ἄγγος
653 2261 770 2314 ἔστ’;
818 2266 872 2306 Α.
905 2259 1006 2305 ἀλλ’
1041 2265 1103 2314 εἰς
1130 2264 1275 2306 θυΐαν
1305 2262 1532 2306 παιστέον.

350 2341 427 2376 ΗΡ.
454 2332 565 2388 φέρε
595 2330 678 2388 τὴν
706 2333 866 2388 θυΐαν,
899 2327 990 2387 αἶρ’
1024 2330 1168 2388 ὕδωρ,
1199 2330 1253 2375 τὰ
1284 2331 1476 2388 ποτήρια

300 2410 320 2441 5
351 2401 596 2456 παράθετε.
649 2402 874 2456 παίζωμεν
903 2399 954 2443 δὲ
984 2401 1087 2455 περὶ
1115 2400 1396 2457 φιλημάτων.

351 2473 394 2511 Α
397 2502 766 2513 ......
798 2467 1000 2524 ἀγεννῶς
1030 2466 1112 2511 οὐκ
1144 2469 1206 2512 ἐῶ

351 2541 537 2590 παίζειν.
586 2539 743 2594 τίθημι
773 2536 1010 2592 κοττάβεια
1040 2538 1172 2594 σφῷν
1203 2536 1291 2592 ἐγώ
1328 2586 1338 2599 ⁶

351 2607 485 2649 τασδί
512 2622 559 2649 τε
589 2604 667 2658 τὰς
697 2606 920 2662 κρηπῖδας
951 2601 1003 2656 ἂς
1033 2603 1148 2662 αὕτη
1171 2612 1325 2662 φορεῖ,

353 2675 427 2717 καὶ
457 2672 538 2717 τὸν
568 2673 764 2718 κότυλον
793 2671 874 2716 τὸν
905 2673 1003 2717 σόν.
1063 2682 1142 2715 ΗΡ.
1173 2671 1392 2730 βαβαιάξ,
1425 2670 1605 2716 οὑτοσὶ.

281 2752 324 2783 10
353 2744 517 2798 μείζων
547 2741 672 2798 άνων
701 2744 779 2798 τῆς
805 2740 1063 2797 Ἰσθμιάδος
1094 2742 1341 2797 ἐπέρχεται.

352 2826 579 2865 Athenaeus
623 2828 695 2874 15,
737 2827 852 2865 666ᾶ
892 2824 1066 2864 Πλάτων
1103 2821 1143 2863 δ’
1185 2822 1229 2864 ἐν
1262 2822 1330 2863 Διὶ
1364 2821 1598 2895 κακουμένῳ
1635 2823 1805 2873 παιδιάς

243 2875 346 2929 εἶδος
366 2882 577 2936 παροίνιον
598 2881 667 2922 τὸν
685 2881 879 2933 κότταβον
899 2877 1002 2922 εἶναι
1021 2878 1290 2931 ἀποδίδωσιν,
1321 2875 1414 2920 ἐν
1384 2897 1411 2935 ’ῃ
1442 2879 1702 2930 ἐξίσταντο
1720 2880 1804 2922 καὶ
