1872 3224
198 153 282 197 428
359 161 362 163 ’
417 194 419 197 ,
793 153 1183 188 ΑΡΙΣΤΟΦΑΝΟΤΣ

881 255 975 298 149.
1010 255 1093 298 150

311 354 367 392 Α.
400 350 474 391 καὶ
507 350 571 399 τίς
601 349 780 402 νεκρῶν
811 349 1060 402 κευθμῶνα
1090 345 1166 389 καὶ
1197 345 1364 389 σκότου
1394 347 1544 397 πύλας

312 420 414 473 ἔτλη
446 419 709 467 κατελθεῖν;
740 420 793 459 Β.
829 413 895 459 ἕν’
929 413 1014 471 ἀφ’
1047 417 1236 472 ἑκάστης
1265 417 1343 471 τῆς
1373 415 1530 471 τέχνης

311 487 528 540 εἱλόμεθα
560 488 693 542 κοινῇ
725 485 970 540 γενομένης
1002 484 1266 542 ἐκκλησίας,

310 551 391 605 οὓς
420 547 566 610 ᾖσμεν
598 552 731 605 ὄντας
762 551 1009 612 ᾁδοφοίτας
1040 553 1115 596 καὶ
1146 553 1273 608 θαμὰ

270 633 290 664 5
314 624 461 666 ἐκεῖσε
493 625 879 678 φιλοχωροῦντας.
942 626 996 665 Α.
1031 622 1116 666 εἰσὶ
1146 623 1235 678 γάρ
1266 637 1386 672 τινες

307 690 472 747 ἄνδρες
503 690 611 747 παρ’
644 688 753 746 ὑμῖν
784 688 1048 748 ᾆδοφοῖται;
1080 694 1130 733 Β.
1164 688 1220 746 νὴ
1253 692 1345 733 Δία

309 759 502 816 μάλιστα
532 758 594 815 γ’.
655 764 710 802 A.
744 759 895 816 ὥσπερ
929 764 1264 817 Θρᾳκοφοῖταις
1295 762 1348 802 Β.
1381 758 1522 802 πάντ’
1555 760 1682 815 ἔχεις.

311 833 367 872 Α.
401 829 477 872 καὶ
507 832 627 880 τίνες
657 828 716 872 ἂν
748 826 860 885 εἷεν;
891 833 942 872 Β.
974 831 1130 885 πρῶτα
1161 828 1246 884 μὲν
1278 828 1557 883 Σαννυρίων

312 896 402 941 α’πὸ
434 901 528 940 τῶν
563 898 834 956 τρυγῳδῶν,
867 896 956 941 ἀπὸ
986 898 1037 941 δὲ
1067 899 1159 941 τῶν
1189 898 1419 952 τραγικῶν
1449 903 1602 952 χορῶν

244 977 286 1008 10
310 968 543 1023 Μέλητος,
573 964 663 1010 ἀπὸ
697 966 747 1009 δὲ
777 969 870 1010 τῶν
901 968 1104 1010 κυκλίων
1135 968 1369 1023 Κινησίας.

530 1054 552 1078 *
828 1057 849 1078 ψ
1126 1056 1147 1078 *
1423 1052 1447 1077 *

311 1110 364 1148 A.
397 1102 456 1156 ὦς
486 1104 655 1160 σφόδρ’
688 1105 763 1148 ἐπὶ
794 1106 972 1148 λεπτῶν
1005 1105 1205 1148 ἐλπίδων
1235 1101 1424 1160 ὠχεῖσθ’
1457 1099 1559 1160 ἄρα.

319 1175 511 1224 τούτους
540 1173 626 1228 γάρ
658 1170 717 1229 ἢν
747 1175 901 1230 πολλῷ
932 1172 1135 1230 ξυνέλθῃ
1167 1170 1410 1228 ξυλλαβών

312 1241 335 1285 ὁ
367 1245 445 1298 τῆς
475 1243 711 1298 διαρροίας
740 1240 939 1297 ποταμὸς
969 1241 1213 1299 οἰχήσεται.

312 1350 545 1390 Athenaeus
569 1351 633 1399 12,
659 1351 775 1389 551a
805 1347 872 1388 καὶ
897 1344 1193 1400 Ἀριστοφανης
1224 1345 1269 1388 δὲ
1294 1345 1342 1388 ἐν
1363 1346 1579 1404 Γηρυτάδῃ
1609 1345 1778 1396 λεπτοὺς

197 1404 339 1446 τούσδε
383 1405 613 1459 καταλέγει,
659 1404 731 1453 οὓς
776 1405 844 1446 καὶ
886 1404 1072 1458 πρέσβεις
1111 1402 1191 1446 ὑπὸ
1229 1407 1309 1445 τῶν
1345 1405 1520 1458 ποιητῶν
1556 1415 1686 1457 φησιν
1721 1405 1778 1453 εἰς

188 1462 332 1503 ’Ἅιδου
364 1463 595 1515 πέμπεσθαι
636 1458 734 1516 πρὸς
771 1462 864 1510 τοὺς
894 1461 982 1504 ἐκεῖ
1003 1462 1194 1515 ποιητάς,
1232 1461 1361 1516 λέγων
1397 1460 1567 1503 οὑτωσί·
1612 1460 1682 1503 καὶ
1718 1461 1778 1511 τίς

200 1544 248 1550 —
279 1521 491 1573 Κινησίας.
537 1516 619 1561 εἶθ’
661 1520 752 1573 ἑξῆς
791 1531 939 1573 φησιν·
985 1536 1039 1569 ως
1085 1517 1231 1574 σφόδρ’
1278 1519 1344 1560 ἐπὶ
1387 1523 1470 1562 κτλ.
1530 1521 1580 1561 cf.
1619 1521 1777 1561 Aelian.

197 1579 247 1617 V.
279 1580 319 1618 h.
354 1581 420 1630 10,
442 1582 490 1649 6.
551 1576 717 1618 οὑτωσί·
748 1577 815 1618 καὶ
845 1577 919 1632 τίς]
959 1577 1086 1626 οὕτως
1124 1579 1160 1618 εἰ
1194 1576 1262 1618 καὶ
1300 1577 1358 1626 τίς
1390 1579 1438 1619 A.
1528 1580 1565 1618 2.
1598 1573 1658 1617 ἕν’
1699 1573 1776 1629 αφ’

198 1635 408 1689 Dindorf.]
441 1634 511 1675 ἕνα
542 1630 582 1675 δ’
615 1632 700 1687 ἀφ’.
752 1652 822 1707 της
853 1634 992 1688 τέχνης
1024 1637 1204 1687 Toupius
1236 1636 1404 1678 Emend.
1425 1637 1467 1676 II
1489 1632 1593 1690 346]
1624 1632 1777 1687 τέχνης.

197 1695 384 1734 ‘fortasse
423 1697 604 1745 praesta‘c
640 1691 712 1733 ἕνα
748 1709 824 1747 γαρ
861 1690 937 1744 ἀφ’
978 1692 1148 1745 ἑκάστης
1186 1691 1354 1745 τέχνης’
1396 1694 1543 1745 Bergk.
1631 1694 1673 1732 4.
1702 1689 1775 1740 οὓς

197 1752 324 1805 ῂσμεν
354 1766 473 1799 οντας
506 1752 758 1803 Tyrwhittus
789 1752 839 1791 ad
869 1752 995 1802 Toup.
1024 1752 1107 1790 IIII
1135 1750 1240 1804 424]
1273 1747 1321 1790 οὐ
1352 1761 1402 1803 ση
1433 1749 1626 1802 μένοντας
1646 1751 1690 1792 P.
1729 1746 1778 1790 οὐ

198 1806 441 1859 σημένοντας
472 1809 521 1847 V.
562 1805 782 1863 ᾄδοφοίτας
814 1806 1015 1862 Dindorfi]
1049 1805 1282 1858 ἇϊδοφοίτας
1313 1811 1354 1848 et
1383 1809 1439 1848 sic
1471 1810 1496 1848 6
1534 1803 1778 1858 ἆὶδοφοῖται.

198 1868 236 1905 9.
267 1865 486 1920 τρυγῳδῶν
514 1867 687 1906 Bentlei.
718 1867 881 1906 Phalar.
905 1868 986 1906 319
1019 1864 1149 1919 Lips.]
1182 1865 1409 1934 τραγῳδῶν.
1502 1867 1570 1906 10.
1601 1863 1780 1904 κυκλίων

196 1923 329 1962 Bentl.
333 1921 346 1977 ]
365 1922 608 1963 κυλίκωνΑ.
631 1925 836 1963 κυκλικῶν
851 1923 922 1962 VL
940 1926 980 1963 et
1000 1937 1127 1975 marg.
1146 1923 1192 1962 P.
1284 1926 1350 1963 11.
1372 1918 1535 1974 ὠχεῖσθ’
1554 1919 1608 1975 L]
1623 1917 1776 1974 οἴχεσθ’

198 1980 248 2019 A.
342 1982 407 2020 12.
429 1982 561 2035 πολλῷ
582 1979 632 2034 A]
663 1983 823 2020 πολλῶν
843 1981 928 2020 VL.
967 1978 1091 2028 πολὺς
1120 1981 1330 2032 Bergkius,
1360 1981 1464 2022 conl.
1486 1981 1627 2020 Horat.
1650 1979 1777 2020 Serm.

199 2039 235 2089 1,
258 2039 295 2083 7,
319 2039 387 2077 28.
441 2039 585 2078 Aesch.
610 2038 719 2089 Sept
743 2040 811 2078 80.
842 2036 897 2089 ἤν
916 2034 1006 2076 ποτ’
1030 2035 1125 2087 ὀξὺς
1147 2035 1248 2092 ἔλθῃ
1269 2038 1446 2090 Madvig.
1467 2037 1613 2077 Philol.
1635 2037 1656 2076 I
1681 2038 1778 2078 677.

200 2067 266 2134 1⁷3.
296 2093 495 2146 οἰχήσεται
526 2096 668 2135 Dawes
709 2096 877 2135 Miscell.
912 2097 994 2135 568
1025 2096 1087 2137 ed.
1120 2093 1261 2148 Kidd.]
1295 2093 1550 2147 ἐξοιχήσεται.
1591 2091 1780 2143 ἐξοίσεται

198 2151 496 2192 Boissonadius.

311 2223 348 2252 v.
381 2212 401 2248 1
442 2210 611 2261 parodia
647 2212 709 2251 esi:
746 2210 899 2249 exordii
928 2210 1115 2250 Hecubae
1146 2210 1386 2261 Euripideae
1423 2223 1510 2261 ηκω
1540 2213 1696 2259 νεκρῶν
1721 2230 1779 2238 —-

196 2263 327 2314 πύλας
357 2266 502 2306 λιπών.
589 2282 627 2309 v.
662 2269 784 2308 6—8
816 2268 874 2306 ita
904 2267 1136 2307 scribendos
1165 2280 1252 2308 esse
1291 2267 1483 2307 arbitror:
1517 2267 1562 2306 B.
1615 2264 1666 2318 νὴ
1698 2264 1779 2305 Δία

195 2319 369 2374 μα’λιστά
398 2320 438 2376 γ’
471 2322 605 2378 ω’σπερ
637 2324 923 2378 Θρακοφοῐται.
954 2325 1007 2364 Α.
1046 2321 1167 2363 πάντ’
1202 2323 1311 2375 ἔχω.
1363 2322 1431 2364 καὶ
1461 2323 1565 2371 τίνες
1594 2338 1649 2363 αν
1677 2317 1777 2375 εἶενς

197 2382 241 2421 Β.
276 2383 356 2421 κτλ.
389 2382 439 2421 cf.
480 2396 579 2433 quae
618 2383 668 2422 ad
708 2383 782 2423 Av.
825 2383 936 2422 1460
972 2382 1267 2422 adnotavimus.
1307 2381 1411 2421 Plat.
1452 2381 1616 2433 Protag.
1659 2380 1777 2420 329b

198 2443 369 2489 σμικροῦ
411 2453 516 2487 τινος
564 2437 703 2491 ἐνδεής
735 2439 814 2490 εἰμι
851 2435 972 2478 πάντ’
1005 2436 1122 2490 ἔχειν.
1183 2452 1272 2478 cum
1302 2453 1341 2480 v.
1381 2440 1431 2477 11
1463 2439 1513 2480 cf.
1544 2439 1618 2489 Eq.
1654 2438 1776 2477 1244.

195 2510 232 2535 v.
266 2498 317 2535 12
355 2497 469 2535 nulla
507 2498 734 2537 emendat-io
773 2496 923 2536 sufficit
960 2497 1090 2537 adhuc
1119 2498 1226 2536 nossa.
1276 2509 1394 2535 nemo
1431 2509 1621 2546 umquam
1657 2497 1779 2546 poeta

197 2553 298 2592 dixit
327 2551 504 2605 ποταμὸς
534 2550 768 2606 ἀνθρώποις
794 2551 1037 2605 ξυνέρχεται.
1069 2553 1326 2594 scribendum
1355 2554 1419 2592 esi:
1447 2553 1588 2603 utique
1610 2546 1776 2599 τούτους

196 2608 294 2661 γάρ,
325 2606 389 2659 ἢν
419 2610 589 2650 πολλοὶ
627 2608 967 2661 ξυνέλθωσιν,
998 2608 1166 2663 λαβὼν
1193 2611 1276 2650 κτλ.
1326 2610 1446 2661 pauci
1479 2610 1580 2649 tales
1610 2622 1780 2660 prorsus'
1839 2625 1842 2629 ’

196 2667 485 2719 negleguntur3
520 2671 562 2708 at
590 2671 625 2708 si
654 2670 769 2708 multi
799 2670 1065 2717 convenerint,
1097 2669 1327 2708 diarrhoeae
1353 2668 1519 2716 fluvius,
1550 2667 1620 2717 qui
1650 2666 1702 2706 ad
1725 2666 1776 2706 si-

196 2725 467 2764 militudinem
490 2724 630 2777 Cocyti
661 2728 702 2765 et
731 2726 902 2765 aliorum
932 2725 1039 2775 apud
1069 2725 1219 2764 inferos
1238 2725 1452 2763 fluminum
1481 2723 1661 2776 fingitur,
1683 2735 1777 2773 pre-

196 2782 334 2822 hensos
364 2783 544 2831 abripiet.
578 2783 694 2822 electi
724 2786 859 2822 autem
889 2784 985 2822 sunt
1021 2782 1147 2833 legati
1176 2781 1427 2832 ignavissimi
1457 2781 1604 2832 quique
1634 2783 1676 2820 et
1702 2780 1773 2831 qui

200 2838 342 2878 habitu
381 2840 557 2890 corporis
597 2840 677 2879 iam
715 2840 864 2879 mortui
902 2852 988 2879 esse
1019 2839 1266 2879 viderentur.
1314 2839 1490 2890 Hesych.
1520 2833 1770 2889 οἶϊδοφοῐται·
