<?xml version="1.0" encoding="UTF-8"?>
<!DOCTYPE html PUBLIC "-//W3C//DTD XHTML 1.0 Transitional//EN"
    "http://www.w3.org/TR/xhtml1/DTD/xhtml1-transitional.dtd">
<html xmlns="http://www.w3.org/1999/xhtml" xml:lang="en" lang="en">
 <head>
  <title>
</title>
<meta http-equiv="Content-Type" content="text/html;charset=utf-8" />
  <meta name='ocr-system' content='tesseract 3.04.00' />
  <meta name='ocr-capabilities' content='ocr_page ocr_carea ocr_par ocr_line ocrx_word'/>
</head>
<body>
  <div class='ocr_page' id='page_1' title='image "./comicorumatticor01kockuoft_0381.png"; bbox 0 0 1872 3224; ppageno 0'>
   <div class='ocr_carea' id='block_1_1' title="bbox 0 0 228 1586">
    <p class='ocr_par' dir='ltr' id='par_1_1' title="bbox 0 0 228 1586">
     <span class='ocr_line' id='line_1_1' title="bbox 0 0 228 441; baseline 0 -192"><span class='ocrx_word' id='word_1_1' title='bbox 0 0 228 441; x_wconf 95' lang='lat' dir='ltr'><em>   </em></span> 
     </span>
     <span class='ocr_line' id='line_1_2' title="bbox 0 441 190 676; baseline 0.011 -122"><span class='ocrx_word' id='word_1_2' title='bbox 0 441 190 676; x_wconf 95' lang='lat' dir='ltr'><em>     </em></span> 
     </span>
     <span class='ocr_line' id='line_1_3' title="bbox 0 676 90 1586; baseline 0 -684"><span class='ocrx_word' id='word_1_3' title='bbox 0 676 90 1586; x_wconf 95' lang='lat' dir='ltr'><em>        </em></span> 
     </span>
    </p>
   </div>
   <div class='ocr_carea' id='block_1_2' title="bbox 601 193 1665 247">
    <p class='ocr_par' dir='ltr' id='par_1_2' title="bbox 601 193 1665 247">
     <span class='ocr_line' id='line_1_4' title="bbox 601 193 1665 247; baseline 0.015 -21"><span class='ocrx_word' id='word_1_4' title='bbox 601 193 811 228; x_wconf 80' lang='grc' dir='ltr'><strong>ΑΔΗΛΩΝ</strong></span> <span class='ocrx_word' id='word_1_5' title='bbox 835 195 1100 230; x_wconf 76' lang='grc' dir='ltr'><strong>ΔΡΑΜΑΤῼΝ</strong></span> <span class='ocrx_word' id='word_1_6' title='bbox 1587 205 1665 247; x_wconf 84' lang='grc'><em>351</em></span> 
     </span>
    </p>
   </div>
   <div class='ocr_carea' id='block_1_3' title="bbox 0 295 1670 1787">
    <p class='ocr_par' dir='ltr' id='par_1_3' title="bbox 4 295 1670 472">
     <span class='ocr_line' id='line_1_5' title="bbox 155 295 1670 358; baseline 0.005 -18.671"><span class='ocrx_word' id='word_1_7' title='bbox 90 309 166 357; x_wconf 59' lang='lat' dir='ltr'><em>z</em></span> <span class='ocrx_word' id='word_1_8' title='bbox 185 298 445 340; x_wconf 82' lang='lat' dir='ltr'><strong>-Athenaeus</strong></span> <span class='ocrx_word' id='word_1_9' title='bbox 476 298 516 351; x_wconf 86' lang='grc' dir='ltr'><em>Ι,</em></span> <span class='ocrx_word' id='word_1_10' title='bbox 550 299 637 338; x_wconf 83' lang='lat' dir='ltr'><em>17d</em></span> <span class='ocrx_word' id='word_1_11' title='bbox 673 296 857 347; x_wconf 73' lang='grc' dir='ltr'><em>Εὔπολις</em></span> <span class='ocrx_word' id='word_1_12' title='bbox 895 297 940 339; x_wconf 83' lang='grc' dir='ltr'><em>δὲ</em></span> <span class='ocrx_word' id='word_1_13' title='bbox 979 295 1047 341; x_wconf 86' lang='grc' dir='ltr'><em>τὸν</em></span> <span class='ocrx_word' id='word_1_14' title='bbox 1082 307 1241 355; x_wconf 81' lang='grc' dir='ltr'><em>πρῶτον</em></span> <span class='ocrx_word' id='word_1_15' title='bbox 1276 303 1589 358; x_wconf 77' lang='grc' dir='ltr'><em>εἰσηγησάμενον</em></span> <span class='ocrx_word' id='word_1_16' title='bbox 1627 302 1670 347; x_wconf 83' lang='grc' dir='ltr'><em>τὸ</em></span> 
     </span>
     <span class='ocr_line' id='line_1_6' title="bbox 193 351 1668 416; baseline 0.011 -26.82"><span class='ocrx_word' id='word_1_17' title='bbox 193 351 339 410; x_wconf 78' lang='grc' dir='ltr'><em>ἆμίδος</em></span> <span class='ocrx_word' id='word_1_18' title='bbox 368 353 502 408; x_wconf 73' lang='grc' dir='ltr'><em>ὄνομα</em></span> <span class='ocrx_word' id='word_1_19' title='bbox 533 353 759 409; x_wconf 76' lang='grc' dir='ltr'><strong><em>ἐπιπλήττει</em></strong></span> <span class='ocrx_word' id='word_1_20' title='bbox 788 355 914 410; x_wconf 80' lang='grc' dir='ltr'><em>λέγων</em></span> <span class='ocrx_word' id='word_1_21' title='bbox 941 360 1023 398; x_wconf 92' lang='grc' dir='ltr'><em>κτλ.</em></span> <span class='ocrx_word' id='word_1_22' title='bbox 1061 361 1285 402; x_wconf 81' lang='lat' dir='ltr'><strong>Meinekius</strong></span> <span class='ocrx_word' id='word_1_23' title='bbox 1316 359 1390 401; x_wconf 80' lang='grc' dir='ltr'><em>τὸν</em></span> <span class='ocrx_word' id='word_1_24' title='bbox 1427 368 1497 416; x_wconf 86' lang='grc' dir='ltr'><em>τῆς</em></span> <span class='ocrx_word' id='word_1_25' title='bbox 1526 360 1668 415; x_wconf 70' lang='grc' dir='ltr'><em>ἀμίδος</em></span> 
     </span>
     <span class='ocr_line' id='line_1_7' title="bbox 4 414 1669 472; baseline 0.005 -18"><span class='ocrx_word' id='word_1_26' title='bbox 4 430 6 454; x_wconf 72' lang='grc' dir='ltr'><em>ε</em></span> <span class='ocrx_word' id='word_1_27' title='bbox 222 445 234 456; x_wconf 83' lang='grc'><strong>.</strong></span> <span class='ocrx_word' id='word_1_28' title='bbox 262 414 437 456; x_wconf 82' lang='lat' dir='ltr'><strong>Bekker.</strong></span> <span class='ocrx_word' id='word_1_29' title='bbox 467 415 619 455; x_wconf 78' lang='lat' dir='ltr'><strong>Aneed.</strong></span> <span class='ocrx_word' id='word_1_30' title='bbox 653 417 719 464; x_wconf 83' lang='lat'><em>58,</em></span> <span class='ocrx_word' id='word_1_31' title='bbox 753 416 777 455; x_wconf 91' lang='lat'>5</span> <span class='ocrx_word' id='word_1_32' title='bbox 809 415 1106 468; x_wconf 87' lang='grc' dir='ltr'><em>Παλαμηδικὸν</em></span> <span class='ocrx_word' id='word_1_33' title='bbox 1134 414 1393 472; x_wconf 79' lang='grc' dir='ltr'><em>τούξεύρεμα·</em></span> <span class='ocrx_word' id='word_1_34' title='bbox 1425 416 1512 461; x_wconf 85' lang='grc' dir='ltr'><em>οἷον</em></span> <span class='ocrx_word' id='word_1_35' title='bbox 1541 421 1669 472; x_wconf 75' lang='grc' dir='ltr'><em>σοφὸν</em></span> 
     </span>
    </p>

    <p class='ocr_par' dir='ltr' id='par_1_4' title="bbox 1 469 1667 585">
     <span class='ocr_line' id='line_1_8' title="bbox 37 469 1664 532; baseline 0.006 -20"><span class='ocrx_word' id='word_1_36' title='bbox 37 517 39 519; x_wconf 53' lang='grc'><em>,</em></span> <span class='ocrx_word' id='word_1_37' title='bbox 120 514 138 523; x_wconf 30' lang='lat' dir='ltr'>N</span> <span class='ocrx_word' id='word_1_38' title='bbox 190 469 433 526; x_wconf 69' lang='grc' dir='ltr'><em>εὐμήχανον.</em></span> <span class='ocrx_word' id='word_1_39' title='bbox 525 474 562 511; x_wconf 92' lang='grc'><em>2.</em></span> <span class='ocrx_word' id='word_1_40' title='bbox 594 471 760 527; x_wconf 81' lang='grc' dir='ltr'><em>πολλὰς]</em></span> <span class='ocrx_word' id='word_1_41' title='bbox 783 471 955 521; x_wconf 81' lang='grc' dir='ltr'><em>πολλοὺς</em></span> <span class='ocrx_word' id='word_1_42' title='bbox 987 475 1208 528; x_wconf 85' lang='lat' dir='ltr'><strong>Schweigh.</strong></span> <span class='ocrx_word' id='word_1_43' title='bbox 1241 479 1342 518; x_wconf 82' lang='lat' dir='ltr'>conl.</span> <span class='ocrx_word' id='word_1_44' title='bbox 1365 479 1570 532; x_wconf 83' lang='lat' dir='ltr'>Aristoph.</span> <span class='ocrx_word' id='word_1_45' title='bbox 1592 482 1664 532; x_wconf 90' lang='lat' dir='ltr'><em>Eq.</em></span> 
     </span>
     <span class='ocr_line' id='line_1_9' title="bbox 1 527 1667 583; baseline 0.005 -13"><span class='ocrx_word' id='word_1_46' title='bbox 1 549 3 583; x_wconf 68' lang='lat' dir='ltr'>j</span> <span class='ocrx_word' id='word_1_47' title='bbox 122 560 125 562; x_wconf 33' lang='lat' dir='ltr'>v</span> <span class='ocrx_word' id='word_1_48' title='bbox 150 530 192 572; x_wconf 75' lang='grc'><em>7.</em></span> <span class='ocrx_word' id='word_1_49' title='bbox 283 533 323 571; x_wconf 90' lang='grc'><em>3.</em></span> <span class='ocrx_word' id='word_1_50' title='bbox 355 528 400 579; x_wconf 79' lang='grc' dir='ltr'><em>ὃς</em></span> <span class='ocrx_word' id='word_1_51' title='bbox 431 528 496 583; x_wconf 83' lang='grc' dir='ltr'><em>δὲ]</em></span> <span class='ocrx_word' id='word_1_52' title='bbox 529 529 588 578; x_wconf 85' lang='grc' dir='ltr'><em>τίς</em></span> <span class='ocrx_word' id='word_1_53' title='bbox 619 527 659 569; x_wconf 87' lang='grc' dir='ltr'><em>δ’</em></span> <span class='ocrx_word' id='word_1_54' title='bbox 694 529 802 570; x_wconf 82' lang='grc' dir='ltr'><em>ἐστὶν</em></span> <span class='ocrx_word' id='word_1_55' title='bbox 831 529 937 579; x_wconf 81' lang='grc' dir='ltr'><em>ὅστις</em></span> <span class='ocrx_word' id='word_1_56' title='bbox 959 533 1192 575; x_wconf 83' lang='lat' dir='ltr'><strong>Meinekius.</strong></span> <span class='ocrx_word' id='word_1_57' title='bbox 1226 548 1270 574; x_wconf 85' lang='lat' dir='ltr'><em>ao</em></span> <span class='ocrx_word' id='word_1_58' title='bbox 1301 535 1358 583; x_wconf 85' lang='grc' dir='ltr'><em>τίς</em></span> <span class='ocrx_word' id='word_1_59' title='bbox 1386 538 1463 576; x_wconf 84' lang='lat' dir='ltr'><em>iam</em></span> <span class='ocrx_word' id='word_1_60' title='bbox 1484 538 1667 579; x_wconf 88' lang='lat' dir='ltr'><em>Elmslei.</em></span> 
     </span>
    </p>

    <p class='ocr_par' dir='ltr' id='par_1_5' title="bbox 0 586 1666 1741">
     <span class='ocr_line' id='line_1_10' title="bbox 63 586 1664 646; baseline 0.004 -17"><span class='ocrx_word' id='word_1_61' title='bbox 63 588 105 643; x_wconf 51' lang='grc' dir='ltr'>ᾗῇ</span> <span class='ocrx_word' id='word_1_62' title='bbox 132 601 195 631; x_wconf 76' lang='lat' dir='ltr'><em>us.</em></span> <span class='ocrx_word' id='word_1_63' title='bbox 234 587 427 630; x_wconf 84' lang='lat' dir='ltr'><em>Cantabr.</em></span> <span class='ocrx_word' id='word_1_64' title='bbox 458 588 543 628; x_wconf 93' lang='lat' dir='ltr'>IIII</span> <span class='ocrx_word' id='word_1_65' title='bbox 576 591 671 629; x_wconf 84' lang='lat'>173.</span> <span class='ocrx_word' id='word_1_66' title='bbox 722 587 807 644; x_wconf 79' lang='grc' dir='ltr'><em>πρῴ</em></span> <span class='ocrx_word' id='word_1_67' title='bbox 844 586 1046 630; x_wconf 84' lang='grc' dir='ltr'><em>’πιπίνειν</em></span> <span class='ocrx_word' id='word_1_68' title='bbox 1083 589 1248 646; x_wconf 80' lang='lat' dir='ltr'>ElmsL]</span> <span class='ocrx_word' id='word_1_69' title='bbox 1288 590 1413 645; x_wconf 79' lang='grc' dir='ltr'><em>πρῶτ’</em></span> <span class='ocrx_word' id='word_1_70' title='bbox 1456 592 1664 635; x_wconf 82' lang='grc' dir='ltr'><em>ἐπιπίνειν.</em></span> 
     </span>
     <span class='ocr_line' id='line_1_11' title="bbox 50 642 1663 702; baseline 0.002 -15"><span class='ocrx_word' id='word_1_71' title='bbox 50 646 134 701; x_wconf 61' lang='lat'><em>23⁵4.</em></span> <span class='ocrx_word' id='word_1_72' title='bbox 162 642 265 700; x_wconf 74' lang='grc' dir='ltr'><em>ἡμῖν</em></span> <span class='ocrx_word' id='word_1_73' title='bbox 293 643 476 687; x_wconf 52' lang='lat' dir='ltr'><em>intem&amp;</em></span> <span class='ocrx_word' id='word_1_74' title='bbox 511 645 713 699; x_wconf 83' lang='lat' dir='ltr'>Elmslei.]</span> <span class='ocrx_word' id='word_1_75' title='bbox 748 643 936 686; x_wconf 77' lang='grc' dir='ltr'><em>ἐπίσταθ’</em></span> <span class='ocrx_word' id='word_1_76' title='bbox 968 643 1076 699; x_wconf 80' lang='grc' dir='ltr'><em>ἡμῖν,</em></span> <span class='ocrx_word' id='word_1_77' title='bbox 1108 649 1203 688; x_wconf 83' lang='grc' dir='ltr'><em>ἴστω</em></span> <span class='ocrx_word' id='word_1_78' title='bbox 1230 650 1431 702; x_wconf 87' lang='grc' dir='ltr'><em>βροτοῖσιν</em></span> <span class='ocrx_word' id='word_1_79' title='bbox 1451 652 1663 695; x_wconf 80' lang='lat' dir='ltr'>Porsonus,</span> 
     </span>
     <span class='ocr_line' id='line_1_12' title="bbox 1 704 1664 762; baseline 0.002 -15"><span class='ocrx_word' id='word_1_80' title='bbox 1 729 7 733; x_wconf 86' lang='lat'><em>-</em></span> <span class='ocrx_word' id='word_1_81' title='bbox 40 706 130 748; x_wconf 63' lang='lat'><em>³²5.</em></span> <span class='ocrx_word' id='word_1_82' title='bbox 168 707 251 745; x_wconf 86' lang='grc' dir='ltr'><em>παῖ</em></span> <span class='ocrx_word' id='word_1_83' title='bbox 285 710 443 758; x_wconf 77' lang='grc' dir='ltr'><em>πρῶτος</em></span> <span class='ocrx_word' id='word_1_84' title='bbox 484 704 550 744; x_wconf 83' lang='lat' dir='ltr'><strong>vel</strong></span> <span class='ocrx_word' id='word_1_85' title='bbox 587 705 708 744; x_wconf 87' lang='lat' dir='ltr'>Kidd.</span> <span class='ocrx_word' id='word_1_86' title='bbox 746 707 812 746; x_wconf 86' lang='lat' dir='ltr'><strong>vel</strong></span> <span class='ocrx_word' id='word_1_87' title='bbox 849 705 1015 745; x_wconf 84' lang='lat' dir='ltr'>Person.</span> <span class='ocrx_word' id='word_1_88' title='bbox 1057 707 1223 748; x_wconf 87' lang='lat' dir='ltr'><strong>Miscell.</strong></span> <span class='ocrx_word' id='word_1_89' title='bbox 1263 706 1364 760; x_wconf 85' lang='lat'>390]</span> <span class='ocrx_word' id='word_1_90' title='bbox 1411 707 1664 762; x_wconf 81' lang='grc' dir='ltr'><em>πάμπρωτος.</em></span> 
     </span>
     <span class='ocr_line' id='line_1_13' title="bbox 44 760 1661 823; baseline 0.002 -20"><span class='ocrx_word' id='word_1_91' title='bbox 44 762 131 823; x_wconf 49' lang='lat' dir='ltr'><em>ssg&#39;ss.</em></span> <span class='ocrx_word' id='word_1_92' title='bbox 163 760 299 813; x_wconf 82' lang='grc' dir='ltr'><em>σοφόν</em></span> <span class='ocrx_word' id='word_1_93' title='bbox 329 773 404 803; x_wconf 89' lang='grc' dir='ltr'><em>σου</em></span> <span class='ocrx_word' id='word_1_94' title='bbox 433 760 561 815; x_wconf 91' lang='lat' dir='ltr'>BCD]</span> <span class='ocrx_word' id='word_1_95' title='bbox 594 761 726 813; x_wconf 91' lang='grc' dir='ltr'><em>σοφόν</em></span> <span class='ocrx_word' id='word_1_96' title='bbox 755 763 842 802; x_wconf 85' lang='lat' dir='ltr'><em>VL.</em></span> <span class='ocrx_word' id='word_1_97' title='bbox 872 776 1134 814; x_wconf 86' lang='lat' dir='ltr'><em>personarum</em></span> <span class='ocrx_word' id='word_1_98' title='bbox 1165 766 1411 806; x_wconf 86' lang='lat' dir='ltr'><em>notationem</em></span> <span class='ocrx_word' id='word_1_99' title='bbox 1443 768 1486 807; x_wconf 92' lang='lat' dir='ltr'><em>in</em></span> <span class='ocrx_word' id='word_1_100' title='bbox 1515 782 1553 808; x_wconf 89' lang='lat' dir='ltr'><em>v.</em></span> <span class='ocrx_word' id='word_1_101' title='bbox 1580 771 1615 809; x_wconf 88' lang='lat'><em>1.</em></span> <span class='ocrx_word' id='word_1_102' title='bbox 1638 770 1661 807; x_wconf 87' lang='lat'><strong>2</strong></span> 
     </span>
     <span class='ocr_line' id='line_1_14' title="bbox 89 820 1666 875; baseline 0.001 -12.947"><span class='ocrx_word' id='word_1_103' title='bbox 46 820 331 871; x_wconf 65' lang='grc' dir='ltr'><em>Μθίιιθὶςίιιε,</em></span> <span class='ocrx_word' id='word_1_104' title='bbox 360 822 404 862; x_wconf 91' lang='lat' dir='ltr'><em>in</em></span> <span class='ocrx_word' id='word_1_105' title='bbox 424 822 590 873; x_wconf 86' lang='lat' dir='ltr'><strong>reliquis</strong></span> <span class='ocrx_word' id='word_1_106' title='bbox 611 821 828 861; x_wconf 82' lang='lat' dir='ltr'><strong>ELmsleius</strong></span> <span class='ocrx_word' id='word_1_107' title='bbox 860 821 1060 872; x_wconf 75' lang='lat' dir='ltr'><strong>adposuit.</strong></span> <span class='ocrx_word' id='word_1_108' title='bbox 1090 823 1333 864; x_wconf 79' lang='lat' dir='ltr'><em>Alcibiadem</em></span> <span class='ocrx_word' id='word_1_109' title='bbox 1353 837 1436 864; x_wconf 86' lang='lat' dir='ltr'><strong>esse</strong></span> <span class='ocrx_word' id='word_1_110' title='bbox 1457 838 1666 875; x_wconf 82' lang='lat' dir='ltr'>personam</span> 
     </span>
     <span class='ocr_line' id='line_1_15' title="bbox 94 877 1664 932; baseline 0.002 -13.865"><span class='ocrx_word' id='word_1_111' title='bbox 94 878 264 919; x_wconf 64' lang='lat' dir='ltr'><em>alteram</em></span> <span class='ocrx_word' id='word_1_112' title='bbox 285 879 512 920; x_wconf 80' lang='lat' dir='ltr'><strong>Meinekius</strong></span> <span class='ocrx_word' id='word_1_113' title='bbox 536 880 674 919; x_wconf 87' lang='lat' dir='ltr'><em>docuit</em></span> <span class='ocrx_word' id='word_1_114' title='bbox 696 878 774 931; x_wconf 87' lang='lat' dir='ltr'><strong>(ed.</strong></span> <span class='ocrx_word' id='word_1_115' title='bbox 797 879 882 918; x_wconf 89' lang='lat' dir='ltr'><em>min</em></span> <span class='ocrx_word' id='word_1_116' title='bbox 906 877 1059 932; x_wconf 89' lang='lat' dir='ltr'>XXIV)</span> <span class='ocrx_word' id='word_1_117' title='bbox 1081 881 1213 922; x_wconf 87' lang='lat' dir='ltr'><strong>adlato</strong></span> <span class='ocrx_word' id='word_1_118' title='bbox 1234 881 1337 921; x_wconf 86' lang='lat' dir='ltr'>Plin.</span> <span class='ocrx_word' id='word_1_119' title='bbox 1359 882 1408 921; x_wconf 87' lang='lat' dir='ltr'><em>N.</em></span> <span class='ocrx_word' id='word_1_120' title='bbox 1431 882 1469 921; x_wconf 89' lang='lat' dir='ltr'><em>h.</em></span> <span class='ocrx_word' id='word_1_121' title='bbox 1498 884 1559 932; x_wconf 87' lang='lat'><em>14,</em></span> <span class='ocrx_word' id='word_1_122' title='bbox 1585 885 1664 922; x_wconf 87' lang='lat'><em>143</em></span> 
     </span>
     <span class='ocr_line' id='line_1_16' title="bbox 38 935 1666 990; baseline 0.004 -16"><span class='ocrx_word' id='word_1_123' title='bbox 38 953 58 983; x_wconf 57' lang='lat' dir='ltr'><em>,f</em></span> <span class='ocrx_word' id='word_1_124' title='bbox 91 935 249 980; x_wconf 70' lang='lat' dir='ltr'><em>‚Tiberio</em></span> <span class='ocrx_word' id='word_1_125' title='bbox 280 935 448 979; x_wconf 70' lang='lat' dir='ltr'><em>Claudio</em></span> <span class='ocrx_word' id='word_1_126' title='bbox 478 939 664 988; x_wconf 75' lang='lat' dir='ltr'><em>principe</em></span> <span class='ocrx_word' id='word_1_127' title='bbox 694 967 703 976; x_wconf 91' lang='lat'><strong>.</strong></span> <span class='ocrx_word' id='word_1_128' title='bbox 728 967 737 976; x_wconf 90' lang='lat'><strong>.</strong></span> <span class='ocrx_word' id='word_1_129' title='bbox 760 966 769 976; x_wconf 88' lang='lat'><strong>.</strong></span> <span class='ocrx_word' id='word_1_130' title='bbox 800 938 1024 977; x_wconf 72' lang='lat' dir='ltr'><em>institutum</em></span> <span class='ocrx_word' id='word_1_131' title='bbox 1053 941 1098 977; x_wconf 77' lang='lat' dir='ltr'><em>ut</em></span> <span class='ocrx_word' id='word_1_132' title='bbox 1126 940 1251 979; x_wconf 71' lang='lat' dir='ltr'><em>ieiuni</em></span> <span class='ocrx_word' id='word_1_133' title='bbox 1280 940 1449 980; x_wconf 75' lang='lat' dir='ltr'><em>biberent</em></span> <span class='ocrx_word' id='word_1_134' title='bbox 1480 970 1489 979; x_wconf 90' lang='lat'><strong>.</strong></span> <span class='ocrx_word' id='word_1_135' title='bbox 1513 969 1523 979; x_wconf 88' lang='lat'><strong>.</strong></span> <span class='ocrx_word' id='word_1_136' title='bbox 1547 971 1555 979; x_wconf 93' lang='lat'><strong>.</strong></span> <span class='ocrx_word' id='word_1_137' title='bbox 1583 942 1666 990; x_wconf 74' lang='lat' dir='ltr'><em>ylo-</em></span> 
     </span>
     <span class='ocr_line' id='line_1_17' title="bbox 2 993 1664 1052; baseline 0.001 -16"><span class='ocrx_word' id='word_1_138' title='bbox 2 1023 6 1029; x_wconf 88' lang='lat'>·</span> <span class='ocrx_word' id='word_1_139' title='bbox 47 1030 54 1052; x_wconf 59' lang='lat'><em>3</em></span> <span class='ocrx_word' id='word_1_140' title='bbox 88 993 304 1036; x_wconf 71' lang='lat' dir='ltr'><em>riam&#39;hac</em></span> <span class='ocrx_word' id='word_1_141' title='bbox 332 997 475 1036; x_wconf 79' lang='lat' dir='ltr'><em>virtute</em></span> <span class='ocrx_word' id='word_1_142' title='bbox 504 996 647 1036; x_wconf 76' lang='lat' dir='ltr'><em>Parthi</em></span> <span class='ocrx_word' id='word_1_143' title='bbox 677 998 885 1044; x_wconf 74' lang='lat' dir='ltr'><em>quaerunt,</em></span> <span class='ocrx_word' id='word_1_144' title='bbox 922 995 1104 1043; x_wconf 82' lang='lat' dir='ltr'><em>famam</em></span> <span class='ocrx_word' id='word_1_145' title='bbox 1134 998 1263 1046; x_wconf 76' lang='lat' dir='ltr'><em>apud</em></span> <span class='ocrx_word' id='word_1_146' title='bbox 1293 996 1503 1045; x_wconf 76' lang='lat' dir='ltr'><em>Graecos</em></span> <span class='ocrx_word' id='word_1_147' title='bbox 1532 997 1664 1038; x_wconf 85' lang='lat' dir='ltr'><em>Alei-</em></span> 
     </span>
     <span class='ocr_line' id='line_1_18' title="bbox 47 1052 1663 1104; baseline 0.001 -10.991"><span class='ocrx_word' id='word_1_148' title='bbox 47 1056 49 1058; x_wconf 81' lang='grc'><strong>’</strong></span> <span class='ocrx_word' id='word_1_149' title='bbox 90 1052 265 1093; x_wconf 66' lang='lat' dir='ltr'><strong>Diades</strong></span> <span class='ocrx_word' id='word_1_150' title='bbox 293 1056 488 1095; x_wconf 79' lang='lat' dir='ltr'><em>meruit.</em></span> <span class='ocrx_word' id='word_1_151' title='bbox 539 1053 758 1093; x_wconf 86' lang='lat' dir='ltr'><strong>Elmsleius</strong></span> <span class='ocrx_word' id='word_1_152' title='bbox 800 1055 1005 1103; x_wconf 82' lang='lat' dir='ltr'><em>comparat</em></span> <span class='ocrx_word' id='word_1_153' title='bbox 1041 1052 1237 1094; x_wconf 79' lang='lat' dir='ltr'>Batonem</span> <span class='ocrx_word' id='word_1_154' title='bbox 1278 1054 1422 1094; x_wconf 88' lang='lat' dir='ltr'><strong>Athen.</strong></span> <span class='ocrx_word' id='word_1_155' title='bbox 1462 1056 1506 1104; x_wconf 83' lang='grc'><em>3,</em></span> <span class='ocrx_word' id='word_1_156' title='bbox 1543 1057 1663 1095; x_wconf 81' lang='lat'>1030.</span> 
     </span>
     <span class='ocr_line' id='line_1_19' title="bbox 30 1106 1663 1163; baseline 0.001 -13"><span class='ocrx_word' id='word_1_157' title='bbox 30 1106 47 1143; x_wconf 62' lang='grc' dir='ltr'><em>τ’</em></span> <span class='ocrx_word' id='word_1_158' title='bbox 91 1111 129 1160; x_wconf 84' lang='grc'><em>7,</em></span> <span class='ocrx_word' id='word_1_159' title='bbox 162 1111 281 1151; x_wconf 71' lang='grc'><strong>2799,</strong></span> <span class='ocrx_word' id='word_1_160' title='bbox 310 1114 352 1151; x_wconf 87' lang='lat' dir='ltr'><strong>et</strong></span> <span class='ocrx_word' id='word_1_161' title='bbox 381 1112 591 1163; x_wconf 82' lang='lat' dir='ltr'>Aristoph.</span> <span class='ocrx_word' id='word_1_162' title='bbox 624 1112 701 1151; x_wconf 87' lang='lat' dir='ltr'><em>Av.</em></span> <span class='ocrx_word' id='word_1_163' title='bbox 727 1112 820 1149; x_wconf 85' lang='lat'><strong>131.</strong></span> <span class='ocrx_word' id='word_1_164' title='bbox 852 1110 948 1161; x_wconf 85' lang='lat' dir='ltr'><strong>Lys.</strong></span> <span class='ocrx_word' id='word_1_165' title='bbox 976 1111 1097 1160; x_wconf 87' lang='lat'>1064,</span> <span class='ocrx_word' id='word_1_166' title='bbox 1131 1112 1352 1152; x_wconf 84' lang='lat' dir='ltr'><strong>Meinekius</strong></span> <span class='ocrx_word' id='word_1_167' title='bbox 1383 1112 1566 1152; x_wconf 83' lang='lat' dir='ltr'><strong>Pherecr.</strong></span> <span class='ocrx_word' id='word_1_168' title='bbox 1598 1114 1663 1152; x_wconf 85' lang='lat'><em>29.</em></span> 
     </span>
     <span class='ocr_line' id='line_1_20' title="bbox 24 1163 1664 1226; baseline 0.001 -20"><span class='ocrx_word' id='word_1_169' title='bbox 24 1198 38 1226; x_wconf 64' lang='lat'><em>·‘.·</em></span> <span class='ocrx_word' id='word_1_170' title='bbox 89 1163 276 1220; x_wconf 78' lang='grc' dir='ltr'><em>ἀμίδας</em></span> <span class='ocrx_word' id='word_1_171' title='bbox 306 1171 490 1210; x_wconf 72' lang='lat' dir='ltr'><em>inventas</em></span> <span class='ocrx_word' id='word_1_172' title='bbox 520 1183 606 1209; x_wconf 86' lang='lat' dir='ltr'><strong>esse</strong></span> <span class='ocrx_word' id='word_1_173' title='bbox 637 1182 660 1207; x_wconf 84' lang='lat' dir='ltr'><strong>a</strong></span> <span class='ocrx_word' id='word_1_174' title='bbox 691 1168 888 1219; x_wconf 79' lang='lat' dir='ltr'><em>Sybaritis</em></span> <span class='ocrx_word' id='word_1_175' title='bbox 918 1170 1056 1208; x_wconf 85' lang='lat' dir='ltr'><strong>narrat</strong></span> <span class='ocrx_word' id='word_1_176' title='bbox 1083 1169 1228 1210; x_wconf 81' lang='lat' dir='ltr'><strong>Athen.</strong></span> <span class='ocrx_word' id='word_1_177' title='bbox 1255 1171 1320 1218; x_wconf 87' lang='lat'><em>13,</em></span> <span class='ocrx_word' id='word_1_178' title='bbox 1344 1170 1470 1209; x_wconf 84' lang='lat' dir='ltr'><em>519e.</em></span> <span class='ocrx_word' id='word_1_179' title='bbox 1501 1168 1664 1208; x_wconf 84' lang='grc' dir='ltr'><em>λακωνί-</em></span> 
     </span>
     <span class='ocr_line' id='line_1_21' title="bbox 15 1220 1662 1280; baseline -0.001 -14"><span class='ocrx_word' id='word_1_180' title='bbox 15 1238 23 1245; x_wconf 69' lang='lat'>²</span> <span class='ocrx_word' id='word_1_181' title='bbox 88 1225 172 1273; x_wconf 82' lang='grc' dir='ltr'><em>ζειν</em></span> <span class='ocrx_word' id='word_1_182' title='bbox 190 1228 233 1266; x_wconf 86' lang='lat' dir='ltr'><strong>et</strong></span> <span class='ocrx_word' id='word_1_183' title='bbox 253 1226 480 1280; x_wconf 82' lang='grc' dir='ltr'><em>ταγηνίζειν</em></span> <span class='ocrx_word' id='word_1_184' title='bbox 499 1227 549 1267; x_wconf 85' lang='lat' dir='ltr'><em>ad</em></span> <span class='ocrx_word' id='word_1_185' title='bbox 570 1239 634 1266; x_wconf 88' lang='lat' dir='ltr'><strong>res</strong></span> <span class='ocrx_word' id='word_1_186' title='bbox 654 1238 844 1266; x_wconf 84' lang='lat' dir='ltr'><strong>venereas</strong></span> <span class='ocrx_word' id='word_1_187' title='bbox 875 1226 1075 1276; x_wconf 85' lang='lat' dir='ltr'><strong>pertinere</strong></span> <span class='ocrx_word' id='word_1_188' title='bbox 1094 1229 1227 1266; x_wconf 83' lang='lat' dir='ltr'><strong>censet</strong></span> <span class='ocrx_word' id='word_1_189' title='bbox 1251 1227 1470 1266; x_wconf 85' lang='lat' dir='ltr'><strong>Meinekius</strong></span> <span class='ocrx_word' id='word_1_190' title='bbox 1495 1225 1558 1279; x_wconf 94' lang='lat' dir='ltr'><em>(B.</em></span> <span class='ocrx_word' id='word_1_191' title='bbox 1583 1220 1662 1265; x_wconf 84' lang='grc' dir='ltr'><em>ὀλί-</em></span> 
     </span>
     <span class='ocr_line' id='line_1_22' title="bbox 22 1278 1663 1337; baseline 0 -15"><span class='ocrx_word' id='word_1_192' title='bbox 22 1280 26 1285; x_wconf 82' lang='grc'><strong><em>’</em></strong></span> <span class='ocrx_word' id='word_1_193' title='bbox 87 1297 161 1336; x_wconf 85' lang='grc' dir='ltr'><em>γας</em></span> <span class='ocrx_word' id='word_1_194' title='bbox 191 1281 267 1337; x_wconf 76' lang='grc' dir='ltr'><em>γὰρ</em></span> <span class='ocrx_word' id='word_1_195' title='bbox 299 1278 409 1337; x_wconf 83' lang='grc' dir='ltr'><em>οἶμαι</em></span> <span class='ocrx_word' id='word_1_196' title='bbox 439 1301 473 1325; x_wconf 92' lang='grc' dir='ltr'><em>ν.</em></span> <span class='ocrx_word' id='word_1_197' title='bbox 495 1285 535 1337; x_wconf 93' lang='grc' dir='ltr'><em>β.</em></span> <span class='ocrx_word' id='word_1_198' title='bbox 565 1281 610 1337; x_wconf 88' lang='grc' dir='ltr'><em>γε’</em></span> <span class='ocrx_word' id='word_1_199' title='bbox 627 1293 689 1322; x_wconf 92' lang='grc' dir='ltr'><em>σοι</em></span> <span class='ocrx_word' id='word_1_200' title='bbox 709 1283 935 1335; x_wconf 84' lang='grc' dir='ltr'><em>γυναῖκας).</em></span> <span class='ocrx_word' id='word_1_201' title='bbox 959 1283 1008 1323; x_wconf 87' lang='lat' dir='ltr'><em>cf.</em></span> <span class='ocrx_word' id='word_1_202' title='bbox 1042 1283 1161 1323; x_wconf 87' lang='lat' dir='ltr'>Phot.</span> <span class='ocrx_word' id='word_1_203' title='bbox 1187 1285 1279 1333; x_wconf 84' lang='lat'>192,</span> <span class='ocrx_word' id='word_1_204' title='bbox 1306 1285 1370 1322; x_wconf 88' lang='grc'><em>14.</em></span> <span class='ocrx_word' id='word_1_205' title='bbox 1404 1284 1515 1323; x_wconf 88' lang='lat' dir='ltr'>Suid.</span> <span class='ocrx_word' id='word_1_206' title='bbox 1537 1286 1663 1322; x_wconf 87' lang='grc' dir='ltr'><em>λακω-</em></span> 
     </span>
     <span class='ocr_line' id='line_1_23' title="bbox 89 1340 1663 1394; baseline -0.001 -13"><span class='ocrx_word' id='word_1_207' title='bbox 89 1340 226 1390; x_wconf 82' lang='grc' dir='ltr'><em>νίζειν.</em></span> <span class='ocrx_word' id='word_1_208' title='bbox 276 1345 319 1383; x_wconf 84' lang='lat' dir='ltr'><em>at</em></span> <span class='ocrx_word' id='word_1_209' title='bbox 349 1355 441 1383; x_wconf 82' lang='lat' dir='ltr'><em>cum</em></span> <span class='ocrx_word' id='word_1_210' title='bbox 470 1343 583 1383; x_wconf 86' lang='lat' dir='ltr'><strong>verbi</strong></span> <span class='ocrx_word' id='word_1_211' title='bbox 614 1340 837 1394; x_wconf 80' lang='grc' dir='ltr'><em>ταγηνίζειν</em></span> <span class='ocrx_word' id='word_1_212' title='bbox 867 1354 912 1380; x_wconf 88' lang='lat' dir='ltr'><strong>ea</strong></span> <span class='ocrx_word' id='word_1_213' title='bbox 941 1353 1022 1380; x_wconf 88' lang='lat' dir='ltr'><em>non</em></span> <span class='ocrx_word' id='word_1_214' title='bbox 1054 1342 1107 1380; x_wconf 86' lang='lat' dir='ltr'><em>sit</em></span> <span class='ocrx_word' id='word_1_215' title='bbox 1143 1341 1402 1393; x_wconf 80' lang='lat' dir='ltr'><em>significatio,</em></span> <span class='ocrx_word' id='word_1_216' title='bbox 1436 1341 1663 1388; x_wconf 82' lang='grc' dir='ltr'><em>λακωνίζειν</em></span> 
     </span>
     <span class='ocr_line' id='line_1_24' title="bbox 21 1395 1662 1452; baseline 0 -14"><span class='ocrx_word' id='word_1_217' title='bbox 21 1395 29 1403; x_wconf 72' lang='lat'><em>‘</em></span> <span class='ocrx_word' id='word_1_218' title='bbox 87 1399 259 1440; x_wconf 83' lang='lat' dir='ltr'><strong>fortasse</strong></span> <span class='ocrx_word' id='word_1_219' title='bbox 279 1401 331 1440; x_wconf 90' lang='lat' dir='ltr'><em>ad</em></span> <span class='ocrx_word' id='word_1_220' title='bbox 351 1402 560 1452; x_wconf 84' lang='lat' dir='ltr'><strong>epularum</strong></span> <span class='ocrx_word' id='word_1_221' title='bbox 594 1396 907 1450; x_wconf 72' lang='lat' dir='ltr'><em>simplieitatem,</em></span> <span class='ocrx_word' id='word_1_222' title='bbox 939 1397 1162 1450; x_wconf 79' lang='grc' dir='ltr'><em>ταγηνίζειν</em></span> <span class='ocrx_word' id='word_1_223' title='bbox 1199 1402 1245 1438; x_wconf 93' lang='lat' dir='ltr'><em>ut</em></span> <span class='ocrx_word' id='word_1_224' title='bbox 1274 1399 1375 1438; x_wconf 89' lang='lat' dir='ltr'><strong>solet</strong></span> <span class='ocrx_word' id='word_1_225' title='bbox 1394 1398 1444 1438; x_wconf 84' lang='lat' dir='ltr'><em>ad</em></span> <span class='ocrx_word' id='word_1_226' title='bbox 1464 1399 1662 1438; x_wconf 82' lang='lat' dir='ltr'>convivio-</span> 
     </span>
     <span class='ocr_line' id='line_1_25' title="bbox 7 1457 1662 1508; baseline -0.001 -12"><span class='ocrx_word' id='word_1_227' title='bbox 7 1467 11 1470; x_wconf 80' lang='grc'><strong>’</strong></span> <span class='ocrx_word' id='word_1_228' title='bbox 82 1469 178 1506; x_wconf 77' lang='lat' dir='ltr'><em>rum</em></span> <span class='ocrx_word' id='word_1_229' title='bbox 223 1458 424 1498; x_wconf 85' lang='lat' dir='ltr'><em>luxuriam</em></span> <span class='ocrx_word' id='word_1_230' title='bbox 468 1458 612 1498; x_wconf 87' lang='lat' dir='ltr'><strong>referri</strong></span> <span class='ocrx_word' id='word_1_231' title='bbox 660 1458 852 1508; x_wconf 78' lang='lat' dir='ltr'><strong>praestat.</strong></span> <span class='ocrx_word' id='word_1_232' title='bbox 911 1469 1151 1507; x_wconf 82' lang='lat' dir='ltr'><em>quamquam</em></span> <span class='ocrx_word' id='word_1_233' title='bbox 1199 1457 1399 1507; x_wconf 88' lang='lat' dir='ltr'>quomodo</span> <span class='ocrx_word' id='word_1_234' title='bbox 1437 1458 1522 1495; x_wconf 90' lang='lat' dir='ltr'><em>tum</em></span> <span class='ocrx_word' id='word_1_235' title='bbox 1561 1470 1598 1495; x_wconf 87' lang='lat' dir='ltr'><em>v.</em></span> <span class='ocrx_word' id='word_1_236' title='bbox 1638 1457 1662 1494; x_wconf 84' lang='lat'><strong>2</strong></span> 
     </span>
     <span class='ocr_line' id='line_1_26' title="bbox 1 1513 1658 1567; baseline -0.002 -12"><span class='ocrx_word' id='word_1_237' title='bbox 1 1526 7 1567; x_wconf 74' lang='lat' dir='ltr'>j</span> <span class='ocrx_word' id='word_1_238' title='bbox 89 1527 179 1555; x_wconf 83' lang='lat' dir='ltr'><em>eum</em></span> <span class='ocrx_word' id='word_1_239' title='bbox 212 1517 233 1554; x_wconf 93' lang='lat'>1</span> <span class='ocrx_word' id='word_1_240' title='bbox 275 1517 486 1556; x_wconf 79' lang='lat' dir='ltr'><em>cohaereat</em></span> <span class='ocrx_word' id='word_1_241' title='bbox 523 1516 681 1565; x_wconf 81' lang='lat' dir='ltr'>nescio,</span> <span class='ocrx_word' id='word_1_242' title='bbox 718 1514 798 1554; x_wconf 83' lang='lat' dir='ltr'>nisi</span> <span class='ocrx_word' id='word_1_243' title='bbox 835 1513 940 1553; x_wconf 86' lang='lat' dir='ltr'><strong>forte</strong></span> <span class='ocrx_word' id='word_1_244' title='bbox 969 1514 1164 1564; x_wconf 85' lang='lat' dir='ltr'><strong>quaedam</strong></span> <span class='ocrx_word' id='word_1_245' title='bbox 1195 1514 1437 1553; x_wconf 82' lang='lat' dir='ltr'><strong>exciderunt.</strong></span> <span class='ocrx_word' id='word_1_246' title='bbox 1487 1513 1658 1564; x_wconf 85' lang='lat' dir='ltr'><strong>Hesyoh.</strong></span> 
     </span>
     <span class='ocr_line' id='line_1_27' title="bbox 0 1563 1661 1639; baseline -0.001 -27"><span class='ocrx_word' id='word_1_247' title='bbox 0 1587 12 1639; x_wconf 61' lang='grc' dir='ltr'>ἱ</span> <span class='ocrx_word' id='word_1_248' title='bbox 84 1572 239 1625; x_wconf 83' lang='grc' dir='ltr'><em>βινεῖν·</em></span> <span class='ocrx_word' id='word_1_249' title='bbox 269 1571 379 1625; x_wconf 78' lang='grc' dir='ltr'><em>παρὰ</em></span> <span class='ocrx_word' id='word_1_250' title='bbox 411 1570 578 1617; x_wconf 71' lang='grc' dir='ltr'><em>Σόλωνι,</em></span> <span class='ocrx_word' id='word_1_251' title='bbox 599 1568 643 1611; x_wconf 88' lang='grc' dir='ltr'><em>τὸ</em></span> <span class='ocrx_word' id='word_1_252' title='bbox 664 1570 747 1624; x_wconf 76' lang='grc' dir='ltr'><em>βίᾳ</em></span> <span class='ocrx_word' id='word_1_253' title='bbox 776 1570 1076 1623; x_wconf 77' lang='grc' dir='ltr'><em>μίγνυσθαι,</em></span> <span class='ocrx_word' id='word_1_254' title='bbox 1108 1568 1151 1609; x_wconf 89' lang='grc' dir='ltr'><em>τὸ</em></span> <span class='ocrx_word' id='word_1_255' title='bbox 1172 1568 1215 1610; x_wconf 85' lang='grc' dir='ltr'><em>δὲ</em></span> <span class='ocrx_word' id='word_1_256' title='bbox 1235 1563 1334 1609; x_wconf 71' lang='grc' dir='ltr'><em>κατά</em></span> <span class='ocrx_word' id='word_1_257' title='bbox 1365 1568 1488 1619; x_wconf 85' lang='grc' dir='ltr'><em>νόμον</em></span> <span class='ocrx_word' id='word_1_258' title='bbox 1508 1566 1661 1610; x_wconf 85' lang='grc' dir='ltr'><em>ὀπύειν.</em></span> 
     </span>
     <span class='ocr_line' id='line_1_28' title="bbox 0 1628 1662 1673; baseline -0.002 -1"><span class='ocrx_word' id='word_1_259' title='bbox 0 1640 6 1672; x_wconf 80' lang='grc' dir='ltr'><em>ζ·</em></span> <span class='ocrx_word' id='word_1_260' title='bbox 89 1630 138 1670; x_wconf 88' lang='lat' dir='ltr'><strong>de</strong></span> <span class='ocrx_word' id='word_1_261' title='bbox 169 1631 399 1673; x_wconf 79' lang='lat' dir='ltr'><strong>Palamedis</strong></span> <span class='ocrx_word' id='word_1_262' title='bbox 427 1632 605 1672; x_wconf 83' lang='lat' dir='ltr'><em>inventis</em></span> <span class='ocrx_word' id='word_1_263' title='bbox 636 1631 685 1670; x_wconf 82' lang='lat' dir='ltr'><em>of.</em></span> <span class='ocrx_word' id='word_1_264' title='bbox 719 1629 766 1670; x_wconf 93' lang='grc' dir='ltr'><em>Ο.</em></span> <span class='ocrx_word' id='word_1_265' title='bbox 788 1629 888 1668; x_wconf 87' lang='lat' dir='ltr'><em>Iahn</em></span> <span class='ocrx_word' id='word_1_266' title='bbox 918 1628 1152 1668; x_wconf 80' lang='lat' dir='ltr'><strong>Palamedes</strong></span> <span class='ocrx_word' id='word_1_267' title='bbox 1174 1629 1317 1668; x_wconf 84' lang='lat' dir='ltr'><em>Hamb.</em></span> <span class='ocrx_word' id='word_1_268' title='bbox 1343 1630 1465 1668; x_wconf 81' lang='lat'>1836.</span> <span class='ocrx_word' id='word_1_269' title='bbox 1496 1628 1662 1669; x_wconf 88' lang='lat' dir='ltr'><strong>Preller.</strong></span> 
     </span>
     <span class='ocr_line' id='line_1_29' title="bbox 0 1685 1660 1741; baseline -0.002 -13"><span class='ocrx_word' id='word_1_270' title='bbox 0 1688 6 1735; x_wconf 74' lang='grc' dir='ltr'><em>’ζ</em></span> <span class='ocrx_word' id='word_1_271' title='bbox 87 1688 218 1740; x_wconf 74' lang='lat' dir='ltr'><strong>Myth.</strong></span> <span class='ocrx_word' id='word_1_272' title='bbox 250 1686 333 1741; x_wconf 83' lang='lat' dir='ltr'><strong>gr.²</strong></span> <span class='ocrx_word' id='word_1_273' title='bbox 362 1690 404 1729; x_wconf 90' lang='lat' dir='ltr'><em>II</em></span> <span class='ocrx_word' id='word_1_274' title='bbox 442 1690 539 1729; x_wconf 84' lang='lat'>417.</span> <span class='ocrx_word' id='word_1_275' title='bbox 571 1689 669 1727; x_wconf 84' lang='lat'>426.</span> <span class='ocrx_word' id='word_1_276' title='bbox 720 1687 770 1726; x_wconf 88' lang='lat' dir='ltr'><em>ad</em></span> <span class='ocrx_word' id='word_1_277' title='bbox 809 1687 958 1737; x_wconf 76' lang='lat' dir='ltr'><strong>Baptas</strong></span> <span class='ocrx_word' id='word_1_278' title='bbox 996 1686 1093 1726; x_wconf 81' lang='lat' dir='ltr'><strong>haec</strong></span> <span class='ocrx_word' id='word_1_279' title='bbox 1135 1699 1215 1726; x_wconf 90' lang='lat' dir='ltr'><em>non</em></span> <span class='ocrx_word' id='word_1_280' title='bbox 1253 1686 1340 1726; x_wconf 89' lang='lat' dir='ltr'><em>sine</em></span> <span class='ocrx_word' id='word_1_281' title='bbox 1377 1685 1660 1736; x_wconf 84' lang='lat' dir='ltr'><em>probabilitate</em></span> 
     </span>
    </p>

    <p class='ocr_par' dir='ltr' id='par_1_6' title="bbox 89 1744 895 1787">
     <span class='ocr_line' id='line_1_30' title="bbox 89 1744 895 1787; baseline -0.005 -2"><span class='ocrx_word' id='word_1_282' title='bbox 89 1747 249 1787; x_wconf 88' lang='lat' dir='ltr'><strong>rettulit</strong></span> <span class='ocrx_word' id='word_1_283' title='bbox 278 1747 507 1787; x_wconf 87' lang='lat' dir='ltr'>Wilamow.</span> <span class='ocrx_word' id='word_1_284' title='bbox 541 1746 679 1786; x_wconf 89' lang='lat' dir='ltr'><strong>Herm.</strong></span> <span class='ocrx_word' id='word_1_285' title='bbox 711 1744 768 1783; x_wconf 91' lang='lat' dir='ltr'><em>XI</em></span> <span class='ocrx_word' id='word_1_286' title='bbox 801 1744 895 1783; x_wconf 87' lang='grc'><strong>297.</strong></span> 
     </span>
    </p>
   </div>
   <div class='ocr_carea' id='block_1_4' title="bbox 839 1877 924 1920">
    <p class='ocr_par' dir='ltr' id='par_1_7' title="bbox 839 1877 924 1920">
     <span class='ocr_line' id='line_1_31' title="bbox 839 1877 924 1920; baseline -0.012 0"><span class='ocrx_word' id='word_1_287' title='bbox 839 1877 924 1920; x_wconf 82' lang='grc'><em>352</em></span> 
     </span>
    </p>
   </div>
   <div class='ocr_carea' id='block_1_5' title="bbox 203 1965 1545 2164">
    <p class='ocr_par' dir='ltr' id='par_1_8' title="bbox 203 1965 1545 2164">
     <span class='ocr_line' id='line_1_32' title="bbox 203 1965 1545 2029; baseline -0.007 -11"><span class='ocrx_word' id='word_1_288' title='bbox 203 1976 321 2029; x_wconf 84' lang='grc' dir='ltr'><em>μισῶ</em></span> <span class='ocrx_word' id='word_1_289' title='bbox 352 1974 400 2017; x_wconf 79' lang='grc' dir='ltr'><em>δὲ</em></span> <span class='ocrx_word' id='word_1_290' title='bbox 433 1971 509 2016; x_wconf 86' lang='grc' dir='ltr'><em>καὶ</em></span> <span class='ocrx_word' id='word_1_291' title='bbox 539 1971 622 2015; x_wconf 85' lang='grc' dir='ltr'><em>τὸν</em></span> <span class='ocrx_word' id='word_1_292' title='bbox 653 1969 930 2025; x_wconf 78' lang='grc' dir='ltr'><em>Σωκράτην,</em></span> <span class='ocrx_word' id='word_1_293' title='bbox 962 1967 1041 2011; x_wconf 87' lang='grc' dir='ltr'><em>τὸν</em></span> <span class='ocrx_word' id='word_1_294' title='bbox 1073 1965 1252 2023; x_wconf 86' lang='grc' dir='ltr'><em>πτωχὸν</em></span> <span class='ocrx_word' id='word_1_295' title='bbox 1283 1965 1545 2022; x_wconf 85' lang='grc' dir='ltr'><em>ἀδολέσχην,</em></span> 
     </span>
     <span class='ocr_line' id='line_1_33' title="bbox 203 2038 892 2098; baseline -0.01 -12"><span class='ocrx_word' id='word_1_296' title='bbox 203 2041 253 2093; x_wconf 80' lang='grc' dir='ltr'><em>ὃς</em></span> <span class='ocrx_word' id='word_1_297' title='bbox 282 2041 425 2085; x_wconf 81' lang='grc' dir='ltr'><em>τᾶλλα</em></span> <span class='ocrx_word' id='word_1_298' title='bbox 455 2040 540 2098; x_wconf 80' lang='grc' dir='ltr'><em>μὲν</em></span> <span class='ocrx_word' id='word_1_299' title='bbox 571 2038 892 2096; x_wconf 78' lang='grc' dir='ltr'><em>πεφρόντικεν,</em></span> 
     </span>
     <span class='ocr_line' id='line_1_34' title="bbox 204 2105 1448 2164; baseline -0.005 -9"><span class='ocrx_word' id='word_1_300' title='bbox 204 2108 380 2155; x_wconf 85' lang='grc' dir='ltr'><em>ὁπόθεν</em></span> <span class='ocrx_word' id='word_1_301' title='bbox 413 2110 463 2153; x_wconf 79' lang='grc' dir='ltr'><em>δὲ</em></span> <span class='ocrx_word' id='word_1_302' title='bbox 495 2115 778 2164; x_wconf 80' lang='grc' dir='ltr'><em>καταφαγεῖν</em></span> <span class='ocrx_word' id='word_1_303' title='bbox 809 2109 902 2163; x_wconf 81' lang='grc' dir='ltr'><em>ἔχοι</em></span> <span class='ocrx_word' id='word_1_304' title='bbox 932 2105 1098 2149; x_wconf 85' lang='grc' dir='ltr'><em>τούτου</em></span> <span class='ocrx_word' id='word_1_305' title='bbox 1129 2105 1448 2161; x_wconf 80' lang='grc' dir='ltr'><em>κατημέληκεν.</em></span> 
     </span>
    </p>
   </div>
   <div class='ocr_carea' id='block_1_6' title="bbox 52 2195 1659 2950">
    <p class='ocr_par' dir='ltr' id='par_1_9' title="bbox 52 2195 1659 2950">
     <span class='ocr_line' id='line_1_35' title="bbox 203 2195 1659 2259; baseline -0.008 -11"><span class='ocrx_word' id='word_1_306' title='bbox 203 2206 520 2259; x_wconf 78' lang='lat' dir='ltr'><em>olympiodorus</em></span> <span class='ocrx_word' id='word_1_307' title='bbox 558 2205 719 2244; x_wconf 85' lang='lat' dir='ltr'><em>Platon.</em></span> <span class='ocrx_word' id='word_1_308' title='bbox 765 2203 913 2243; x_wconf 88' lang='lat' dir='ltr'><strong>Phaed.</strong></span> <span class='ocrx_word' id='word_1_309' title='bbox 951 2215 991 2252; x_wconf 88' lang='lat' dir='ltr'><em>p.</em></span> <span class='ocrx_word' id='word_1_310' title='bbox 1024 2202 1077 2242; x_wconf 88' lang='lat'><em>65</em></span> <span class='ocrx_word' id='word_1_311' title='bbox 1116 2200 1260 2240; x_wconf 86' lang='lat' dir='ltr'>Heind.</span> <span class='ocrx_word' id='word_1_312' title='bbox 1299 2196 1321 2239; x_wconf 83' lang='grc' dir='ltr'><em>ὅ</em></span> <span class='ocrx_word' id='word_1_313' title='bbox 1360 2196 1436 2251; x_wconf 75' lang='grc' dir='ltr'><em>γὰρ</em></span> <span class='ocrx_word' id='word_1_314' title='bbox 1481 2195 1659 2245; x_wconf 75' lang='grc' dir='ltr'><em>Εὔπολίς</em></span> 
     </span>
     <span class='ocr_line' id='line_1_36' title="bbox 88 2253 1657 2318; baseline -0.007 -14"><span class='ocrx_word' id='word_1_315' title='bbox 88 2276 189 2317; x_wconf 86' lang='grc' dir='ltr'><em>φησι</em></span> <span class='ocrx_word' id='word_1_316' title='bbox 218 2263 310 2318; x_wconf 83' lang='grc' dir='ltr'><em>περὶ</em></span> <span class='ocrx_word' id='word_1_317' title='bbox 339 2269 411 2304; x_wconf 85' lang='grc' dir='ltr'><em>τοῦ</em></span> <span class='ocrx_word' id='word_1_318' title='bbox 442 2260 704 2315; x_wconf 77' lang='grc' dir='ltr'><em>Σωκράτους·</em></span> <span class='ocrx_word' id='word_1_319' title='bbox 737 2259 776 2299; x_wconf 89' lang='grc' dir='ltr'><em>τί</em></span> <span class='ocrx_word' id='word_1_320' title='bbox 802 2260 901 2312; x_wconf 85' lang='grc' dir='ltr'><em>δῆτα</em></span> <span class='ocrx_word' id='word_1_321' title='bbox 932 2257 1087 2299; x_wconf 82' lang='grc' dir='ltr'><em>ἐκεῖνον</em></span> <span class='ocrx_word' id='word_1_322' title='bbox 1116 2255 1191 2297; x_wconf 75' lang='grc' dir='ltr'><em>τόν</em></span> <span class='ocrx_word' id='word_1_323' title='bbox 1219 2253 1443 2308; x_wconf 79' lang='grc' dir='ltr'><em>ἀδολέσχην</em></span> <span class='ocrx_word' id='word_1_324' title='bbox 1473 2253 1539 2295; x_wconf 81' lang='grc' dir='ltr'><em>καὶ</em></span> <span class='ocrx_word' id='word_1_325' title='bbox 1558 2268 1657 2294; x_wconf 87' lang='grc' dir='ltr'><em>πτω-</em></span> 
     </span>
     <span class='ocr_line' id='line_1_37' title="bbox 89 2313 1657 2375; baseline -0.008 -12"><span class='ocrx_word' id='word_1_326' title='bbox 89 2318 174 2375; x_wconf 89' lang='grc' dir='ltr'><em>χόν,</em></span> <span class='ocrx_word' id='word_1_327' title='bbox 206 2319 251 2371; x_wconf 75' lang='grc' dir='ltr'><em>ὃς</em></span> <span class='ocrx_word' id='word_1_328' title='bbox 283 2318 404 2362; x_wconf 71' lang='grc' dir='ltr'><em>τᾶλλα</em></span> <span class='ocrx_word' id='word_1_329' title='bbox 433 2317 509 2374; x_wconf 80' lang='grc' dir='ltr'><em>μὲν</em></span> <span class='ocrx_word' id='word_1_330' title='bbox 538 2321 622 2359; x_wconf 86' lang='grc' dir='ltr'><em>κτλ.</em></span> <span class='ocrx_word' id='word_1_331' title='bbox 655 2319 848 2358; x_wconf 85' lang='lat' dir='ltr'><strong>Proculus</strong></span> <span class='ocrx_word' id='word_1_332' title='bbox 879 2331 952 2358; x_wconf 85' lang='lat' dir='ltr'><em>ms.</em></span> <span class='ocrx_word' id='word_1_333' title='bbox 994 2317 1099 2368; x_wconf 80' lang='lat' dir='ltr'><strong>apud</strong></span> <span class='ocrx_word' id='word_1_334' title='bbox 1129 2315 1335 2355; x_wconf 88' lang='lat' dir='ltr'><strong>Ruhnken.</strong></span> <span class='ocrx_word' id='word_1_335' title='bbox 1368 2313 1546 2363; x_wconf 80' lang='lat' dir='ltr'>Xenoph.</span> <span class='ocrx_word' id='word_1_336' title='bbox 1578 2313 1657 2351; x_wconf 89' lang='lat' dir='ltr'><strong>Me-</strong></span> 
     </span>
     <span class='ocr_line' id='line_1_38' title="bbox 87 2367 1658 2430; baseline -0.009 -9"><span class='ocrx_word' id='word_1_337' title='bbox 87 2393 190 2421; x_wconf 86' lang='lat' dir='ltr'>mor.</span> <span class='ocrx_word' id='word_1_338' title='bbox 226 2382 261 2429; x_wconf 92' lang='lat'><em>1,</em></span> <span class='ocrx_word' id='word_1_339' title='bbox 296 2382 334 2430; x_wconf 90' lang='grc'><em>2,</em></span> <span class='ocrx_word' id='word_1_340' title='bbox 368 2382 418 2420; x_wconf 91' lang='grc'><em>31</em></span> <span class='ocrx_word' id='word_1_341' title='bbox 452 2374 578 2418; x_wconf 82' lang='grc' dir='ltr'><em>αὐτὸν</em></span> <span class='ocrx_word' id='word_1_342' title='bbox 607 2374 680 2428; x_wconf 85' lang='grc' dir='ltr'><em>μὲν</em></span> <span class='ocrx_word' id='word_1_343' title='bbox 710 2373 781 2415; x_wconf 91' lang='grc' dir='ltr'><em>τὸν</em></span> <span class='ocrx_word' id='word_1_344' title='bbox 811 2370 1034 2428; x_wconf 76' lang='grc' dir='ltr'><em>Σωκράτην</em></span> <span class='ocrx_word' id='word_1_345' title='bbox 1063 2369 1221 2424; x_wconf 88' lang='grc' dir='ltr'><em>πτωχὸν</em></span> <span class='ocrx_word' id='word_1_346' title='bbox 1249 2368 1468 2421; x_wconf 76' lang='grc' dir='ltr'><em>ἀδολέσχην</em></span> <span class='ocrx_word' id='word_1_347' title='bbox 1494 2367 1658 2408; x_wconf 83' lang='grc' dir='ltr'><em>καλούν-</em></span> 
     </span>
     <span class='ocr_line' id='line_1_39' title="bbox 66 2424 1657 2492; baseline -0.01 -14"><span class='ocrx_word' id='word_1_348' title='bbox 66 2451 171 2477; x_wconf 87' lang='grc' dir='ltr'><em>·των</em></span> <span class='ocrx_word' id='word_1_349' title='bbox 199 2443 282 2477; x_wconf 79' lang='grc' dir='ltr'><em>τῶν</em></span> <span class='ocrx_word' id='word_1_350' title='bbox 310 2435 622 2492; x_wconf 78' lang='grc' dir='ltr'><em>κωμῳδιοποιῶν</em></span> <span class='ocrx_word' id='word_1_351' title='bbox 650 2432 718 2473; x_wconf 87' lang='grc' dir='ltr'><em>καὶ</em></span> <span class='ocrx_word' id='word_1_352' title='bbox 747 2431 842 2481; x_wconf 79' lang='grc' dir='ltr'><em>τοὺς</em></span> <span class='ocrx_word' id='word_1_353' title='bbox 871 2430 1016 2479; x_wconf 75' lang='grc' dir='ltr'><em>ἄλλους</em></span> <span class='ocrx_word' id='word_1_354' title='bbox 1047 2428 1091 2470; x_wconf 84' lang='grc' dir='ltr'><em>δὲ</em></span> <span class='ocrx_word' id='word_1_355' title='bbox 1120 2427 1428 2479; x_wconf 71' lang='grc' dir='ltr'><em>ἁπαξάπαντας,</em></span> <span class='ocrx_word' id='word_1_356' title='bbox 1465 2424 1530 2464; x_wconf 83' lang='grc' dir='ltr'><em>καὶ</em></span> <span class='ocrx_word' id='word_1_357' title='bbox 1567 2424 1657 2472; x_wconf 85' lang='grc' dir='ltr'><em>τοὺς</em></span> 
     </span>
     <span class='ocr_line' id='line_1_40' title="bbox 79 2480 1658 2548; baseline -0.009 -13"><span class='ocrx_word' id='word_1_358' title='bbox 79 2491 394 2547; x_wconf 59' lang='grc' dir='ltr'><em>Υιἠιεο()”υομ,ένους</em></span> <span class='ocrx_word' id='word_1_359' title='bbox 425 2488 531 2534; x_wconf 86' lang='grc' dir='ltr'><em>εἶναι</em></span> <span class='ocrx_word' id='word_1_360' title='bbox 561 2488 831 2538; x_wconf 81' lang='grc' dir='ltr'><em>διαλεκτικοὺς</em></span> <span class='ocrx_word' id='word_1_361' title='bbox 864 2486 1051 2535; x_wconf 78' lang='grc' dir='ltr'><em>ὡσαύτως</em></span> <span class='ocrx_word' id='word_1_362' title='bbox 1082 2483 1372 2538; x_wconf 81' lang='grc' dir='ltr'><em>ὀνομαζόντων·</em></span> <span class='ocrx_word' id='word_1_363' title='bbox 1404 2488 1507 2535; x_wconf 78' lang='grc' dir='ltr'><em>μισῶ</em></span> <span class='ocrx_word' id='word_1_364' title='bbox 1527 2480 1658 2548; x_wconf 46' lang='grc' dir='ltr'><em>δὲ’καὶ</em></span> 
     </span>
     <span class='ocr_line' id='line_1_41' title="bbox 89 2542 1658 2605; baseline -0.01 -12"><span class='ocrx_word' id='word_1_365' title='bbox 89 2551 318 2605; x_wconf 76' lang='grc' dir='ltr'><em>Σωκράτην</em></span> <span class='ocrx_word' id='word_1_366' title='bbox 355 2548 425 2592; x_wconf 85' lang='grc' dir='ltr'><em>τὸν</em></span> <span class='ocrx_word' id='word_1_367' title='bbox 462 2548 621 2602; x_wconf 87' lang='grc' dir='ltr'><em>πτωχὸν</em></span> <span class='ocrx_word' id='word_1_368' title='bbox 655 2545 888 2599; x_wconf 84' lang='grc' dir='ltr'><em>ἀδολέσχην.</em></span> <span class='ocrx_word' id='word_1_369' title='bbox 938 2546 1115 2597; x_wconf 85' lang='lat' dir='ltr'>Etymol.</span> <span class='ocrx_word' id='word_1_370' title='bbox 1147 2559 1200 2585; x_wconf 91' lang='lat' dir='ltr'><em>m.</em></span> <span class='ocrx_word' id='word_1_371' title='bbox 1242 2544 1314 2593; x_wconf 87' lang='lat'><em>18,</em></span> <span class='ocrx_word' id='word_1_372' title='bbox 1349 2544 1401 2581; x_wconf 89' lang='lat'><em>10</em></span> <span class='ocrx_word' id='word_1_373' title='bbox 1437 2542 1658 2590; x_wconf 79' lang='grc' dir='ltr'><em>Σωκρατην</em></span> 
     </span>
     <span class='ocr_line' id='line_1_42' title="bbox 89 2597 1654 2661; baseline -0.01 -10"><span class='ocrx_word' id='word_1_374' title='bbox 89 2607 250 2661; x_wconf 84' lang='grc' dir='ltr'><em>πτωχὸν</em></span> <span class='ocrx_word' id='word_1_375' title='bbox 278 2606 500 2661; x_wconf 84' lang='grc' dir='ltr'><em>ἀδολέσχην</em></span> <span class='ocrx_word' id='word_1_376' title='bbox 530 2606 608 2659; x_wconf 74' lang='grc' dir='ltr'><em>ἔφη</em></span> <span class='ocrx_word' id='word_1_377' title='bbox 641 2604 706 2646; x_wconf 85' lang='grc' dir='ltr'><em>καὶ</em></span> <span class='ocrx_word' id='word_1_378' title='bbox 736 2603 938 2651; x_wconf 77' lang='grc' dir='ltr'><em>Εὔπολις·</em></span> <span class='ocrx_word' id='word_1_379' title='bbox 961 2599 1047 2641; x_wconf 79' lang='grc' dir='ltr'><em>ἀλλ’</em></span> <span class='ocrx_word' id='word_1_380' title='bbox 1081 2597 1309 2651; x_wconf 86' lang='grc' dir='ltr'><em>ἀδολεσχεῖν</em></span> <span class='ocrx_word' id='word_1_381' title='bbox 1338 2600 1417 2637; x_wconf 90' lang='grc' dir='ltr'><em>κτλ.</em></span> <span class='ocrx_word' id='word_1_382' title='bbox 1450 2599 1516 2648; x_wconf 84' lang='lat' dir='ltr'>(fr.</span> <span class='ocrx_word' id='word_1_383' title='bbox 1540 2597 1654 2647; x_wconf 86' lang='lat'>353).</span> 
     </span>
     <span class='ocr_line' id='line_1_43' title="bbox 90 2653 1657 2720; baseline -0.011 -11"><span class='ocrx_word' id='word_1_384' title='bbox 90 2669 149 2708; x_wconf 73' lang='lat' dir='ltr'><em>sie</em></span> <span class='ocrx_word' id='word_1_385' title='bbox 176 2668 377 2708; x_wconf 79' lang='lat' dir='ltr'><em>Gaisford.</em></span> <span class='ocrx_word' id='word_1_386' title='bbox 409 2681 457 2707; x_wconf 87' lang='lat' dir='ltr'><strong>ex</strong></span> <span class='ocrx_word' id='word_1_387' title='bbox 487 2666 686 2706; x_wconf 82' lang='lat' dir='ltr'><em>vossiano</em></span> <span class='ocrx_word' id='word_1_388' title='bbox 717 2677 752 2702; x_wconf 87' lang='lat' dir='ltr'><em>a.</em></span> <span class='ocrx_word' id='word_1_389' title='bbox 784 2662 982 2714; x_wconf 86' lang='lat' dir='ltr'><strong>Bergkius</strong></span> <span class='ocrx_word' id='word_1_390' title='bbox 1019 2673 1082 2710; x_wconf 87' lang='lat' dir='ltr'><em>ap.</em></span> <span class='ocrx_word' id='word_1_391' title='bbox 1116 2659 1236 2698; x_wconf 88' lang='lat' dir='ltr'><strong>Mein.</strong></span> <span class='ocrx_word' id='word_1_392' title='bbox 1267 2656 1305 2694; x_wconf 89' lang='lat' dir='ltr'>V</span> <span class='ocrx_word' id='word_1_393' title='bbox 1333 2669 1373 2706; x_wconf 89' lang='lat' dir='ltr'><em>p.</em></span> <span class='ocrx_word' id='word_1_394' title='bbox 1413 2653 1657 2720; x_wconf 65' lang='lat' dir='ltr'>L31XXV111</span> 
     </span>
     <span class='ocr_line' id='line_1_44' title="bbox 90 2709 1656 2778; baseline -0.011 -14"><span class='ocrx_word' id='word_1_395' title='bbox 90 2726 204 2765; x_wconf 87' lang='lat' dir='ltr'><strong>addit</strong></span> <span class='ocrx_word' id='word_1_396' title='bbox 233 2725 393 2776; x_wconf 82' lang='lat' dir='ltr'><strong>Asclep.</strong></span> <span class='ocrx_word' id='word_1_397' title='bbox 425 2724 593 2764; x_wconf 83' lang='lat' dir='ltr'><em>Aristot.</em></span> <span class='ocrx_word' id='word_1_398' title='bbox 635 2721 810 2771; x_wconf 82' lang='lat' dir='ltr'><strong>Metaph.</strong></span> <span class='ocrx_word' id='word_1_399' title='bbox 845 2720 958 2759; x_wconf 71' lang='lat'>6032.</span> <span class='ocrx_word' id='word_1_400' title='bbox 988 2718 1012 2755; x_wconf 88' lang='lat'>4</span> <span class='ocrx_word' id='word_1_401' title='bbox 1052 2713 1175 2766; x_wconf 85' lang='grc' dir='ltr'><em>φησὶν</em></span> <span class='ocrx_word' id='word_1_402' title='bbox 1204 2711 1224 2752; x_wconf 90' lang='grc' dir='ltr'>ὁ</span> <span class='ocrx_word' id='word_1_403' title='bbox 1252 2709 1539 2778; x_wconf 77' lang='grc' dir='ltr'><em>Ἀριστοφανης</em></span> <span class='ocrx_word' id='word_1_404' title='bbox 1570 2710 1656 2748; x_wconf 87' lang='grc' dir='ltr'><em>δια-</em></span> 
     </span>
     <span class='ocr_line' id='line_1_45' title="bbox 89 2770 1656 2835; baseline -0.012 -12"><span class='ocrx_word' id='word_1_405' title='bbox 89 2777 249 2835; x_wconf 77' lang='grc' dir='ltr'><em>βάλλων</em></span> <span class='ocrx_word' id='word_1_406' title='bbox 278 2780 371 2829; x_wconf 82' lang='grc' dir='ltr'><em>τοῦς</em></span> <span class='ocrx_word' id='word_1_407' title='bbox 402 2783 725 2833; x_wconf 80' lang='grc' dir='ltr'><em>φιλοσοφοῦντας</em></span> <span class='ocrx_word' id='word_1_408' title='bbox 758 2808 766 2816; x_wconf 93' lang='grc'><em>.</em></span> <span class='ocrx_word' id='word_1_409' title='bbox 792 2808 800 2817; x_wconf 92' lang='grc'><strong>.</strong></span> <span class='ocrx_word' id='word_1_410' title='bbox 825 2806 833 2815; x_wconf 94' lang='grc'><strong>.</strong></span> <span class='ocrx_word' id='word_1_411' title='bbox 864 2779 971 2828; x_wconf 77' lang='grc' dir='ltr'><em>μισοῖ</em></span> <span class='ocrx_word' id='word_1_412' title='bbox 986 2771 1046 2812; x_wconf 72' lang='grc' dir='ltr'><em>,δὲ</em></span> <span class='ocrx_word' id='word_1_413' title='bbox 1074 2770 1140 2811; x_wconf 80' lang='grc' dir='ltr'><em>καὶ</em></span> <span class='ocrx_word' id='word_1_414' title='bbox 1170 2773 1411 2822; x_wconf 90' lang='grc' dir='ltr'><em>Σωκρατην,</em></span> <span class='ocrx_word' id='word_1_415' title='bbox 1450 2782 1521 2807; x_wconf 87' lang='grc' dir='ltr'><em>τον</em></span> <span class='ocrx_word' id='word_1_416' title='bbox 1556 2780 1656 2833; x_wconf 70' lang='grc' dir='ltr'><em>πτω-</em></span> 
     </span>
     <span class='ocr_line' id='line_1_46' title="bbox 52 2822 1656 2894; baseline -0.012 -13"><span class='ocrx_word' id='word_1_417' title='bbox 52 2838 58 2844; x_wconf 83' lang='grc'><strong>’</strong></span> <span class='ocrx_word' id='word_1_418' title='bbox 90 2833 429 2892; x_wconf 81' lang='grc' dir='ltr'><em>χὸν·ἀδολέσχην,</em></span> <span class='ocrx_word' id='word_1_419' title='bbox 458 2835 505 2886; x_wconf 80' lang='grc' dir='ltr'><em>,ὃς</em></span> <span class='ocrx_word' id='word_1_420' title='bbox 536 2843 618 2877; x_wconf 73' lang='grc' dir='ltr'><em>τῶν</em></span> <span class='ocrx_word' id='word_1_421' title='bbox 647 2834 781 2875; x_wconf 72' lang='grc' dir='ltr'><em>ἄλλων</em></span> <span class='ocrx_word' id='word_1_422' title='bbox 800 2831 874 2885; x_wconf 82' lang='grc' dir='ltr'><em>μὲν</em></span> <span class='ocrx_word' id='word_1_423' title='bbox 892 2829 1169 2894; x_wconf 71' lang='grc' dir='ltr'><em>πεφρόντικεν,</em></span> <span class='ocrx_word' id='word_1_424' title='bbox 1199 2826 1332 2866; x_wconf 86' lang='grc' dir='ltr'><em>πόθεν</em></span> <span class='ocrx_word' id='word_1_425' title='bbox 1351 2822 1396 2890; x_wconf 72' lang='grc' dir='ltr'><em>δὲ</em></span> <span class='ocrx_word' id='word_1_426' title='bbox 1416 2824 1541 2890; x_wconf 62' lang='grc' dir='ltr'><em>φάγῃ,</em></span> <span class='ocrx_word' id='word_1_427' title='bbox 1573 2837 1656 2862; x_wconf 89' lang='grc' dir='ltr'><em>του-</em></span> 
     </span>
     <span class='ocr_line' id='line_1_47' title="bbox 91 2881 1655 2950; baseline -0.012 -12"><span class='ocrx_word' id='word_1_428' title='bbox 91 2910 161 2937; x_wconf 84' lang='grc' dir='ltr'><em>του</em></span> <span class='ocrx_word' id='word_1_429' title='bbox 199 2895 486 2950; x_wconf 83' lang='grc' dir='ltr'><em>κατημέληκεν.</em></span> <span class='ocrx_word' id='word_1_430' title='bbox 537 2895 588 2935; x_wconf 82' lang='lat' dir='ltr'><strong>ef.</strong></span> <span class='ocrx_word' id='word_1_431' title='bbox 627 2893 835 2943; x_wconf 83' lang='lat' dir='ltr'>Aristoph.</span> <span class='ocrx_word' id='word_1_432' title='bbox 876 2891 926 2930; x_wconf 88' lang='lat' dir='ltr'><em>fr.</em></span> <span class='ocrx_word' id='word_1_433' title='bbox 967 2890 1063 2928; x_wconf 88' lang='lat'>490.</span> <span class='ocrx_word' id='word_1_434' title='bbox 1113 2899 1182 2925; x_wconf 89' lang='grc' dir='ltr'><em>τον</em></span> <span class='ocrx_word' id='word_1_435' title='bbox 1216 2885 1437 2937; x_wconf 89' lang='grc' dir='ltr'><em>Σωκρατην</em></span> <span class='ocrx_word' id='word_1_436' title='bbox 1471 2881 1655 2922; x_wconf 87' lang='lat' dir='ltr'>Dmdorf.</span> 
     </span>
    </p>
   </div>
  </div>
 </body>
</html>
