1872 3224
225 213 310 255 660
878 210 1155 245 ΠΛΑΤῼΝΟΣ

969 307 1054 355 213

339 396 536 435 Zenobius
568 396 605 443 2,
629 396 681 434 27
714 393 767 434 ἐν
795 394 853 449 τῷ
885 392 1164 434 Μελιτέων·
1195 393 1361 435 ἐλλείπει
1392 393 1436 435 τὸ
1463 395 1573 449 οἴκῳ.
1603 393 1799 447 μέμνηται

224 446 351 511 αρτῆς
378 448 681 548 οἈἓιστοφοξνης
728 450 772 490 έν
800 453 1005 521 (Γεωργοῖς
1045 450 1112 491 καὶ
1150 449 1322 520 Πλάτων
1359 449 1380 491 ὁ
1417 451 1607 519 κωμικός.
1665 446 1718 505 ἦν
1753 449 1799 492 δὲ

225 511 340 557 οὑτος
371 524 392 547 ο
423 523 443 548 ο
464 523 530 556 κος
559 523 680 562 μεγας
711 508 767 556 εἰς
788 508 995 561 υποδοχην
1013 511 1295 562 μισθουμένος.
1326 510 1377 550 cf.
1402 511 1607 562 Anstoph.
1629 510 1679 550 fr.
1705 511 1797 550 115.

974 644 1060 686 214

340 727 474 768 Schol.
506 727 715 778 Aristoph.
746 728 918 768 Acharn.
953 729 1005 767 22
1037 730 1079 767 et
1108 727 1253 767 Suidas
1290 724 1585 779 μεμιλτωμένον
1624 725 1801 780 σχοινίον

225 788 267 825 et
288 784 477 836 σχοινίον.
509 784 738 835 σχοινίον
768 782 1084 831 ἐκτείνοντες
1116 782 1180 823 διὰ
1211 789 1281 835 τῆς
1310 779 1456 837 ἀγορᾶς
1486 783 1689 824 διώκειν
1718 780 1802 825 τὸν

225 841 338 894 ὅχλο
351 858 372 880 v
402 841 472 889 εἰς
503 840 590 893 τὴν
620 839 907 893 ἐκκλησίαν,
941 839 996 889 ὥς
1027 852 1127 893 φησι
1159 837 1331 880 Πλάτων
1350 833 1371 879 ὃ
1392 840 1580 893 κωμικός.
1639 839 1726 882 ὅσοι
1755 839 1802 882 δὲ
1843 893 1847 896 ἡ

228 898 414 953 ἐχρίοντο,
455 896 627 948 ἐξέτινον
661 898 818 951 ζημίαν.
880 914 926 939 ex
969 900 1184 950 postremis
1229 900 1363 940 verbis
1406 912 1507 950 quae
1550 901 1646 940 sunt
1689 900 1802 940 scho-

224 958 376 1008 liastae,
409 958 573 997 ridicule
604 958 833 998 trimetrum
863 957 1020 997 effinxit
1049 957 1232 1000 Bothitus.

979 1092 1063 1135 215

282 1231 291 1246 ¹
344 1175 494 1245 §cholv
517 1175 723 1241 Aristoph.
754 1175 854 1245 Ran.
887 1176 1049 1243 303'et
1087 1174 1229 1239 Sujdes
1262 1170 1542 1227 ἹΙφέλοχος·
1582 1172 1724 1240 τοῦτον
1759 1170 1805 1240 δὲ

227 1247 317 1342 astffgtn
320 1237 584 1330 {3210ssssqu
623 1247 696 1284 την
725 1247 870 1284 φωνην
908 1233 1082 1271 Πλατων
1119 1241 1300 1271 σκωπτει.
1360 1231 1614 1283 Hegelochus
1658 1232 1804 1272 lusu-10

976 1378 1061 1421 216

346 1462 480 1502 Schol.
511 1462 719 1513 Aristoph.
750 1462 839 1501 Pac.
872 1463 955 1502 313
985 1459 1053 1501 καὶ
1083 1458 1256 1499 Πλάτων
1285 1457 1330 1499 δὲ
1358 1457 1380 1499 ὁ
1409 1453 1581 1512 κωμικὸς
1620 1457 1805 1513 Κέρβε-

230 1533 318 1627 ῗῧέν
342 1515 484 1616 Ιοὸιέτὲν
523 1516 729 1573 (Κλέωνα)
774 1513 996 1570 ὠνόμασεν.
1057 1521 1176 1569 atque
1219 1513 1324 1557 κύνα
1367 1515 1572 1571 Κέρβερον
1604 1518 1804 1570 Aristoph-

976 1664 1059 1707 217

345 1749 478 1788 Schol.
500 1748 707 1798 Aristoph.
729 1748 835 1786 Plut.
862 1749 940 1787 177
975 1744 1264 1800 (Φιλέψιος)
1294 1743 1421 1797 πένης
1451 1742 1511 1786 ὢν
1541 1743 1668 1798 λέγων
1697 1745 1801 1786 ἴστο-

231 1804 318 1857 ρίας
350 1803 548 1873 ἐτρέφετω
602 1803 887 1857 τερατώδης
918 1801 962 1843 δὲ
991 1802 1059 1844 καὶ
1088 1802 1235 1851 λάλος
1265 1802 1532 1856 διαβάλλεται,
1562 1799 1618 1851 ὥς
1647 1799 1669 1842 ὃ
1701 1798 1806 1842 Πλά-

233 1877 313 1902 των
342 1877 363 1901 ο
395 1876 581 1914 κωμικος.

977 1961 1062 2005 218

346 2045 548 2085 Plutarch.
580 2045 732 2085 Anton.
758 2047 812 2086 70
840 2040 862 2084 ὃ
892 2041 940 2084 δὲ
974 2043 1141 2096 Τίμων
1169 2039 1223 2096 ἦν
1248 2040 1467 2094 Ἀθηναῖος
1500 2075 1508 2083 .
1534 2073 1544 2083 .
1567 2072 1577 2083 .
1606 2039 1706 2082 κατὰ
1735 2039 1806 2082 τὸν

234 2099 616 2153 Πελοποννησιακὸν
645 2100 831 2153 πόλεμον,
861 2098 916 2149 ὥς
947 2099 991 2140 ἐκ
1021 2102 1104 2141 τοῖν
1129 2098 1439 2154 Ἀριστοφάνους
1477 2098 1545 2139 καὶ
1588 2097 1806 2148 Πλάτωνος

233 2156 446 2213 δραμάτων
474 2158 615 2210 λαβεῖν
645 2157 744 2198 ἔστι·
775 2158 1023 2213 κωμῳδεῖται
1050 2157 1126 2212 γὰρ
1157 2157 1202 2198 ἐν
1222 2156 1396 2205 ,ἐκείνοις
1427 2154 1481 2205 ὡς
1512 2155 1712 2210 δυσμενὴς
1738 2155 1806 2196 καὶ

233 2215 539 2270 μισάνθρωπος.
571 2217 622 2256 cf.
654 2217 827 2257 Meinek.
858 2217 879 2255 I
909 2218 991 2256 327
1009 2230 1068 2267 sq.
1102 2217 1307 2268 Aristoph.
1327 2215 1406 2257 Av.
1432 2216 1555 2255 1549.
1586 2216 1686 2258 Ran.
1711 2216 1804 2255 130.

979 2351 1064 2394 219

347 2435 589 2475 Aristoteles
634 2434 753 2474 Rhct.
788 2436 831 2484 1,
873 2435 925 2473 15
966 2428 1055 2472 οἷον
1090 2431 1300 2485 Εὔβουλος
1339 2430 1384 2472 ἕν
1419 2435 1500 2480 τοῖς
1538 2429 1806 2486 δικαστηρίοις

237 2490 429 2545 ἐχρήσατο
458 2490 558 2531 κατὰ
591 2488 789 2544 Χάρητος,
819 2485 854 2545 ᾦ
883 2489 1059 2530 Πλάτων
1088 2485 1172 2530 εἶπε
1202 2489 1302 2543 πρὸς
1328 2482 1527 2542 Ἀρχίβιον
1558 2487 1618 2528 ’ὅτι
1648 2486 1806 2528 ἐπιδέ-

234 2549 392 2588 δωκεν
422 2546 474 2588 ἐν
504 2554 560 2603 τῇ
589 2547 729 2588 πόλει
759 2546 809 2587 τὸ
837 2544 1108 2600 ὁμολογεῖν
1134 2545 1386 2600 πονηροὺς
1416 2541 1558 2586 εἶναι.
1587 2543 1804 2599 Ἀρχίβιον]

229 2603 413 2658 Ἀρχῖνον
432 2607 617 2655 Meinek„
637 2607 663 2645 i.
680 2619 713 2645 e.
736 2606 919 2645 Eubulus
940 2605 1150 2645 Charetem
1170 2617 1359 2645 accusans
1380 2605 1486 2644 dicto
1507 2601 1689 2644 Platonis
1708 2616 1805 2644 usus

236 2666 309 2709 est,
334 2665 401 2713 qui
423 2663 588 2702 Archini
609 2663 726 2714 culpa
745 2664 787 2702 in
803 2663 967 2703 civitate
979 2675 1191 2702 numerum
1207 2675 1343 2702 eorum
1359 2663 1520 2700 auctum
1536 2673 1622 2701 esse
1637 2661 1804 2711 questus

235 2723 323 2759 erat
354 2721 422 2771 qui
453 2733 494 2759 se
524 2733 669 2770 pravos
699 2733 784 2760 esse
814 2720 892 2770 ipsi
924 2720 1199 2760 concederent.
1232 2719 1407 2770 Spengel
1426 2717 1576 2769 Synag.
1596 2718 1726 2757 techn-
1750 2718 1806 2757 20
1859 2743 1861 2745 -

235 2774 480 2815 ἐπιδέδωκεν
509 2773 713 2829 ὁμολογεῖν
733 2774 778 2815 ἕν
798 2777 846 2831 τῇ
865 2774 975 2815 πόλει
995 2769 1099 2815 εἶναι
1117 2773 1333 2828 πονηρούς.
1382 2778 1522 2814 eontra
1543 2774 1683 2814 Cobet.
1705 2774 1803 2814 Obs-

237 2835 327 2873 crit.
353 2835 432 2872 198
453 2834 531 2872 alia
550 2847 715 2884 prorsus
736 2834 933 2874 sententia
953 2829 1197 2879 ἐπιδέδωκας
1218 2837 1266 2886 τῇ
1279 2830 1410 2876 πόλει;
1431 2828 1668 2884 -πονηρὸς
1689 2825 1804 2872 εἶναι.

238 2892 350 2930 ‘tune
379 2890 592 2940 quicquam
612 2888 665 2931 ex‘
682 2891 762 2931 tuis
784 2891 928 2941 opibus
957 2890 1135 2941 inopiam
1164 2890 1366 2940 publicam
1396 2888 1647 2930 sublevasti?
1678 2889 1803 2928 immo
