1872 3224
255 179 333 222 108
906 166 1155 203 KPA'rmor

251 287 291 324 et
311 283 515 334 genetivus
537 278 733 318 artissime
762 289 851 315 cum
872 270 981 325 ὅμιλε
1002 269 1302 321 coniungendus
1322 280 1422 308 esse.
1453 279 1532 318 quo
1563 267 1670 308 facto
1699 279 1811 320 speo-

251 343 426 381 tatorum
468 337 625 376 turbam
667 334 716 373 ad
760 332 874 371 ludos
916 328 1151 381 posterioris
1189 326 1354 365 alicuius
1398 325 1688 376 Dionysiorum
1731 324 1812 370 diei

252 397 509 438 confluentem
547 392 783 442 plebeculam
818 389 1051 438 repotioram
1091 385 1190 423 dicit
1227 379 1322 437 (den
1358 382 1526 430 Haufen
1563 383 1631 422 des
1669 383 1815 424 blanca

250 451 465 502 Montaqs).
496 448 841 501 reprehensionem
870 445 1009 496 populi
1039 455 1127 482 oum
1158 441 1272 480 laude
1304 440 1531 505 coniungit,
1570 441 1618 480 ut
1655 440 1811 496 Aristo-
1863 494 1865 497 ι

250 511 395 562 phanes
424 509 465 547 in
495 507 672 546 Nubium
701 503 897 555 parabasi.
928 515 966 542 v.
999 502 1022 540 3
1053 512 1126 551 pro
1157 496 1339 549 ψόφησις
1373 495 1580 550 (ψοφησιν
1607 496 1690 548 Fl.)
1720 493 1812 549 ψό-
1863 503 1872 518 ⁴·

251 575 419 617 φοισιν
449 563 699 604 scribendum
729 561 922 600 arbitror:
955 571 999 598 ea
1027 562 1062 597 te
1091 560 1190 597 sorte
1220 559 1346 596 mater
1378 557 1528 605 peperit
1535 558 1623 611 ἐμέ
1650 556 1815 606 strepim
1865 578 1872 606 g

251 623 427 663 theatrali
455 621 666 662 laetareris.
699 619 746 657 de
777 619 905 657 metro
937 616 990 657 cf.
1019 615 1067 654 fr.
1102 615 1166 653 57.
1187 615 1225 653 8.

914 727 999 771 324
1018 728 1085 783 εᾹ-Ῐ)
1108 742 1139 769 c.

421 821 511 867 εὔιε
541 818 782 877 κισσοχαῑτ’
817 818 927 871 ἅναξ
959 815 1094 875 χαῖρ’,
1128 814 1291 873 ἔφασκ’
1319 814 1632 875 Ἐκφαντίδης.

1019 889 1038 911 ³1:

1153 920 1173 942 ³1³

421 962 566 1005 πάντα
596 959 792 1016 φορητά,
823 956 970 1000 πάντα
1000 953 1196 1011 τολμητά
1226 954 1343 1011 τῷδε
1371 954 1434 1012 τῷ
1461 957 1598 1014 χορῷ.

1020 1029 1040 1048 ²5

886 1059 906 1081 δὲ
1154 1058 1174 1080 ³1⁶

422 1098 540 1155 πλὴν
569 1097 730 1146 Ξενίου
760 1096 942 1150 νόμοισι
972 1094 1046 1137 καὶ
1078 1095 1372 1149 Σχοινίωνος,
1403 1086 1442 1135 (ὅ
1471 1091 1652 1151 Χάρων.

365 1193 605 1245 Hephaestio
646 1192 716 1240 15,
757 1192 809 1230 24
847 1187 927 1229 ἔστι
962 1186 1037 1242 γὰρ
1077 1186 1138 1240 (τὸ
1176 1186 1424 1239 καλούμενον
1467 1187 1724 1242 Κρατίνειον)
1759 1185 1818 1228 ’ἐκ

253 1252 510 1303 χοριαμβικοῢ
540 1247 755 1300 ἐπιμίκτον,
785 1252 852 1286 τοῦ
883 1245 954 1299 τὴν
985 1245 1176 1298 δευτέραν
1205 1243 1397 1298 ἰαμβικὴν
1426 1243 1603 1298 ἔχοντος,
1635 1243 1704 1286 καὶ
1733 1260 1818 1298 τρο-

254 1313 394 1359 χαϊκοῦ
414 1306 730 1358 ἕφθημιμεροῦς·
763 1303 844 1345 εὔιε
869 1328 916 1334 —-
941 1303 1101 1357 Χάρων.
1134 1317 1170 1343 a.
1201 1299 1349 1353 ἔφασκ’
1379 1299 1649 1355 Ἐκφαντίδης
1676 1303 1816 1357 Pauw]

254 1363 401 1415 ἔφασκε
431 1363 644 1414 Φαντίδης.
682 1377 713 1403 c.
745 1359 1002 1415 Σχοινίωνος]
1035 1360 1240 1412 χοινίωνος
1280 1361 1341 1400 Fl.
1392 1357 1545 1410 Χάρων
1581 1358 1632 1415 Ε]
1665 1358 1818 1415 Χάρον.

255 1435 493 1473 quamquam
522 1421 764 1471 Hephaestio
794 1421 937 1459 horum
967 1432 1153 1459 versuum
1174 1421 1332 1470 poetam
1354 1431 1435 1458 non
1456 1419 1652 1468 nominat,
1683 1421 1819 1459 tamen

255 1492 342 1517 cum
373 1480 420 1518 de
451 1481 577 1518 metro
609 1478 791 1517 Cratineo
823 1479 863 1516 et
891 1477 1052 1527 propria
1082 1477 1167 1515 eius
1197 1476 1329 1515 forma
1360 1476 1553 1527 disputet,
1583 1477 1633 1516 de
1654 1475 1819 1517 Cratino

256 1537 413 1575 auctore
445 1536 617 1574 dubitari
645 1548 726 1574 non
755 1537 901 1585 potest.
933 1535 983 1573 cf.
1018 1534 1181 1584 Soping.
1214 1533 1388 1584 Hesych.
1419 1533 1461 1572 ΙΙ
1486 1534 1606 1573 1334.
1637 1533 1819 1585 Ecphan·

256 1593 350 1631 tidis
389 1605 524 1632 versus
555 1595 615 1631 est
644 1593 692 1631 fr.
722 1594 760 1631 3.
790 1591 1045 1631 manifestum
1084 1593 1144 1630 est
1179 1590 1252 1630 hos
1292 1602 1431 1630 versus
1469 1603 1550 1631 non
1589 1590 1819 1641 cohaerer03

257 1652 430 1688 attamen
468 1662 513 1688 ex
549 1650 686 1688 eadem
721 1649 903 1699 parabasi
940 1649 1127 1687 videntur
1163 1649 1340 1698 excerpti
1371 1661 1476 1697 esse,
1516 1648 1660 1700 exiguo
1698 1647 1821 1688 inter-

260 1706 361 1745 vallo
392 1706 607 1746 secundum
635 1707 742 1745 inter
772 1708 812 1745 et
841 1706 1003 1744 tertium
1042 1705 1293 1756 interposito.
1354 1705 1402 1745 de
1432 1706 1563 1746 Xenio
1593 1705 1658 1747 vel
1688 1705 1821 1746 Xem'a

258 1776 338 1802 non
369 1765 544 1802 constat:
585 1763 891 1813 Aristophanem
930 1764 1094 1813 propter
1132 1763 1386 1814 peregrinam
1424 1763 1622 1815 originem
1659 1763 1717 1803 sic
1753 1762 1821 1803 ad-

257 1819 395 1870 pellari
424 1820 592 1859 coniecit
620 1820 816 1871 Bergkius
847 1820 892 1858 R.
925 1833 957 1859 c.
989 1820 1078 1859 Att.
1113 1822 1206 1859 116.
1237 1820 1455 1860 Schoenion
1483 1833 1704 1872 cognomen
1734 1821 1822 1860 erat

258 1875 403 1915 Calliae
434 1877 580 1916 comico
610 1877 795 1926 inditum,
829 1877 981 1916 Cratini
1020 1877 1382 1928 Aristophanisque
1419 1878 1584 1928 aequali.
1645 1876 1820 1918 Moinek.

259 1934 278 1971 Ι
316 1934 411 1979 213.
451 1933 563 1973 Suid.
602 1933 774 1980 Καλλίας
809 1930 1026 1984 Ἀθηναῖος
1064 1932 1258 1985 κωμικός,
1305 1927 1392 1982 υίὸς
1440 1932 1738 1986 Μνησιμάχου,
1777 1931 1822 1983 ὅς

259 1987 459 2040 ἐπεκλήθη
489 1990 686 2041 Σχοινίων
715 1989 781 2029 διὰ
814 1988 854 2029 τὸ
885 1986 1170 2042 σχοινοπλόκου
1208 1985 1312 2030 εἶναι
1342 1990 1501 2044 πατρός.
1562 1992 1611 2031 de
1643 1991 1823 2033 Charom

258 2046 423 2086 Aristot.
454 2047 567 2086 Rhet.
602 2050 640 2096 3,
675 2050 724 2086 17
757 2041 891 2099 ἐπειδὴ
921 2045 1185 2101 (ἐπίφθονον)
1215 2046 1305 2100 περὶ
1334 2047 1457 2088 ἄλλον
1488 2045 1654 2104 (λέγειν)
1682 2045 1712 2101 ἢ
1742 2050 1822 2088 λοι-

262 2101 398 2153 δορίαν
429 2101 540 2154 (ἔχει)
571 2100 598 2154 ἢ
626 2098 850 2156 ἀγροικίαν,
889 2103 1020 2156 ἕτερον
1057 2103 1129 2157 χρὴ
1168 2103 1330 2158 λέγοντα
1367 2109 1498 2146 ποιεῖν
1530 2137 1540 2146 .
1564 2137 1574 2146 .
1598 2137 1607 2146 .
1639 2101 1696 2154 ὥς
1721 2102 1767 2144 Ἀ
1806 2130 1821 2138 -

260 2158 450 2210 χίλοχος
480 2158 635 2212 ψέγει.
666 2164 775 2201 ποιεῖ
797 2160 872 2214 γὰρ
903 2160 972 2201 τὸν
1000 2160 1149 2214 πατέρα
1179 2161 1344 2216 λέγοντα
1381 2161 1470 2216 περὶ
1511 2162 1580 2215 τῆς
1617 2165 1751 2216 θνγατ
1801 2178 1822 2211 ς

265 2244 273 2253 .
297 2245 304 2253 .
328 2245 336 2253 .
369 2214 532 2255 καὶτὸν
561 2213 772 2267 Χάρωνα
803 2215 884 2258 τὸν
913 2216 1124 2259 τέκτονα
1156 2217 1197 2258 ἐν
1227 2224 1281 2274 τῷ
1310 2219 1452 2276 ἰάμβῳ,
1484 2214 1537 2260 οὗ
1563 2217 1590 2272 ἡ
1619 2216 1741 2273 ἀρχή·
1772 2217 1825 2260 οὔ

260 2285 324 2322 μοι
354 2270 398 2310 τὰ
430 2269 578 2326 Γύγεω.
610 2275 739 2326 itaque
770 2277 1032 2327 probabiliter
1061 2278 1261 2328 Bergkius
1293 2279 1344 2317 27
1377 2279 1428 2317 ad
1457 2278 1719 2319 Archilochos
1748 2277 1824 2318 hos

262 2342 396 2386 versus
416 2332 585 2371 rettulit.
615 2332 711 2372 dicit
731 2336 863 2373 autem
885 2334 1072 2374 Cratinus
1094 2336 1227 2374 omnia
1246 2336 1466 2384 subeunda,
1489 2336 1623 2375 omnia
1642 2334 1824 2379 audenda

261 2398 344 2424 esse
374 2387 506 2439 choro,
539 2391 582 2427 ut
611 2390 818 2429 victoriam
848 2393 1048 2442 reportet,
1079 2405 1125 2431 ea
1153 2395 1287 2432 tamen
1316 2393 1569 2444 exceptione,
1608 2394 1656 2432 ut
1690 2405 1823 2444 neque

262 2442 407 2482 Xeniae
436 2457 561 2495 neque
594 2446 848 2487 Schoenionis
878 2449 1006 2487 modis
1037 2451 1187 2491 utatur.
1217 2450 1267 2489 ad
1298 2463 1419 2501 quam
1449 2450 1694 2490 sententiam
1723 2447 1822 2490 Cha-

263 2499 368 2538 ronis
398 2500 606 2541 adsensum
637 2504 786 2553 expetit
816 2507 862 2544 ut
892 2506 976 2556 ipse
1007 2506 1284 2547 Archilochus.

996 2616 1080 2659 325

320 2697 541 2755 αὐτομάτη
572 2702 621 2745 δὲ
652 2704 778 2759 φέρει
807 2705 1084 2760 τιθύμαλλον
1113 2709 1189 2750 καὶ
1220 2708 1400 2764 σφάκον
1430 2707 1543 2764 πρὸς
1571 2706 1695 2767 αὐτῷ

321 2764 586 2823 ἀσφάραγον
616 2769 803 2816 κύτισόν
832 2788 904 2816 τε·
937 2773 1125 2818 νάπαισι
1154 2772 1201 2818 δ’
1234 2774 1477 2833 ἀνθέρικος
1508 2778 1670 2835 ἐνηβᾷ·

321 2834 394 2876 καὶ
424 2834 599 2890 φλόμον
628 2836 838 2893 ἄφθονον
868 2839 983 2886 ὥστε
1013 2850 1223 2900 παρεῖναι
1253 2848 1364 2889 πᾶσι
1394 2853 1487 2897 τοῖς
1517 2843 1740 2902 ἀγροῖσιν.
