1872 3224
701 256 865 291 NOMOI
915 256 1156 291 οΔΤΣΣΗΣ
1666 257 1723 299 55

892 416 973 460 133

244 513 415 553 Photius
444 509 649 564 παλαστή·
682 514 896 564 θηλυκῶς·
932 495 1132 563 Κρατῖνος
1166 507 1323 564 Νόμοις
1365 513 1516 564 εμεῖζον
1552 505 1595 552 τὸ
1637 511 1724 562 δέος

128 569 363 621 παλαστῆςὲ
431 572 638 621 παλαστῆς
684 568 876 632 Meinek.]
923 570 1160 622 παλαιστῆς.
1207 571 1256 610 cf.
1296 571 1397 610 Lob.
1438 571 1588 623 Phryn.
1629 573 1723 613 295.

127 629 340 670 Ruhnken.
372 628 548 679 Hesych.
580 628 622 667 II
652 629 734 667 841
768 641 810 666 το
841 624 955 675 πέος,
995 629 1102 679 quod
1142 629 1261 675 mihi,
1303 641 1393 668 cum
1430 627 1614 681 παλαστή
1652 643 1726 680 par

128 689 182 728 sit
217 687 351 738 palmo
388 686 537 726 minori
568 683 775 740 (Hultsch.
799 686 956 725 Metrol
982 682 1070 740 28),
1092 700 1238 737 parum
1259 688 1399 737 aptum
1420 687 1594 727 videtur.
1620 700 1723 728 com·

126 745 288 797 paranti
319 743 461 796 Synes.
492 744 625 795 Epist.
660 745 754 789 136,
789 744 871 783 272
893 757 916 783 a
947 741 1006 796 (p.
1031 745 1112 783 722
1146 742 1358 796 Hercher.)
1390 741 1492 784 ὥστε
1518 758 1586 797 μοι
1617 745 1725 785 doum

126 804 243 842 πλεῖν
271 798 302 854 ἢ
329 801 530 856 παλαιστῇ
559 798 627 840 καὶ
659 799 843 856 δακτύλῳ
873 798 1084 854 γεγονέναι
1114 800 1365 854 σοφώτερος,
1397 815 1497 853 quae
1527 803 1613 843 iure
1646 803 1721 844 Lo-

125 860 292 901 beckius
324 874 371 900 ex
402 860 608 900 comoedia
638 873 827 911 expressa
864 873 952 900 esse
991 860 1255 900 existimabat
1292 855 1362 914 (cf.
1394 873 1496 911 quae
1538 862 1722 913 congessi

127 918 178 958 ad
206 919 333 958 Arist.
364 918 471 960 Nub.
501 913 619 972 430).
651 918 910 958 scribendum
947 918 1110 958 videtur
1146 918 1283 969 μεῖζον
1319 914 1463 966 κλέος
1502 921 1722 971 παλαστῆς.

885 1054 969 1097 134

237 1150 407 1190 Photius
439 1163 464 1189 ν
474 1163 491 1189 ε
500 1144 526 1188 ἅ
535 1163 556 1188 τ
565 1164 590 1201 η
599 1161 647 1188 ν·
679 1145 767 1201 οὐχὶ
798 1146 927 1201 νήτην
956 1146 1161 1202 λέγουσιν·
1193 1147 1261 1189 καὶ
1302 1163 1332 1188 π
1341 1164 1367 1188 α
1376 1164 1398 1202 ρ
1407 1164 1433 1188 α
1444 1164 1468 1188 ν
1476 1163 1493 1188 ε
1502 1147 1528 1188 ά
1538 1163 1558 1188 τ
1567 1165 1592 1201 η
1602 1165 1625 1189 ν
1655 1148 1721 1189 καὶ

123 1223 144 1248 τ
152 1224 174 1262 ρ
184 1223 198 1247 ι
207 1218 230 1246 σ
241 1223 265 1247 ν
273 1205 291 1248 ε’
301 1222 326 1246 α
336 1222 357 1246 τ
367 1221 388 1247 ο
396 1222 432 1246 ν.
494 1208 696 1260 Κρατῖνος
729 1204 794 1246 Ν
774 1221 898 1259 ομοις
960 1221 1012 1247 an
1043 1205 1280 1260 τρισνεάτην
1289 1209 1309 1250 2

235 1290 302 1329 Ad
332 1290 434 1329 hanc
466 1289 715 1329 comoediam
745 1291 951 1340 praeterea
989 1290 1037 1327 fr.
1071 1289 1153 1328 301
1187 1285 1389 1343 (cf.121.
1426 1287 1525 1340 125)
1561 1291 1600 1328 et
1632 1290 1715 1328 274

100 1347 286 1387 rettulit
315 1347 514 1398 Bergkius
547 1347 593 1385 R.
628 1359 659 1386 c.
691 1347 780 1386 Att.
815 1348 910 1386 139.
948 1347 1041 1387 140.
1075 1347 1244 1397 quibus,
1286 1347 1319 1386 si
1350 1360 1447 1387 vera
1487 1349 1583 1386 sunt
1614 1360 1716 1398 quae

122 1406 171 1445 de
201 1405 374 1456 pristina
394 1405 513 1454 *vitae
543 1404 738 1444 felicitate
769 1406 811 1444 in
842 1406 915 1444 hac
946 1405 1084 1444 fabula
1114 1405 1355 1444 adumbrata
1384 1405 1493 1445 idem
1533 1405 1717 1454 coniecit,

123 1463 216 1514 addi
246 1464 382 1514 potest
412 1462 462 1501 fr.
496 1464 590 1503 280.

799 1599 1040 1633 ΟΔΤΣΣΗΣ

205 1694 446 1734 Platonius
477 1693 577 1733 XIII
617 1694 673 1734 40
707 1690 891 1764 (Duebn.
924 1693 1057 1733 Schol.
1092 1692 1298 1744 Arist.)v
1279 1692 1453 1740 τοιοῦτος
1494 1686 1570 1732 οὖν
1610 1690 1719 1732 ἐστιν

118 1749 139 1791 ὅ
172 1757 259 1823 2²79„
273 1749 396 1815 μέσης
427 1749 638 1806 κωμῳδίας
670 1747 808 1802 τύπος,
840 1745 924 1799 οἷός
954 1749 1061 1790 ἐστιν
1083 1746 1104 1790 ὀ
1127 1749 1383 1790 Αἰολοσίκων
1400 1747 1717 1801 Ἀριστοφάνους

119 1807 187 1850 καὶ
217 1809 259 1849 οἶ
280 1802 486 1857 Οδυσσείς
518 1791 723 1861 Κρατίνου
755 1838 764 1847 .
789 1840 798 1848 .
822 1838 830 1847 .
863 1807 955 1848 οὕτε
986 1806 1124 1861 motu&
1157 1806 1250 1847 ου’τε
1281 1806 1531 1861 παραβασεις
1562 1807 1715 1860 ἔχοντα.

120 1868 286 1908 canticis
319 1867 508 1918 choricis,
546 1879 628 1906 non
666 1868 785 1907 choro
824 1867 1071 1907 comoediam
1110 1866 1285 1907 caruisse
1324 1867 1442 1916 dicit,
1484 1869 1531 1906 ut
1572 1867 1716 1907 Plutus

117 1939 276 1977 quoque
308 1925 592 1976 Aristophanis
624 1925 792 1965 canticis
823 1928 863 1965 et
892 1925 1103 1976 parabasi‚
1144 1936 1227 1963 non
1266 1925 1387 1964 choro
1429 1926 1548 1964 caret.
1582 1925 1631 1965 cs.
1664 1925 1713 1966 fr.

121 1984 217 2023 144.
247 1984 355 2022 idem
385 1983 596 2022 Platonius
627 1983 749 2021 XIIII
782 1983 831 2021 71
867 1981 910 2021 οἵ
934 1981 1036 2034 γοῦν
1062 1977 1272 2029 Ὀδυσσεῐς
1304 1980 1509 2034 Κρατίνου
1546 1977 1715 2028 οὐδενὸς

119 2038 347 2092 ἐπιτίμησιν
391 2037 545 2091 ἔχουσι,
596 2036 824 2091 διασυρμόν
869 2036 914 2078 δὲ
959 2044 1031 2091 τῆς
1067 2036 1314 2086 Ὀδυσσείας,
1353 2053 1454 2090 quae
1492 2040 1572 2078 iam
1619 2041 1713 2079 ante

120 2098 318 2139 Cobetum
357 2094 474 2152 (obs.
508 2098 595 2137 crit.
634 2097 735 2148 Plat.
780 2094 851 2151 18)
884 2097 1119 2137 Welckerus
1154 2096 1320 2147 (Opusc.
1351 2097 1371 2136 I
1403 2095 1507 2148 321)
1537 2110 1619 2136 non
1656 2097 1714 2136 ita

120 2169 206 2196 esse
236 2155 510 2206 intellegenda
540 2155 724 2202 monuit,
756 2157 963 2206 tamquam
1002 2154 1193 2194 Cratinus
1225 2155 1450 2194 Homerum
1491 2157 1540 2194 ut
1576 2155 1712 2205 inepte

119 2216 160 2253 et
190 2213 359 2252 ridicule
391 2215 579 2264 agentem
609 2213 805 2252 voluisset
835 2213 1031 2252 inridere:
1074 2213 1141 2252 sed
1182 2225 1249 2252 eas
1282 2213 1592 2252 Homericorum
1626 2225 1709 2251 car-

118 2272 275 2311 minum
305 2273 454 2322 partes,
484 2283 586 2320 quae
617 2271 667 2310 ad
698 2271 824 2310 risum
857 2270 1113 2310 excitandum
1145 2270 1312 2310 idoneae
1334 2274 1374 2310 et
1395 2283 1485 2309 cum
1507 2270 1713 2310 comoedia

117 2328 411 2380 quadammodo
444 2330 635 2378 cognatae
666 2327 911 2379 viderentur,
945 2326 1086 2378 p'oetas
1108 2329 1279 2368 comicos
1311 2341 1384 2367 suo
1416 2328 1535 2367 modo
1566 2329 1710 2367 tracta-

117 2387 224 2427 visse
255 2388 296 2425 et
325 2387 560 2424 inmutasse.
593 2386 648 2425 sic
679 2386 723 2424 in
755 2385 910 2425 Cratini
941 2385 1077 2425 fabula
1115 2386 1278 2424 Ulixem
1320 2398 1437 2425 omne
1475 2398 1602 2436 genus
1643 2385 1709 2424 de-

117 2444 299 2483 liciarum
339 2443 600 2493 ciborumque
635 2443 854 2482 lautiorum
895 2457 967 2494 per
1005 2445 1136 2482 totum
1174 2445 1374 2482 terrarum
1414 2443 1551 2482 orbem
1591 2456 1710 2493 quae-

116 2503 268 2541 rentem
310 2501 433 2540 fuisse
472 2501 684 2540 inductum
725 2496 781 2554 (p.
815 2502 911 2539 322.
945 2503 968 2540 3
1009 2501 1114 2540 conl.
1146 2501 1195 2539 fr.
1231 2501 1324 2539 136.
1370 2497 1482 2554 147).
1523 2502 1612 2539 acta
1650 2503 1712 2539 est

117 2559 255 2598 fabula
284 2559 342 2598 eis
373 2557 643 2608 temporibus,
676 2558 831 2608 quibus
858 2559 1100 2597 comicorum
1132 2560 1342 2608 poetarum
1366 2558 1532 2596 licentia
1554 2557 1709 2596 Pericle

117 2618 292 2664 auctore,
324 2617 371 2654 ut
401 2615 630 2665 suspicatur
668 2614 844 2655 Cobetus
877 2615 972 2656 Obs.
1005 2615 1098 2655 crit.
1135 2616 1202 2666 10,
1235 2615 1285 2654 ab
1317 2615 1451 2665 aliquo
1483 2628 1531 2654 ex
1571 2615 1708 2654 amicis

117 2674 203 2712 eius
234 2673 321 2724 lege
353 2673 404 2711 ad
435 2672 631 2723 populum
662 2673 746 2712 lata
775 2674 981 2712 inminuta
1002 2674 1098 2721 erat,
1124 2672 1186 2712 Ol.
1210 2673 1276 2720 85,
1313 2672 1435 2710 1—4.
1459 2672 1509 2714 cf.
1533 2672 1706 2712 Meinek.

116 2731 137 2769 I
173 2731 226 2770 43
244 2743 302 2780 sq.
340 2730 488 2781 Bergk.
528 2730 575 2769 R.
608 2742 640 2769 c.
674 2730 761 2769 Att.
799 2731 893 2769 142.
932 2729 1071 2771 Cobet.
1112 2731 1176 2771 12.
1218 2732 1501 2780 argumentum
1546 2730 1706 2769 fabulae

116 2788 239 2827 fuisse
272 2787 514 2838 Cyclopeam
546 2787 691 2827 docent
720 2788 960 2839 fragmenta,
993 2787 1101 2838 quod
1123 2789 1407 2838 argumentum
1427 2790 1572 2837 postea
1593 2800 1705 2837 prae-

115 2847 179 2884 ter
218 2845 452 2895 Euripidem
497 2845 615 2884 multi
652 2845 721 2884 alii
758 2847 1047 2885 tractaverunt.
1110 2844 1295 2883 similiter
1335 2844 1533 2895 Seriphiis
1569 2844 1705 2883 Persei

116 2902 295 2941 fabulam
326 2902 593 2942 adumbravit.
650 2896 874 2954 Ὀδυσσεῑς,
906 2903 932 2941 i.
964 2915 998 2941 6.
1029 2902 1169 2941 Ulixes
1201 2914 1291 2941 cum
1323 2902 1454 2941 sociis.
1498 2903 1545 2941 cf.
1577 2898 1704 2952 'onc‘u

117 2960 237 3010 λοχοι,
269 2958 562 3009 Κλεοβουλῐναι
592 2961 667 2999 cet.
