1872 3224
209 188 295 229 590
802 155 1198 218 ΑΡΙΣΤΟΦΑΝοΤέ

320 293 507 330 Fortasse
554 291 795 328 incertarum
841 290 1069 328 fabularum
1115 289 1352 340 fragmentis
1398 289 1519 328 etiam
1574 288 1671 328 haec
1715 288 1782 328 ad-

206 349 454 388 numeranda
484 350 600 387 sunt:

958 458 1043 500 895

409 532 439 593 ἦ
472 537 676 592 λοιδορία
707 553 773 587 τις
805 535 982 591 ἐγένεθ’
1014 534 1146 592 ὑμῐν;
1179 540 1229 579 Β.
1264 539 1477 593 πώμαλα·

413 603 514 648 οὐδ’
549 602 678 648 εἷπον
709 603 861 648 οὐδέν.

322 691 372 730 ef.
407 692 456 729 fr.
488 691 584 730 346.
616 703 709 728 nam
739 690 909 728 sortasse
939 690 1039 729 nihil
1071 691 1148 729 nisi
1179 687 1347 740 πώμαλα
1379 689 1515 729 Coeali
1547 692 1619 729 est.

958 801 1042 844 896

415 881 464 923 αἱ
491 887 703 936 γυναῖκες
733 878 814 923 τὸν
844 881 1091 935 δορίαλλον
1122 880 1424 937 φράγνυνται.

324 965 376 1006 cf.
409 965 456 1003 fr.
490 965 586 1004 367.
618 964 703 1003 fieri
735 965 841 1004 enim
872 966 1006 1014 potest
1041 967 1088 1003 ut
1118 965 1201 1004 sola
1232 978 1307 1004 vox
1339 962 1541 1017 δορίαλλος
1582 964 1632 1003 ad
1669 964 1786 1004 Lem·

209 1024 294 1062 nias
325 1022 538 1072 pertineat.

961 1133 1042 1176 897
1086 1132 1088 1135 ’

415 1211 645 1268 βαλανεὺς
674 1211 719 1254 δ’
752 1210 870 1256 ὠθεῖ
894 1220 992 1263 ταῖς
1022 1210 1298 1269 ἆρυταίναις.

324 1298 375 1339 cf.
408 1297 457 1335 fr.
490 1298 587 1338 435,
619 1297 795 1335 dubitari
828 1298 932 1335 enim
970 1299 1109 1347 ‘potest
1146 1310 1196 1335 an
1235 1297 1363 1335 solum
1400 1309 1548 1336 nomen
1583 1293 1785 1349 βαλανεύς

210 1356 262 1394 sit
293 1355 570 1405 Pelargorum.

325 1447 537 1485 Praeterea
568 1446 618 1485 cf.
652 1445 835 1485 Chionid.
870 1448 906 1486 9.

512 1569 936 1603 ΑΜΦΙΣΒΗΤΗΣΙΜΑ
961 1570 1045 1603 KAI
1071 1570 1476 1605 ΨΕΤΔΕΠΙΓΡΑΦΑ

961 1660 1045 1703 898

418 1738 505 1795 ἐγώ
538 1739 613 1782 διὰ
643 1741 801 1794 ταῦτα,
833 1738 892 1795 μή
923 1739 1072 1795 γέλων
1103 1737 1261 1796 &qoam
1291 1740 1436 1795 λάθω,

417 1809 520 1861 περὶ
550 1806 632 1864 τὴν
663 1806 869 1863 κεφαλήν
901 1807 1092 1864 ἐξῆμμαι
1122 1810 1321 1865 πηνίκην
1349 1808 1463 1851 τινά.

325 1892 545 1932 Grammat.
587 1891 815 1931 Darmstad-
854 1892 1073 1933 Hermann.
1114 1892 1260 1943 opusc.
1299 1892 1361 1931 III
1398 1893 1454 1932 40
1491 1890 1615 1943 δῆλον
1651 1887 1712 1931 ὅτι
1749 1890 1792 1930 οἰ

210 1948 461 2020 παλαιότεροι
498 1947 664 2000 κωμικοὶ
701 1947 880 2000 πηνίκην
916 1948 981 1988 καὶ
1018 1949 1239 2001 πηνικίζειν
1279 1947 1413 2016 ἔλεγον
1443 1978 1454 1988 .
1477 1946 1703 2001 ..λέγεται
1741 1945 1786 1987 δὲ

210 2006 360 2058 πηνίκη
390 2003 414 2058 ἡ
448 2004 631 2053 ἕπίθετος
660 2002 781 2056 κόμη·
813 2003 915 2045 οθεν
948 2000 987 2046 τὸ
1017 2006 1145 2059 ῥῆμα,
1179 2003 1233 2054 ὡς
1265 2004 1309 2045 ἐν
1339 2002 1489 2053 τούτοις
1510 2008 1591 2046 κτλ.
1633 2007 1787 2046 Aristo-

212 2066 353 2115 phanis
397 2077 481 2103 esse
528 2064 723 2114 Bergkius
770 2064 1001 2114 conligebat
1044 2078 1091 2103 ex
1129 2064 1329 2103 Plutanch.
1363 2063 1547 2115 Sympos.
1579 2064 1618 2112 3,
1651 2065 1674 2102 2
1705 2068 1788 2102 τῶν

211 2120 399 2172 κωμικῶν
430 2119 526 2159 ἔνιοι
559 2119 631 2172 τὴν
661 2119 827 2172 πικρίαν
855 2117 1046 2171 αφαιρεῖν
1075 2121 1239 2160 δοκοῦσι
1279 2125 1332 2175 τῷ
1371 2116 1569 2159 σκώπτειν
1605 2117 1784 2170 ἑαυτούς,

211 2175 267 2225 ὡς
296 2174 585 2229 Ἀριστοφάνης
616 2177 671 2224 εἰς
703 2175 777 2229 τὴν
807 2174 1099 2231 φαλακρότητα.
1161 2179 1225 2218 cui
1264 2191 1504 2229 quamquam
1540 2178 1785 2218 Fritzschius

211 2236 437 2276 adsentitur
466 2236 627 2285 Fragm.
658 2249 694 2277 v.
716 2235 820 2285 Eup.
843 2248 992 2275 consor.
1017 2238 1083 2288 21,
1111 2234 1234 2274 λαθοι
1264 2239 1305 2274 et
1336 2233 1465 2286 ἕξῆψα
1496 2236 1687 2286 scribens,
1718 2248 1782 2274 res

212 2296 348 2332 tamen
379 2293 593 2331 admodum
634 2292 754 2331 dubia
790 2296 863 2332 est.
923 2306 1017 2332 nam
1056 2306 1300 2344 quamquam
1343 2293 1391 2331 de
1433 2292 1593 2331 calvitie
1631 2293 1788 2331 iocatur

213 2351 320 2389 Nub.
354 2350 451 2389 540.
493 2349 586 2389 Pac.
611 2351 690 2388 767
707 2363 777 2400 sq„
810 2349 1092 2399 capillamento
1123 2363 1165 2390 se
1195 2363 1310 2390 usum
1343 2362 1429 2389 esse
1459 2362 1656 2399 nusquam
1676 2349 1785 2399 quod

213 2409 332 2446 sciam
365 2407 474 2446 dicit.
525 2404 696 2458 ἕξῆμμαι
725 2407 938 2447 manifesto
970 2409 1215 2458 corruptum.

962 2518 1047 2561 899

418 2598 603 2654 βέβαιον
633 2596 747 2649 ἕξεις
776 2598 856 2641 τὸν
886 2599 991 2653 βίον
1020 2598 1196 2648 δίκαιος
1225 2594 1305 2652 ὤν,

418 2669 553 2721 χωρίς
582 2682 630 2709 τε
659 2666 870 2722 θορύβου
901 2667 978 2708 καὶ
1008 2665 1158 2721 φόβου
1189 2666 1333 2721 ζήσεις
1363 2666 1523 2714 καλως.

329 2749 508 2789 Clemens
547 2751 761 2792 Alexandr.
805 2750 952 2791 Strom
994 2751 1039 2798 6,
1079 2751 1158 2788 751
1204 2745 1517 2799 Ἀριστοφάνους
1562 2745 1784 2800 γραφοντος

213 2807 378 2859 βέβαιον
406 2809 487 2848 κτλ.
518 2803 539 2845 ὅ
565 2803 800 2860 Ἐπίκουρος
831 2805 933 2860 λέγει
961 2808 1042 2845 κτλ.
1102 2808 1209 2845 recte
1238 2806 1463 2856 Antiphani
1501 2806 1647 2845 tribuit
1687 2806 1783 2844 Mei-

142 2912 148 2914 *
214 2866 355 2904 nekius
386 2865 405 2903 I
437 2866 532 2904 321.
