1872 3224
786 166 974 201 BAnTAI
1588 170 1669 213 277

190 283 336 318 τινες
376 266 607 318 Εὐπόλιδος
648 265 752 310 εἶναι
789 269 864 324 τὴν
901 241 1158 326 παράβασιν,
1202 273 1283 327 εἴγε
1327 273 1453 339 φησὶν
1493 273 1672 324 Εὔπολις

70 326 357 394 ’,ἵ-ξωειίοίησα
393 333 448 368 τῶ
494 329 727 384 φαλακρῷ’.
779 326 991 378 κάκείνους
1035 331 1307 401 Ηοτῑηεξιιηυε]
1354 325 1539 380 κάκεῖνος
1568 335 1669 387 Ald.

51 526 54 527 ⁷
81 505 200 544 mute
219 503 460 555 disputavit.
474 476 796 556 κάδωρησάμην
816 505 955 544 Herm
959 478 1266 558 ].άδωρησάμην
1280 506 1372 548 Ald.
1404 507 1454 546 cf.
1477 507 1668 547 Fritzsch.

57 556 135 612 Q.
166 561 296 602 Arist.
329 562 478 601 227-
490 562 573 601 232
613 565 654 601 et
697 566 837 602 nostra
877 562 1071 613 Equitum
1101 564 1163 603 ed.
1198 565 1220 602 2
1251 578 1290 615 p.
1324 564 1391 603 25.
1417 566 1455 603 6.
1495 566 1669 604 metrum

47 624 66 643 ξ’
82 621 149 661 ebt
177 619 470 671 Eupolideum,
503 620 627 660 verba
657 620 874 660 manifesto
906 634 953 659 ex
983 621 1167 672 parabasi
1198 624 1394 672 excerpta.

863 731 918 774 79

290 810 349 856 σύ
379 811 423 856 δ’
456 811 602 868 ὕπαγ’«
633 814 697 864 εἰς
726 809 1065 869 τοῦμπροσθεν.

34 931 35 934 ¹
196 897 438 938 Ammonius
469 894 646 951 ὑπάγειν
675 895 842 951 λέγομεν
872 894 963 937 άντὶ
995 902 1067 937 τοῦ
1098 894 1311 949 προάγειν,
1343 893 1451 937 τοῦτ’
1485 895 1593 937 ἔστιν
1613 898 1669 944 εἰς

28 952 32 957 ’
81 953 367 1008 τοῦμπροσθεν
396 953 661 1009 πορεύεσθαι.
692 954 880 1009 κέχρηται
910 960 959 1011 τῇ
980 953 1082 1004 λέξει
1103 953 1284 1003 Εὔπολις
1316 953 1360 994 ἐν
1388 952 1568 1002 Βάπταις
1588 957 1669 994 κτλ.

26 1023 43 1046 ἐκ
82 1014 302 1059 Herodian.
333 1014 519 1054 Boisson.
554 1015 708 1057 Anecd.
739 1014 940 1055 1111265.
973 1014 1151 1065 Etymol
1178 1013 1400 1059 Gud.541,
1426 1014 1490 1053 13.
1524 1013 1665 1052 Thom.

14 1074 23 1126 f
82 1073 191 1124 Mag.
223 1073 322 1124 369,
355 1074 394 1112 6.
463 1073 712 1116 Bachmanni
743 1073 896 1112 Anecd.
926 1072 968 1111 II
1007 1073 1103 1111 375.
1155 1067 1281 1123 ὕπαγ’
1325 1068 1400 1124 εἰς]
1437 1067 1567 1123 ὕπαγε
1611 1070 1667 1117 εἰς

10 1144 12 1146 ·
80 1129 273 1171 Ammon.
303 1123 473 1182 ὑπάγεις
505 1129 560 1177 εἰς
591 1131 732 1184 Etym.
766 1130 869 1170 Gud.
906 1126 948 1168 ἕν
970 1124 1160 1182 Βάπταις]
1185 1125 1228 1166 ἐν
1248 1126 1425 1179 Βάκχαις
1447 1128 1665 1168 Herodian.

17 1195 21 1197 “
83 1185 312 1241 ἐμβαπτούς
343 1188 481 1240 Etym.
515 1187 616 1228 Gud.
651 1189 701 1228 cf.
733 1188 941 1239 Aristoph.
972 1187 1071 1227 Rau.
1108 1187 1200 1226 174.
1239 1186 1461 1237 Antiphan.
1496 1187 1590 1234 181,
1624 1187 1664 1224 4.

82 1259 223 1288 versus
254 1247 415 1286 videtur
445 1260 531 1286 esse
563 1249 633 1286 aut
661 1247 857 1286 iambicus
888 1248 959 1285 aut
988 1245 1225 1285 trochaicus.

0 1354 28 1418 {U
858 1357 916 1401 80

0 1424 6 1464 ἶ
199 1443 332 1483 Schol.
373 1443 584 1494 Aristoph.
623 1442 747 1493 Vesp.
788 1443 869 1482 687
909 1437 980 1479 τὸν
1021 1438 1097 1493 γὰρ
1141 1436 1365 1490 Χαιρέαν
1402 1436 1582 1485 Εὔπολις
1622 1435 1667 1476 ἕν

84 1498 266 1548 Βάπταις
302 1496 367 1548 ὦς
406 1498 561 1551 ξένον
599 1499 794 1554 κωμῳδεῖ.
849 1498 1043 1539 Chaereas
1081 1498 1240 1537 aliunde
1274 1510 1356 1536 non
1386 1499 1519 1536 notus.
1570 1509 1666 1535 nam

83 1558 242 1599 Alexid.
276 1559 327 1598 21
358 1559 437 1610 qui
476 1560 815 1598 commemoratur
854 1557 955 1597 alius
991 1558 1072 1605 est,
1111 1568 1241 1607 neque
1279 1555 1412 1594 minus
1451 1554 1519 1604 qui
1549 1553 1667 1592 Φιλο-

83 1613 280 1668 κτήμονος
311 1615 510 1668 κηδεστής
542 1617 621 1656 fuit
651 1616 750 1656 Isae.
784 1617 824 1666 6,
847 1617 883 1656 6.
907 1616 929 1654 7
962 1616 1038 1654 cet.

805 1727 910 1770 ’81

198 1812 424 1865 Hesychius
455 1809 613 1858 Βάστας
644 1807 666 1850 ὁ
697 1812 816 1858 Χῖος·
849 1807 1168 1860 Δημοκρίτου
1199 1801 1425 1857 ἐπώνυμον,
1457 1803 1569 1844 καθα
1599 1803 1666 1844 καὶ

83 1867 264 1918 Εὔπολις
305 1868 349 1910 ἐν
388 1867 581 1917 Βάπταις.
634 1866 714 1907 ἔστι
752 1866 796 1907 δὲ
834 1864 1139 1919 ἱστοριογράφος
1181 1864 1254 1917 (Ῥ).
1311 1863 1478 1910 Βάστας
1505 1859 1526 1902 6
1565 1864 1664 1910 Χῖος

82 1926 290 1995 Musarus]
332 1929 467 1968 Βαστα
509 1926 633 1978 όχειος
674 1926 759 1966 cod.
790 1927 817 1965 1.
850 1940 886 1965 e.
929 1922 1086 1971 Βάστας
1125 1924 1240 1969 Χῖος.
1290 1922 1409 1972 Diog.
1441 1921 1487 1959 L.
1531 1922 1577 1968 9,
1609 1921 1663 1959 49

82 1982 273 2040 γεγόνασι
303 1983 349 2025 δὲ
381 1983 638 2055 Δημόκριτοι
657 1980 719 2032 ε’·ξ
751 1987 907 2036 πρῶτος
937 1978 1060 2028 αὐτὸς
1091 1981 1207 2026 οὗτος
1229 1975 1269 2034 (ὃ
1290 1975 1546 2030 φιλόσοφος),
1577 1972 1663 2015 δεύ-

83 2058 194 2096 τερος
226 2043 348 2091 Χῖος
381 2039 402 2082 ὁ
431 2038 674 2110 μουσικὸς
696 2038 817 2079 κατὰ
840 2037 925 2078 τὸν
945 2034 1102 2078 αὐτὸν
1122 2035 1320 2089 χρόνον.
1352 2036 1518 2075 Lucian.
1542 2035 1662 2075 Pseu-

22 2096 29 2103 *
84 2102 165 2141 dol.
199 2103 224 2142 3
256 2099 384 2150 δόξαν
419 2097 467 2140 οὐ
504 2113 653 2150 μικραν
689 2096 830 2150 ἔχεις.
865 2128 874 2136 .
906 2093 1007 2148 ὑπὲρ
1044 2093 1114 2135 τὸν
1147 2091 1404 2161 Ἀριφράδην
1440 2092 1662 2144 (Aristoph.

83 2159 157 2211 Eq.
196 2156 340 2211 1281),
371 2154 475 2209 ὑπὲρ
512 2154 582 2196 τὸν
621 2156 876 2196 ..Χῖον
914 2152 1069 2194 ἐκεῖνον
1108 2150 1326 2196 Βάσταν,
1369 2147 1437 2189 τὸν
1479 2147 1544 2188 ἐπὶ
1582 2152 1663 2196 τοῖς

84 2213 234 2269 ὁμοίοις
266 2212 408 2267 σοφόν.
444 2216 590 2255 Pollux
619 2215 660 2264 4,
665 2186 746 2253 66
779 2205 822 2252 τὸ
851 2210 986 2262 μέντοι
1016 2208 1248 2261 σιφνιάζειν
1277 2207 1343 2248 καὶ
1373 2205 1523 2259 χιάζειν
1556 2205 1664 2259 (Ari-

84 2275 217 2327 stoph.
247 2276 298 2314 fr.
333 2272 434 2325 911)
463 2265 505 2312 τὸ
535 2268 754 2324 περιέργοις
786 2267 919 2321 μέλεσι
949 2271 1149 2321 χρῆσθαι,
1187 2263 1268 2306 άπὸ
1312 2263 1562 2317 Δημοκρίτου
1593 2268 1664 2302 τοῦ

85 2331 191 2371 ’Χίου
221 2331 290 2372 καὶ
320 2328 538 2380 Φιλοξένου
569 2333 641 2368 τοῦ
675 2327 866 2379 Σιφνίου.
900 2327 1092 2367 Fritzsch.
1125 2325 1172 2372 Q.
1205 2326 1332 2364 Arist.
1367 2323 1447 2362 232
1459 2335 1518 2372 sq.

856 2440 911 2483 82

200 2529 331 2570 Schol.
363 2529 453 2570 Par.
483 2526 669 2567 Aeschin.
706 2528 741 2574 1,
777 2525 858 2563 126
889 2522 1005 2562 δοκεῖ
1028 2519 1072 2560 δέ
1109 2533 1174 2583 μοι
1210 2516 1394 2569 λελέχθαι
1433 2514 1660 2562 Βάταλος

84 2583 193 2640 παρὰ
222 2580 268 2626 τὸ
295 2582 528 2632 Εὐπόλιδος
559 2588 739 2653 σκῶμμα.
773 2579 923 2628 ἐκεῖνος
952 2577 1028 2632 γὰρ
1063 2571 1146 2618 ὑπὸ
1182 2581 1262 2615 τῶν
1291 2576 1457 2626 βαπτῶν
1486 2567 1662 2621 ὀνόματα

83 2645 247 2711 κεῖσθαι
276 2647 359 2692 τοῖς
388 2643 560 2695 αἰσχρῶς
575 2673 585 2693 ,
615 2639 683 2679 καὶ
717 2637 919 2691 Τιγράνην
949 2634 1176 2701 (Sauppius
1200 2627 1269 2673 τὸν
1298 2629 1500 2685 πρωκτὸν)
1526 2628 1662 2669 Βάτα-

85 2704 156 2741 λον
174 2694 247 2741 ὑπ’
271 2698 408 2741 αὐτῶν
425 2702 654 2740 καλεῖσθαι.
686 2697 952 2748 Harpocratio
973 2696 1041 2742 44,
1065 2695 1088 2733 9
1110 2689 1290 2738 Εὔπολις
1319 2687 1403 2729 τὸν
1430 2685 1663 2740 πρωκτὸν

86 2758 144 2810 βα
154 2761 303 2799 ταλον
333 2756 450 2812 λέγει.
491 2754 641 2809 μήποτε
671 2756 748 2794 οὐν
778 2752 903 2793 ἔνθεν
921 2750 1012 2799 τοὺς
1034 2749 1240 2795 κιναίδους
1262 2746 1460 2808 βατάλους
1481 2747 1660 2785 καλοῦσι.

87 2817 267 2857 scholion
304 2817 576 2858 Aeschineum
606 2812 830 2854 Meinekius
868 2813 926 2851 ita
964 2808 1169 2849 emendat:
1210 2804 1360 2853 ἐκεῖνος
1397 2818 1472 2857 γαρ
1510 2800 1554 2841 τὸ
1583 2807 1663 2841 τῶν

87 2872 277 2927 βατάλων
305 2871 433 2926 ὄνομα
462 2874 628 2911 κεῖσθαι
658 2873 740 2918 τοῖς
770 2868 967 2922 αἰσχροῖς,
997 2863 1065 2905 καὶ
1085 2861 1156 2904 τὸν
1175 2859 1361 2916 πρωκτὸν
1389 2859 1566 2914 βάταλον
1584 2855 1658 2900 ὑπ’
