1872 3224
189 168 243 209 70
838 156 1085 190 KPA'PINOT

188 273 314 323 Epist.
346 286 384 320 p.
417 271 467 308 69
498 266 651 305 Pressel
682 262 816 317 (quem
857 261 1058 299 Nauekius
1088 255 1295 306 indicavit)
1336 251 1416 294 κᾶν
1453 250 1501 293 οὐ
1539 258 1744 306 καναχῶσι

189 325 309 380 πηγαὶ
345 321 437 376 παρ’
477 319 587 374 ἡμῶν
626 326 705 359 τῶν
743 316 851 358 ἐπῶν
886 323 965 356 τῶν
1002 311 1229 368 ῥευμάτων,
1277 309 1374 351 οὐδὲ
1410 308 1745 364 δωδεκάκρουνον

189 384 335 435 ἔχωμεν
363 379 482 430 στόμα
508 371 672 416 Ἰλισσὸν
701 374 791 428 ρ”έον
809 373 851 414 ἐκ
872 373 1087 425 φάρυγγος,
1120 366 1230 409 καθά
1251 379 1352 420 φησι
1383 370 1592 420 Κρατῖνος.
1651 369 1745 412 hino

190 436 503 489 δωδεκάκρουνος
525 433 565 474 τὸ
587 433 706 484 στόμα
732 433 917 471 Philostr.
938 431 1022 469 Vit.
1045 429 1212 479 sophist.
1231 429 1283 466 22
1301 424 1358 480 (p.
1382 424 1497 479 525).
1523 447 1580 454 —
1603 427 1642 466 l.
1663 430 1744 465 τῶν

191 493 404 550 ῥευμάτων]
437 493 502 531 τοῦ
535 489 725 544 ῥεύματος
757 489 880 537 Ξαὶᾶ.,
912 488 1018 538 quod
1049 486 1224 537 praefert
1253 484 1425 523 Meinek.
1456 486 1498 523 at
1535 482 1743 534 Aristoph.

188 556 274 594 Pac.
294 554 372 591 239
394 555 462 589 τοῦ
484 545 665 598 Πολέμου
686 551 754 585 τοῦ
773 542 1003 597 βλέμματος.
1064 545 1101 582 2.
1123 546 1346 592 καναχοῦσι
1367 537 1491 594 Suid.]
1524 539 1744 592 καναχῶσι.

190 609 226 649 τὲ
249 607 366 659 στόμα
382 608 543 647 Porson.
573 605 690 643 Kidd.
712 604 866 642 Dawes.
898 599 995 654 356]
1029 598 1164 651 στόμα.
1232 601 1268 638 3.
1303 595 1435 645 Ιλισὸς
1464 595 1531 651 K]
1561 594 1743 645 Ἰλισσὸς.

189 668 235 706 cf.
265 665 480 704 Kirchhoff.
510 663 541 701 I.
575 659 658 700 Att.
691 662 784 699 210.
818 661 898 698 273
930 661 970 697 et
1000 658 1081 696 ind.
1105 655 1502 696 1111.Lob.Pathol.
1523 655 1626 706 prol.
1648 655 1746 698 414.

188 722 327 762 Herod.
372 721 392 759 I
431 721 531 766 213,'
575 720 598 757 6
642 718 777 756 LentZ.
830 715 1099 754 Wachsmuth.
1145 714 1293 753 Athen.
1344 713 1362 751 I
1411 713 1491 751 116
1537 712 1629 752 adn.
1695 716 1746 767 τῇ

188 775 335 830 φάρυγι
353 773 520 828 Porson]
544 770 726 826 φάρυγγι.
758 778 804 827 τῇ
825 771 999 824 φάρυγγι
1015 771 1092 811 V&
1125 771 1236 812 Suid.
1259 771 1305 809 B.
1336 765 1487 820 εἴποιμ’
1519 766 1575 808 ἔτι
1604 766 1742 823 Dind.]
1775 786 1778 788 ’

187 833 337 883 εἴποιμί
361 844 433 872 σοι.
462 844 523 870 σοι
544 845 619 871 om.
642 830 716 869 V&
747 830 856 869 Suid.
889 830 1015 868 Tzetz.
1037 827 1130 879 εἴπη
1160 841 1225 878 μοι
1247 827 1356 867 Suid.
1380 827 1430 866 B.
1461 825 1568 866 εἴποι
1595 839 1664 879 μοι
1694 826 1742 868 Ε.

188 894 227 931 4.
258 888 446 943 ἐπιβύσει]
480 884 655 939 ἐπιμύσει
684 886 767 925 VC.
838 889 875 928 5.
907 883 1064 925 ἅπαντα
1094 890 1218 924 ταῦτα
1249 898 1325 926 om.
1360 884 1470 924 Suid.
1502 881 1616 923 ταυτὶ
1645 883 1744 924 Her-

189 949 306 988 werd.
336 948 436 987 Nov.
467 946 555 984 add.
587 946 671 984 crit.
705 946 726 982 2
760 945 862 984 conl.
895 944 1019 983 Arist.
1059 944 1135 993 Eq.
1168 944 1233 984 99.
1273 939 1510 994 ποιήμασιν]
1544 943 1626 990 τοῖς
1657 937 1745 981 στό-

187 1015 306 1057 μασιν
336 1004 444 1043 Suid.
475 998 646 1052 ἀφέλεια.
679 1004 758 1048 τοῖς
790 999 962 1053 λόγοισιν
993 1000 1104 1039 Suid.
1137 994 1356 1050 δωδεκάκρ.

300 1062 346 1099 de
385 1060 544 1099 Cratino
574 1059 667 1098 haec
696 1059 826 1098 neseio
857 1059 944 1109 quis
975 1058 1089 1108 dioit3
1130 1057 1200 1096 sed
1230 1058 1367 1096 utrum
1397 1057 1439 1096 in
1469 1056 1618 1096 iudicio
1648 1056 1744 1096 ami-

190 1131 323 1158 corum
353 1131 402 1163 an
430 1118 638 1167 postquam
669 1128 755 1154 cum
787 1115 996 1155 Comoedia
1025 1115 1067 1153 in
1095 1114 1267 1165 gratiam
1289 1114 1426 1164 rediit,
1448 1114 1648 1154 incertum
1670 1116 1743 1154 est.

188 1175 360 1225 benigna
389 1176 527 1223 poetae
556 1186 655 1212 vena
685 1185 771 1211 eum
803 1172 1024 1212 Callirrhoe·
1054 1173 1318 1222 comparatur,
1350 1185 1451 1222 quae
1481 1184 1627 1212 novem
1657 1171 1744 1212 fon-

189 1232 294 1270 tibus
331 1232 372 1269 in
409 1231 546 1269 Ilisum
582 1230 726 1268 influit.
764 1242 905 1269 novem
941 1229 1085 1270 fistulis
1122 1242 1145 1267 a
1181 1229 1392 1268 Pisistrato
1430 1229 1628 1269 instructa
1659 1220 1746 1268 ’Ew‘

190 1286 423 1339 νεάκρουνος
454 1287 744 1336 adpellabatur,
775 1287 892 1325 hodie
921 1287 1135 1337 pristinum
1164 1298 1308 1325 nomen
1340 1287 1606 1337 recuperavit.
1665 1285 1745 1326 δω-

190 1342 454 1395 δεκάκρουνον
483 1356 525 1382 os
554 1345 693 1393 poetae
723 1344 867 1383 dicitur
896 1345 959 1384 vel
990 1347 1035 1382 ut
1063 1356 1166 1383 vena
1195 1343 1279 1383 eius
1309 1343 1396 1393 ipsa
1427 1343 1650 1384 Callirrhoe
1679 1343 1744 1383 be·

190 1402 346 1451 nignior
375 1400 566 1448 videatur,
596 1400 659 1439 vel
689 1400 781 1450 quia
809 1401 879 1439 illa
907 1403 998 1451 post
1025 1401 1283 1440 Pisistratum
1311 1400 1443 1441 tribus
1461 1401 1608 1441 fistulis
1629 1402 1746 1441 aucta

157 1458 164 1468 '
191 1463 284 1496 erat.
342 1470 576 1507 quamquam
606 1458 877 1496 testimonium
910 1459 993 1497 eius
1024 1459 1082 1497 rei
1113 1457 1375 1497 desideratur.

921 1545 998 1588 187

722 1615 814 1663 πῶς
843 1629 908 1663 τις
937 1612 1090 1668 αὐτόν,
1123 1615 1217 1664 πῶς
1246 1630 1312 1666 τις
1342 1613 1400 1658 ἂν

390 1677 475 1722 οΞπό
506 1682 586 1722 τοῦ
616 1681 757 1723 πότου
787 1681 987 1737 παύσειε,
1020 1684 1100 1724 τοῦ
1132 1685 1236 1726 λίαν
1266 1683 1431 1736 πότου;

391 1741 550 1804 ἐγῷδα.
610 1751 839 1804 συντρίψω
869 1748 954 1806 γὰρ
986 1749 1128 1794 αὐτοῦ
1158 1747 1264 1803 τούς
1294 1750 1413 1808 χόας,

389 1814 462 1857 καὶ
491 1813 593 1866 τούς
623 1817 864 1868 καδίσκους
893 1820 1256 1876 συγκεραυνώσω
1288 1821 1487 1874 σποδῶν,

390 1882 463 1925 καὶ
492 1881 630 1926 τᾶλλα
660 1883 790 1929 πάντ’
822 1883 975 1941 ἀγγεῖα
1005 1887 1059 1932 τὰ
1090 1891 1192 1945 περὶ
1222 1889 1302 1933 τὸν
1332 1889 1488 1945 πότον,

391 1950 519 1993 κούδ’
550 1950 779 2008 ὀξύβαφον
809 1954 996 2011 οἰνηρὸν
1026 1959 1091 2001 ἔτι
1122 1957 1398 2016 κεκτήσεται.

224 2071 239 2078 -
303 2023 523 2063 Athenaeus
556 2027 618 2073 11,
651 2026 768 2065 4940
798 2023 877 2064 ἔστι
914 2025 958 2066 δὲ
989 2025 1232 2085 (ὀξύβαφον)
1268 2029 1335 2070 καὶ
1372 2029 1499 2082 ὄνομα
1537 2030 1742 2084 ποτηρίου,

192 2079 238 2141 οὐ
268 2077 501 2128 μνημονεύει
529 2082 721 2132 Κρατῖνος
750 2080 822 2133 μὲν
851 2082 895 2123 ἐν
926 2086 1094 2141 Πυτίνῃ.
1125 2101 1163 2129 v.
1198 2091 1222 2128 6
1252 2089 1395 2128 Pollux
1427 2091 1466 2138 6,
1499 2090 1552 2129 23
1583 2086 1748 2142 οἰνηρὸν

193 2133 395 2197 οξύβαφον
423 2134 527 2187 παρὰ
557 2137 737 2192 Κρατίνῳ
775 2136 863 2178 οὐδ’
899 2164 949 2169 ——
991 2140 1232 2195 κεκτήσεται.
1271 2150 1312 2185 et
1353 2149 1424 2195 10,
1466 2148 1518 2186 67
1559 2143 1602 2186 τὸ
1636 2143 1745 2213 παρὰ

195 2205 244 2244 τῳ
274 2191 453 2245 Κρατίνῳ
484 2191 527 2231 ἐν
557 2193 712 2248 Πυτίνῃ
742 2190 902 2250 οἰνηρὸν
931 2195 1147 2252 ὀξύβαφον.
1182 2205 1218 2251 7,
1254 2205 1333 2243 161
1365 2199 1553 2255 κεράμιον
1582 2203 1746 2257 οἰνηρον

197 2275 205 2284 .
228 2277 263 2314 ,1.
285 2249 475 2299 Κρατῖνος
497 2247 563 2300 (fr.
586 2249 696 2303 460).
719 2253 886 2294 Zonaras
906 2259 1012 2297 1456
1029 2254 1227 2311 ὀξύγαρον
1247 2258 1411 2312 οἰνηρὸν
1431 2258 1485 2299 ἔτι
1505 2256 1746 2313 κεκτήσεται.

194 2316 316 2367 ποτου
347 2304 521 2370 Casaub]
554 2313 688 2348 ποτοῦ.
719 2310 894 2360 loquitur
923 2328 1024 2354 unus
1056 2329 1102 2354 ex
1132 2317 1268 2357 amicis
1290 2317 1442 2357 Cratini
1471 2318 1628 2370 sibique
1657 2319 1745 2370 ipse

194 2363 449 2423 interroganti
476 2366 694 2414 respondet,
726 2370 815 2407 ante
845 2383 979 2419 paoem
1008 2373 1115 2412 inter
1143 2377 1300 2423 poetam
1331 2377 1372 2415 et
1402 2374 1670 2426 Comoediam‚
1699 2377 1747 2416 ut

197 2416 361 2478 videtur,
393 2420 629 2486 restitutam.
671 2418 749 2461 ἀπὸ
779 2430 848 2464 τοῦ
877 2424 1020 2479 πότου,
1050 2432 1096 2469 ut
1125 2431 1307 2482 Xenoph.
1338 2432 1439 2483 Rep.
1469 2433 1613 2473 Laced.
1645 2434 1684 2484 3,
1719 2435 1741 2472 1

196 2483 366 2537 παυουσι
385 2488 462 2539 μεν·
474 2475 552 2516 απὸ
572 2478 847 2533 παιδαγωγῶν,
868 2483 1044 2523 παύουσι
1065 2483 1108 2525 δὲ
1129 2483 1208 2527 ἀπὸ
1229 2487 1500 2529 διδασκάλων.
1522 2498 1743 2544 συγκεραυ-

198 2527 323 2581 νωσω]
354 2532 528 2572 fulminis
560 2536 598 2573 vi
628 2537 871 2588 confringam
898 2543 938 2580 et
958 2543 1181 2591 diffindam.
1213 2546 1261 2585 cf.
1284 2546 1332 2586 G.
1356 2546 1576 2588 Hermann.
1606 2547 1744 2599 Eurip.

197 2584 334 2624 Bacch.
369 2589 471 2627 1103
503 2588 691 2641 δρυΐνους
721 2603 1064 2648 συγκεραυνοῦσαι
1092 2599 1404 2655 κλάδους”ῥίζας
1424 2600 1743 2658 ἆνεσποὶρασσονε

923 2687 1003 2730 188

485 2735 597 2821 ῥοἷτόιρ
629 2748 870 2806 ἐννοοῦμαι
901 2754 1013 2809 δῆτα
1043 2760 1121 2812 τῆς
1149 2762 1400 2816 μοχθηρίας

491 2825 566 2866 της
592 2812 873 2873 ἠλιθιότητος
902 2824 978 2878 τῆς
1009 2824 1126 2880 ἐμῆς.
