1872 3224
169 169 255 212 462
762 162 1161 221 ,ΑΡΙΣΤΟΦΑΝΟΤΣ

342 350 540 401 πτίσσω,
571 346 774 402 βράττω,
806 344 983 400 μάττω,
1016 343 1161 399 ὃεύω,
1195 343 1364 398 πέττω,
1397 345 1593 389 navam.

286 433 431 471 Pollux
464 433 501 479 7,
533 431 586 468 24
618 434 700 468 τῶν
729 425 774 467 δὲ
803 425 894 479 περὶ
924 423 1178 480 ἀρτοπωλίαν
1207 420 1340 480 ἀθρόα
1370 424 1416 467 ἐν
1439 420 1759 480 Ἀριστοφάνους

174 488 386 542 Δράμασιν
415 485 443 539 ἢ
464 483 682 540 Κενταύρῳ
702 487 785 526 κτλ.
816 486 969 524 πτίσσω
998 483 1194 538 Brunck]
1227 483 1363 537 πήττω
1386 486 1421 525 Α
1453 484 1499 539 (i.
1521 498 1555 527 ο.
1575 483 1758 539 πτίττω).

171 546 302 586 πίπτω
323 547 370 585 Β.
401 544 525 584 πίττω
556 545 691 584 ceteri.
724 542 870 582 πτίττω
900 556 989 583 cum
1021 543 1228 583 Dindorfio
1258 543 1482 583 Bekkerus.
1513 545 1556 583 at
1585 543 1636 584 cf.
1659 542 1760 584 Phn-

171 618 270 644 recr.
306 605 402 643 183.
433 604 476 643 in
506 603 617 642 exitu
646 602 802 642 ionicus
836 602 971 641 minor
1009 601 1136 642 deest.
1188 601 1370 655 loquipur
1409 601 1580 642 fortasse
1619 613 1760 646 serm

172 675 310 701 cenam
339 661 505 701 Herculi
535 672 698 711 parans.

924 724 1009 768 272

345 814 485 863 χωρεῖ
508 805 707 871 α’κλητος
737 803 807 847 ἀεὶ
839 804 1120 861 δειπνήσων·
1152 799 1208 848 οὐ
1237 802 1325 861 γὰρ
1357 805 1577 849 ἄκανθαι.

295 890 522 942 Hesychius
559 886 607 929 οὐ
643 886 718 942 γὰρ
757 887 962 928 ἄκανθαν
1002 887 1207 942 παροιμίαι.
1250 885 1587 940 Ἀριστοφάνης.
1663 884 1762 929 ,ἓν

175 945 389 1001 Δράμασιν
408 944 436 999 ἢ
459 946 692 1001 Κενταύρῳ·
724 949 849 999 χωρεῖ
863 969 917 975 -
938 944 1182 1013 δειπνήσων.
1212 949 1335 998 χωρεῖ
1351 944 1520 999 Bergk]
1553 947 1677 999 χωρεῖ
1698 941 1760 989 δ’.

176 1002 224 1045 οὐ
253 1003 329 1058 γὰρ
357 1003 546 1044 α’κανθαι
576 1006 619 1044 in
649 1006 736 1056 ipso
766 1017 899 1055 versu,
930 1006 1196 1044 necessarium
1225 1005 1383 1055 utique,
1416 1018 1497 1044 om.
1519 1003 1760 1056 Hesychius,

173 1065 215 1103 in
246 1064 326 1103 fine
357 1063 507 1103 addens
539 1060 639 1102 ἔοικε
670 1060 714 1101 δὲ
752 1058 1078 1114 ὑπομιμνήσκειν
1115 1059 1190 1112 τὴν
1230 1066 1301 1101 τοῦ
1339 1060 1432 1114 βίου
1462 1059 1666 1115 διαφορὰν
1694 1058 1764 1101 καὶ

173 1117 410 1173 μεταβολήν.
443 1133 545 1171 quae
576 1133 769 1171 quorsum
798 1119 1029 1171 pertineant
1059 1119 1233 1170 explicat
1261 1119 1560 1185 (Ιιιοᾴαιιιιιιοᾱο
1590 1118 1763 1160 Photius

177 1175 225 1217 οὐ
255 1175 332 1242 γὰρ
362 1176 568 1217 ακανθαι·
606 1175 824 1230 λεγόμενον
861 1174 927 1216 ἐπὶ
958 1182 1038 1216 τῶν
1069 1172 1301 1229 ωφελίμων·
1340 1172 1421 1216 ἀπὸ
1460 1177 1530 1228 τῆς
1567 1179 1641 1216 τοῦ
1667 1173 1763 1228 βίον

175 1235 231 1283 εἰς
268 1229 312 1274 τὸ
347 1231 599 1287 ἡμερωτερον
627 1235 861 1288 μεταβολῆς.
911 1235 1054 1275 Suidas
1085 1231 1358 1302 ἀληλεσμένος
1387 1232 1501 1287 βίος·
1621 1230 1763 1286 ,ἄλλη

175 1290 219 1332 δὲ
258 1292 450 1345 παροιμία
490 1289 723 1344 φησίν·οὐ
763 1290 839 1345 γὰρ
868 1290 1074 1331 ακανθαι·
1115 1289 1217 1332 ἔοικε
1253 1289 1310 1331 δὲ.
1335 1263 1660 1344 ὑπομιμνήσκειν
1688 1287 1765 1343 τὴν

175 1355 247 1389 τοῦ
277 1350 369 1402 βίου
407 1349 654 1403 μεταβολήν,
695 1346 837 1403 ἀγρίου
867 1348 934 1389 καὶ
963 1346 1235 1397 ἀκανθώδους
1265 1347 1458 1403 πρότερον
1488 1346 1629 1399 ὄντος,
1667 1345 1765 1401 πρὶν

177 1406 403 1459 ἐπιμέλειαν
432 1412 503 1459 τῆς
533 1413 606 1461 γῆς
638 1406 706 1447 καὶ
730 1412 811 1447 τῶν
819 1404 1070 1478 ς’σπερμάτων
1090 1404 1295 1460 γενέσθαι.
1329 1407 1475 1447 Zenob.
1497 1408 1535 1456 3,
1565 1408 1619 1447 98
1636 1401 1764 1458 Ἀθή-

175 1476 297 1517 νησιν
326 1463 370 1504 ἐν
402 1468 484 1513 τοῖς
514 1463 653 1518 γάμοις
685 1463 778 1512 ἔθος
809 1459 862 1516 ἦν
891 1461 1108 1517 ἀμφιθαλῆ
1146 1464 1274 1504 παῖδα
1305 1461 1495 1512 ἀκάνθας
1524 1461 1621 1515 μετὰ
1652 1462 1764 1518 δρυΐ-

178 1537 262 1562 νων
297 1527 467 1571 καρπῶν
504 1520 727 1572 στέφεσθαι
768 1551 776 1560 .
812 1554 820 1562 .
855 1553 865 1562 .
905 1518 1124 1592 ἐσήμαινον
1160 1519 1206 1561 δὲ
1243 1518 1298 1570 ὦς
1333 1517 1548 1562 ἀπώσαιτο
1581 1519 1657 1586 μὲν
1690 1518 1766 1574 τὴν

176 1576 322 1633 ἀγρίαν
359 1578 427 1619 καὶ
463 1575 640 1619 παλαιὰν
671 1579 851 1630 δίαιταν,
891 1576 1084 1633 εὑρήκασι
1121 1576 1167 1619 δὲ
1203 1575 1278 1631 τὴν
1314 1577 1463 1633 ἥμερον
1492 1573 1659 1631 τροφήν.
1710 1578 1762 1620 cf.

177 1638 226 1677 fr.
260 1639 358 1678 483.
404 1638 521 1678 initio
552 1638 704 1689 aliquid
734 1637 870 1678 deesse
909 1638 1090 1683 videtur,
1123 1640 1170 1678 ut
1201 1639 1254 1678 sit
1282 1639 1377 1677 tetr.
1417 1650 1536 1704 anap:
1565 1637 1764 1704 porgkius

178 1695 393 1735 Herculem
424 1695 502 1735 dici
533 1695 755 1743 existimat,
797 1696 867 1746 qui
908 1696 1029 1735 etiam
1067 1709 1151 1735 non
1188 1696 1384 1735 invitatus
1415 1695 1612 1736 conviviis
1641 1695 1764 1736 intor-

178 1766 265 1793 esse
298 1753 474 1802 solebat,
509 1753 635 1794 veluti
666 1751 821 1804 Ceycis.
856 1752 1008 1794 Cratin.
1043 1755 1139 1794 169.
1171 1753 1319 1804 Eupol.
1353 1753 1448 1793 289.

930 1864 1015 1909 273

385 1942 436 1986 τὸ
468 1944 517 1987 δὲ
549 1952 768 2002 πορνεῖον
799 1946 989 1988 Κύλλου
1020 1944 1156 2002 πήρα.

295 2028 520 2079 Hesychius
559 2025 720 2068 Κύλλου
760 2025 893 2081 πήρα·
936 2029 1098 2080 ζητοῦσι
1136 2020 1204 2068 ὃιά
1242 2027 1283 2067 τί
1309 2025 1352 2068 τὸ
1384 2031 1575 2095 πορνεῖον
1605 2023 1766 2068 Κύλλου

147 2115 150 2117 >
180 2083 317 2137 πήραν
342 2082 636 2155 Ἀριστοφάνης
668 2085 829 2154 εἴρηκεν
859 2082 904 2125 ἐν
936 2084 1152 2138 Δράμασιν
1180 2083 1208 2138 ἢ
1237 2081 1476 2141 Κενταύρω·
1509 2084 1553 2125 τὸ
1583 2083 1628 2125 δὲ
1648 2099 1689 2126 π.
1711 2086 1764 2126 Κ.

212 2140 336 2180 ,ἔστι
356 2140 432 2195 γὰρ
453 2141 598 2194 χωρίον
615 2139 843 2195 ’Λθηνησιν
863 2140 1060 2195 ἐπηρεφὲς
1083 2142 1151 2183 καὶ
1170 2141 1314 2210 κρήνη.
1364 2126 1456 2183 ἀντὶ
1476 2140 1521 2183 δὲ
1545 2143 1617 2183 τοῦ
1636 2140 1711 2196 πέρ
1713 2157 1766 2183 αν

179 2213 316 2252 πηραν
358 2197 448 2251 ἔφη.
501 2201 667 2241 Photius
715 2202 881 2241 Κνλλοῦ
923 2200 1079 2254 πήραν
1127 2198 1153 2253 ἡ
1196 2196 1318 2255 Πήρα
1362 2199 1507 2254 χωρίον
1540 2198 1666 2255 πρὸς
1687 2156 1766 2257 ovo&

176 2253 406 2325 Ὑμηττῷ,
440 2255 485 2295 ἐν
513 2272 544 2312 ῳ
577 2251 710 2311 ἱερὸν
736 2255 1050 2310 Ἀφροδίτης.
1081 2257 1148 2298 καὶ
1177 2257 1334 2328 κρήνηζ
1363 2256 1404 2308 ἐξ
1441 2253 1491 2312 ἦς
1521 2258 1569 2298 αἰ
1599 2241 1765 2298 πιουσάι

181 2311 391 2354 εὐτοκοῦσι
420 2313 488 2354 καὶ
517 2314 564 2354 αἱ
588 2314 729 2368 ἄγονοι
757 2314 916 2368 γόνιμοι
945 2314 1128 2368 γίνονται
1159 2346 1169 2356 .
1202 2350 1210 2358 .
1243 2347 1252 2355 .
1286 2314 1466 2356 τάττεται
1495 2312 1542 2355 δὲ
1570 2331 1596 2368 η
1627 2328 1764 2370 παροι-

179 2371 251 2421 μία
288 2369 354 2411 ἕπὶ
391 2377 473 2411 τῶν
503 2370 577 2424 τὴν
614 2369 741 2423 φύσιν
777 2370 1028 2445 βιαζομένων
1065 2371 1104 2420 ἐξ
1141 2371 1444 2425 ἐπιτεχνήσεως.
1492 2373 1712 2414 Herodian.
1743 2373 1765 2414 1

184 2431 351 2479 157,17
371 2428 526 2478 Κύλλος
541 2427 585 2470 τὸ
599 2428 762 2484 κύριον,
794 2424 903 2483 ουμε
890 2428 1052 2483 μνηται
1067 2428 1135 2470 καὶ
1147 2426 1454 2484 Ἀριστοφάνης.
1487 2430 1762 2472 Cratin.1o2.

932 2543 1018 2587 274

295 2624 439 2664 Pollux
472 2621 510 2675 9,
541 2627 596 2666 36
626 2622 811 2678 κωμήτας
844 2625 970 2679 (Nub.
989 2622 1096 2695 965)
1117 2623 1210 2674 τοὺς
1239 2623 1420 2678 γείτονας
1439 2623 1510 2665 καὶ
1530 2621 1761 2696 κωμήτιδας

184 2677 404 2733 ὠνόμαζον.
431 2679 722 2735 Ἀριστοφάνης
752 2683 852 2737 γοῦν
882 2681 928 2723 ἐν
955 2680 1031 2735 μὲν
1053 2682 1267 2735 Δράμασιν
1291 2679 1320 2735 ἢ
1339 2681 1596 2750 Κενταύρω’
1581 2681 1678 2735 ε’φη·
1711 2681 1766 2724 ἕν

184 2737 320 2790 κωμή
331 2749 430 2778 τισι
433 2743 700 2797 καπηλοῖς
723 2738 871 2793 ἕπίχα
883 2754 905 2794 ρ
919 2754 1015 2780 τον.
1039 2740 1240 2792 Bergkius
1257 2735 1477 2792 κωμήτισιν
1492 2723 1762 2793 κάπήλισίν’
1725 2754 1746 2780 τ

184 2793 395 2864 ἐπίχαρτον
423 2797 497 2852 ἠν,
536 2812 658 2838 versu
695 2799 882 2850 pessimo.
932 2798 1101 2838 fortasse
1139 2795 1168 2849 η
1179 2812 1205 2837 ν
1242 2811 1266 2836 κ
1277 2811 1344 2849 ωμ
1353 2796 1379 2849 ή
1391 2812 1411 2836 τ
1420 2812 1433 2836 ι
1443 2808 1467 2836 σ
1477 2812 1491 2836 ι
1521 2802 1587 2837 πα
1597 2794 1680 2838 σίν
1717 2811 1766 2838 τε

184 2850 430 2905 καπήλοις
462 2852 612 2906 ἐπίχη
646 2858 778 2896 metro
809 2855 1091 2896 choriambico.
1123 2855 1176 2895 cf.
1207 2855 1256 2894 fr.
1292 2857 1389 2896 109.
1729 2871 1734 2877 ·
