1872 3224
205 184 291 226 444
780 181 1169 216 ΑΡΙΣΤΟΦΑΝΟΤΣ
1227 167 1233 176 ’

206 291 298 338 diei,
330 291 440 329 cuius
472 290 604 339 partes
635 288 677 326 in
707 287 779 326 hac
810 287 947 326 fabula
977 286 1101 326 fuisse
1131 286 1330 338 Bergkius
1361 287 1446 326 sine
1467 285 1613 325 idonea
1630 285 1788 327 mtio-

206 347 381 398 negavit.

952 455 1036 498 208

410 533 508 579 οὐδ’
541 534 768 591 α’ργύριον
798 536 924 578 ἔστιν
954 534 1383 591 κεκερματισμένον.

321 632 464 671 Pollux
496 633 542 680 9,
574 632 628 671 88
666 629 1082 683 κατακεκερματίσθαι
1119 626 1195 681 μὲν
1232 627 1297 670 ἐπὶ
1330 625 1452 683 λόγου
1490 628 1685 697 Πλάτων,
1722 627 1793 677 δή
1840 630 1848 647 ³

202 686 246 728 δε
276 682 469 741 ἀργυρίου
495 662 787 741 Ἀριστοφάνης
819 685 862 727 ἕν
894 689 1165 728 Δαιταλεῦσιν
1194 689 1277 728 κτλ.
1317 687 1424 728 idem
1447 689 1592 740 7,170
1621 681 1666 728 τὸ
1693 701 1787 737 και,
1838 710 1844 714 ·

200 744 408 785 αλλοὶττειν
447 743 490 785 τὸ
531 744 703 798 νόμισμα
740 744 806 785 καὶ
839 743 886 785 τὰ
916 744 1089 815 κέρματα
1120 743 1165 786 δὲ
1195 743 1263 785 καὶ
1293 742 1337 785 τὸ
1367 743 1614 798 κερματίζειν
1641 742 1686 786 τὸ
1716 739 1788 788 260³
1847 755 1854 798 ᾖ

202 814 328 855 μισμα
359 802 533 857 ει’·ρηται
563 801 854 856 Ἀριστοφάνης
885 799 975 843 οὐδ’
1016 805 1099 843 κτλ.
1130 800 1503 857 κεκερματισμένον]
1535 817 1786 855 κατακερμα·
1852 839 1861 856 .-

201 860 367 913 τίσματα
406 862 442 901 Α
474 863 518 911 7,
554 864 646 902 170.
690 860 1038 913 κατακερματίζειν
1075 862 1311 915 Platonem,
1351 859 1596 913 κερματίζειν
1630 861 1787 910 Aristo-

203 919 374 969 phanem
417 919 562 959 dixisse
601 920 780 970 adparet.
841 920 1056 960 coniuncta
1095 920 1192 960 haec
1231 920 1366 970 aliquo
1404 918 1524 959 modo
1564 919 1688 960 fuisse
1722 919 1783 962 vi-

202 977 352 1016 dentur
382 989 473 1016 cum
503 977 554 1016 fr.
587 978 684 1016 207.

952 1099 1038 1143 209

315 1195 547 1235 Athenaeus
581 1195 645 1243 15,
678 1196 790 1236 667f
815 1208 949 1247 ετερον
978 1190 1018 1234 δ’
1052 1191 1161 1234 ἐστὶν
1190 1189 1296 1244 εἶδος
1325 1193 1490 1244 παιδιᾶς
1527 1198 1600 1246 τῆς
1638 1190 1684 1236 ἒν
1719 1195 1784 1236 λε-

200 1250 323 1322 κάνῃ·
357 1250 461 1303 αὕτη
491 1247 531 1290 δ’
565 1249 710 1299 ὕδατος
729 1255 985 1322 πληροῦται,
1017 1250 1148 1293 ἐπινεῖ
1175 1266 1215 1292 τε
1245 1249 1312 1293 ἐπ’
1344 1248 1470 1306 αὐτῆς
1499 1245 1688 1306 ὀξύβαφα
1717 1266 1784 1294 κε-

203 1307 266 1360 νά,
298 1305 365 1360 ἐφ’
397 1306 425 1348 ὁὶ
454 1306 665 1373 βαλλοντες
697 1307 765 1356 τὰς
795 1308 969 1363 λαταγας
991 1307 1035 1350 ἐκ
1056 1309 1285 1363 καρχησίων
1305 1308 1521 1381 ἐπειρῶντο
1549 1306 1782 1352 καταδύειν.

197 1362 384 1421 ἀνῃρεῖτο
411 1363 456 1405 δὲ
486 1381 533 1406 τα
563 1367 771 1419 κοτταβεῖα
802 1364 821 1407 ὁ
854 1367 974 1408 πλείω
1006 1365 1341 1416 καταδύσας..
1372 1362 1416 1408 τὸ
1444 1363 1486 1407 δ’
1516 1360 1652 1409 αθλον
1676 1364 1746 1422 ’Ap
1746 1381 1783 1408 ι-

200 1422 405 1476 στοφοῖνης
437 1422 480 1464 ἕν
511 1426 800 1464 Δαιταλεῦσιν·
833 1421 1005 1478 ἔγνωκ’
1047 1423 1139 1479 ἐγώ
1177 1422 1229 1464 δὲ
1265 1425 1474 1478 χαλκίον
1511 1421 1640 1466 τοῦτ’
1680 1381 1785 1468 ἔσρτὶ

199 1482 501 1534 κοτταβεῖον
531 1478 739 1521 ἵσταναι
778 1481 863 1522 καὶ
898 1482 1161 1535 μυρρίνας.
1222 1483 1422 1536 Bergkius
1452 1478 1596 1536 ἔγνωκ’
1630 1479 1707 1536 ἕγῶ
1737 1480 1784 1523 δὲ

199 1538 363 1590 χαλκίον
388 1537 394 1592 Ι
421 1537 539 1578 τοῦτό
568 1535 607 1591 γ’
641 1537 680 1587 ἐς
712 1537 756 1579 τὸ
786 1541 1020 1609 κοτταβεῖον
1050 1536 1211 1580 ἱσταναι
1230 1538 1298 1580 καὶ
1317 1539 1527 1595 μυρρίνας.
1558 1540 1783 1582 Meinekius

198 1597 319 1636 Anal.
351 1597 439 1637 orit.
473 1597 618 1637 Athen.
653 1598 735 1638 323
781 1593 949 1650 ἔγνωκ’·
995 1595 1124 1652 ἐγῷδα
1169 1597 1332 1650 χαλκίον
1374 1630 1382 1639 .
1470 1595 1678 1640 ‚totam
1713 1594 1780 1639 uoci
1848 1642 1851 1643 ⁷

112 1675 117 1679 ,
198 1652 407 1707 μυρρίνας.
471 1655 592 1694 verba
623 1651 731 1694 τοῦτ
765 1653 847 1694 ἐστὶ
874 1656 1104 1708 κοτταβεῐον
1125 1657 1422 1707 interpretandi
1443 1669 1560 1697 causa
1581 1655 1783 1708 adscripta

198 1724 284 1752 esse
315 1725 558 1763 quamquam
590 1712 788 1764 Bergkius
819 1715 940 1765 negat
960 1715 1068 1753 recte
1091 1713 1505 1765 Schweighaeuserus·
1512 1715 1554 1754 et
1574 1712 1779 1754 Iacobsius

199 1769 497 1818 indicaverunt3
531 1770 649 1808 simul
680 1772 814 1809 autem
846 1768 1006 1809 ἰσταναι
1026 1770 1248 1810 eiciendum
1270 1771 1443 1810 videtur.
1505 1770 1668 1821 scripsit
1692 1770 1782 1810 Ari—

200 1827 416 1876 stophanes
447 1826 547 1867 nihil
578 1827 657 1866 nisi
687 1823 884 1878 ἔγνωκ’·
925 1824 1012 1879 ἐγώ
1050 1826 1102 1866 δὲ
1139 1826 1350 1879 χαλκίον
1392 1825 1475 1867 καὶ
1517 1825 1780 1879 μυρρίνας.

199 1896 299 1933 quae
331 1886 518 1934 excerpta
550 1886 646 1923 sunt
675 1897 723 1923 ex
746 1884 914 1924 fratrum
936 1885 1211 1926 altereatione.
1242 1885 1423 1936 loquitur
1441 1885 1548 1924 filius
1567 1884 1778 1936 inprobus.

199 1941 356 1980 ‘frater'
388 1941 522 1992 inquit
551 1940 701 1981 ‘neseio
731 1955 830 1992 quas
851 1943 1024 1993 ineptias
1046 1942 1207 1982 didicit:
1238 1955 1314 1994 ego
1335 1955 1430 1983 vero
1451 1942 1581 1982 multo
1601 1941 1779 1991 utiliora,

199 1998 351 2037 cottabi
381 1998 522 2037 ludum
553 1998 848 2049 scoliorumque
866 2001 1063 2040 cantum'.
1093 2000 1143 2040 cf.
1165 1999 1273 2042 Nub.
1302 2001 1425 2040 1356.
1460 1999 1585 2039 1364.
1615 1996 1780 2050 χαλκίον

197 2055 317 2094 etiam
347 2056 568 2105 praemium
599 2055 750 2095 cottabi
781 2069 868 2096 esse
896 2059 1076 2107 poterat,
1115 2057 1262 2108 quippe
1291 2070 1394 2108 quae
1423 2056 1639 2096 admodum
1668 2055 1780 2097 varia

197 2113 344 2151 essent.
386 2113 436 2151 cf.
464 2112 568 2154 Plat,
599 2113 667 2160 46,
701 2115 826 2152 7—9.
862 2114 1085 2165 Antiphan.
1118 2115 1186 2164 55,
1219 2116 1258 2154 2.
1291 2115 1315 2154 3
1355 2112 1465 2166 (cum
1503 2113 1779 2154 emendatione

199 2169 389 2208 Meinekii
419 2170 628 2219 proposita
657 2170 699 2208 in
730 2170 930 2210 Athenaei
962 2170 1062 2224 ed.).

949 2304 1035 2346 210

403 2379 428 2424 ὁ
457 2380 500 2424 δ’
531 2375 748 2438 ἡλιαστὴς
779 2376 906 2437 εἷρπε
935 2382 1049 2439 πρὸς
1078 2384 1163 2439 τήν
1193 2384 1416 2439 κιγκλίδα.

311 2477 574 2528 Harpocratio
610 2475 762 2529 κιγκλὶς
796 2510 804 2518 .
828 2509 838 2520 .
863 2508 872 2517 .
913 2477 959 2517 αἵ
992 2481 1074 2517 τῶν
1108 2477 1397 2530 δικαστηρίων
1413 2475 1542 2528 θύραι
1573 2475 1776 2546 κιγκλίδες

199 2531 429 2574 ἐκαλοῦντο.
458 2530 748 2586 Ἀριστοφάνης
781 2536 1049 2575 Δαιταλεῦσιν
1077 2537 1156 2574 κτλ.
1189 2535 1239 2579 cf
1262 2535 1336 2586 Eq.
1361 2536 1457 2575 641.
1488 2530 1530 2573 δ’
1561 2530 1773 2588 ἡλιαστὴς]

198 2588 413 2642 δηλιαστὴς
445 2592 493 2632 Α.
525 2585 636 2643 εἷρπε
666 2589 785 2645 πρὸς]
817 2587 874 2640 εἷς
904 2591 994 2642 περι
1013 2591 1131 2632 BCG.
1154 2592 1268 2632 fimto
1290 2604 1336 2631 eo
1363 2591 1510 2631 iudicio
1537 2591 1644 2642 quod
1670 2603 1774 2632 eom-

198 2651 444 2687 memoratur
473 2649 524 2688 fr
559 2650 655 2699 201,
686 2649 820 2690 nescio
852 2650 940 2701 quis
971 2649 1172 2701 quomodo
1201 2650 1242 2689 id
1273 2649 1424 2688 factum
1454 2648 1508 2687 sit
1536 2650 1686 2688 narrat.

943 2782 1020 2826 211

403 2859 485 2904 τὸν
512 2859 721 2917 Ἐρεχθέα
750 2878 828 2918 μοι
858 2860 934 2906 καὶ
962 2860 1044 2905 τὸν
1073 2861 1213 2917 Αῠγέα
1244 2836 1384 2905 κάλει.
