1872 3224
651 177 853 212 ΚΟΝΝΟΣ
878 198 920 204 -
948 180 1201 216 ΚῼΜΑΣΤΑι
1622 187 1705 229 373

126 285 200 321 τοῦ
231 277 396 346 {kM-ov,
425 277 469 329 ὃς
501 275 555 332 ἦν
575 280 815 334 κομπαστὴς
847 282 914 324 καὶ
943 281 1100 334 ἀλαζών
1130 284 1172 326 ἕν
1202 302 1241 328 τε
1271 293 1324 344 τῷ
1355 287 1609 342 διαλέγεσθαι
1638 291 1705 331 καὶ

46 378 62 404 ,⁷
127 337 175 380 ἐν
203 353 256 394 τῳ
295 342 610 391 προσποιεῖσθαι
647 342 846 381 πλουτεῖν.
893 343 1065 395 Hesych.
1104 345 1356 385 σεσελίσθαι·
1396 343 1705 396 ἀλαζονεύεσθαι

39 414 54 455 ss
72 423 85 437 2
119 394 195 438 «καὶ
225 394 442 436 σκώπτειν.
502 393 580 437 ἀπὸ
613 398 810 450 Αἰσχίνου
841 405 911 439 τοῦ
942 398 1105 442 Σέλλου.
1151 417 1223 453 pro
1261 402 1482 456 κεκομμένα
1519 401 1703 454 πολλάκις

27 491 41 513 ‚¹
127 455 178 498 G.
209 455 352 496 Herm.
385 455 572 507 Aeschyl.
603 456 646 495 II
678 458 728 496 91
762 455 928 508 κωμικοὶ
957 457 1159 510 πολλάκις,
1182 461 1403 503 Meinekius
1434 461 1700 515 κεκόμπακας,

125 515 174 554 ut
186 514 242 554 sit
256 513 449 565 Hesychii
465 513 868 565 interpretamentum
883 517 991 556 vocis
1013 514 1241 558 σεσέλλισαι.
1260 519 1457 571 Bergkius
1476 521 1701 562 Archiloch.

130 572 212 613 102
244 566 334 610 κατ’
369 570 574 623 Αἰσχίνην
603 569 814 624 κεκομμὲν’
847 571 928 624 ἤδη
966 573 1170 626 πολλάκις,
1206 590 1305 626 quae
1343 578 1438 628 quid
1469 579 1546 618 sibi
1576 580 1703 619 velint

125 629 275 670 nescio.
335 642 410 680 pro
444 625 651 669 Διονύσου
682 631 906 670 Meinekius
939 633 1088 682 Διονῦ,
1121 637 1209 683 σοῦ,
1241 635 1340 674 ‘sive
1376 635 1462 685 ipse
1500 636 1702 687 Dionysus

125 687 189 728 his
221 687 354 728 verbis
386 688 655 739 compellatur
685 690 769 728 sive
799 689 918 728 homo
949 690 1081 730 mollis
1111 692 1152 730 et
1180 692 1462 731 effeminatus'.
1495 693 1626 744 Etym.
1648 708 1699 732 m.

127 746 225 795 277,
257 746 282 785 3
318 745 494 792 Διονῦς·
526 741 547 783 ὃ
577 745 794 798 γυναικιάς
825 744 893 786 καὶ
922 742 1147 798 πάνθηλυς.
1192 748 1366 799 Hesych.
1402 752 1548 797 Διονῦς
1578 747 1701 804 (diov-

125 801 201 851 νῦς
232 799 363 858 οοᾶ.)’
394 799 415 841 ὁ
448 803 662 855 γυναικίας
694 801 762 842 καὶ
791 801 1043 856 παράθηλυς.
1074 806 1290 845 Herodian.
1321 806 1360 845 II
1393 808 1485 854 707,
1508 809 1533 846 4
1564 808 1701 847 Lentz.

125 857 148 900 ὁ
183 862 359 908 Διονῦς,
401 865 473 900 τοῦ
515 865 659 901 Διονῦ.
702 863 805 910 936,
849 863 900 902 28
941 859 1000 916 (et
1030 863 1125 912 859,
1158 864 1224 910 29,
1255 863 1275 902 Ι
1306 865 1400 912 236,
1436 861 1504 918 18)
1543 862 1622 903 ἔστι
1659 862 1702 903 δὲ

125 917 194 958 καὶ
223 915 268 958 τὸ
301 918 451 966 Διονῦς
483 917 592 972 παρὰ
623 922 703 967 τοῖς
734 922 923 971 κωμικοῖς
956 917 1021 958 ἐπὶ
1051 924 1120 958 τοῦ
1151 917 1317 959 ἐκλύτου
1348 919 1603 970 τασσόμενον.
1643 935 1702 961 ce-

124 979 256 1018 terum
286 977 414 1017 Sellus
443 991 525 1017 non
556 979 618 1017 est
647 990 796 1017 nomen
824 978 1053 1028 proprium:
1084 991 1177 1016 nam
1198 979 1276 1017 iam
1299 979 1557 1019 Archilochus
1581 977 1702 1032 (102)

123 1035 370 1075 Batusiaden
402 1035 603 1075 hariolum
636 1036 756 1075 Sellei
785 1035 913 1074 filium
933 1036 1088 1075 dixerat
1108 1035 1245 1086 (Mein.
1271 1036 1331 1075 ed.
1354 1037 1480 1088 mai.).
1531 1037 1700 1088 Hesyoh.

125 1091 375 1144 Σελληίδεω·
410 1090 593 1140 Σελλέως
624 1091 724 1141 υἱός,
756 1088 776 1131 ὅ
806 1090 948 1144 μάντις
979 1089 1260 1144 Βατουσιάδης
1290 1091 1333 1132 τὸ
1361 1091 1499 1145 ὄνομα.
1532 1095 1702 1134 scribon-

124 1151 222 1190 dum
250 1151 415 1192 videtur
443 1149 635 1203 ἄγαμαι
667 1151 829 1190 Διονῦ
867 1161 954 1189 σου
992 1148 1041 1189 τὸ
1080 1147 1237 1201 στόμ’·
1275 1147 1337 1198 ὥς
1375 1148 1662 1190 σεσέλλισαι
1695 1150 1698 1205 ξ

123 1205 232 1247 κατ’
271 1208 551 1260 Αἰσχίνην·
586 1206 914 1260 κεκόμπακας
949 1205 1039 1260 γὰρ
1073 1205 1324 1254 πολλάκις.

902 1345 951 1386 11

239 1429 457 1468 Erotianus
494 1430 585 1479 129,
622 1430 671 1468 13
704 1428 835 1468 Klein.
867 1423 1094 1466 ὖποτεῐναι·
1126 1422 1367 1476 ὑποθεῖναι,
1400 1422 1466 1463 καὶ
1504 1421 1694 1464 ὑποτετα-

121 1483 246 1538 μένον
277 1479 320 1525 τὸ
350 1482 618 1538 ὑποκείμενον
648 1484 788 1536 ξύλον,
821 1483 863 1524 τὸ
893 1479 980 1524 οἷον
1008 1483 1191 1537 βάθρον,
1231 1480 1285 1530 ὡς
1325 1481 1392 1522 καὶ
1428 1478 1625 1535 Φρύνιχος
1656 1479 1700 1520 ἐν

122 1541 274 1599 Κρόνῳ
303 1543 420 1596 φησί·
453 1543 593 1595 κείνη
623 1540 893 1595 μεμνήσθω
922 1556 976 1594 με
1008 1541 1155 1591 ξύλον
1183 1538 1503 1591 ὑποτεταγός.
1554 1537 1699 1591 μεμνή-

124 1603 216 1641 σθω
261 1600 329 1655 με]
358 1600 599 1654 μμεμνήσθω
644 1601 863 1653 (suprascr.
896 1599 985 1652 μεν)
1025 1601 1075 1640 Α,
1101 1598 1226 1650 -κείνη
1264 1602 1370 1638 recte
1406 1598 1579 1649 positum
1616 1610 1700 1636 esse

119 1672 203 1700 non
238 1662 394 1711 potest,
433 1660 513 1700 nisi
550 1661 597 1699 ut
635 1660 731 1699 fecit
767 1658 990 1698 Meinekius
1020 1657 1057 1695 V
1088 1659 1144 1698 40
1183 1656 1319 1695 Ionem
1350 1655 1550 1695 hominem
1589 1655 1699 1704 loqui

122 1719 290 1759 statuas.
321 1718 429 1757 idem
459 1716 574 1769 κείνη
604 1713 678 1769 μὲν
713 1712 893 1768 ἡγείσθω
933 1712 1051 1764 ξύλον
1094 1711 1138 1765 μ’
1184 1708 1447 1762 ὑποτετακός,
1486 1712 1587 1751 conl.
1619 1712 1697 1749 Me-

119 1775 242 1817 nand.
274 1776 327 1815 34
357 1771 515 1827 ἡγεῖταί
540 1770 583 1826 μ’
617 1771 720 1821 ὅλως
747 1775 753 1823 Ι
781 1770 1027 1812 ε’πικόπανόν
1057 1786 1103 1813 τι.
1134 1774 1175 1810 at
1204 1771 1370 1820 adparet
1407 1770 1449 1808 in
1481 1768 1697 1819 Phryniohi

119 1833 255 1874 verbis
284 1834 507 1873 necessario
539 1833 662 1873 fuisse
693 1827 999 1882 ὑποτεταμένον.
1059 1830 1193 1879 itaque
1225 1824 1359 1878 ἐπέχω.

896 1941 948 1983 12

237 2029 469 2069 Athenaeus
503 2030 542 2077 9,
575 2027 688 2066 371f
721 1998 920 2079 γηθύου
956 2017 1198 2074 μνημονεύει
1236 2019 1438 2073 Φρύνιχος
1471 2016 1513 2058 ἐν
1543 2016 1695 2072 Κρόνῳ.

122 2084 220 2139 ὅπερ
252 2081 514 2138 ἐξηγούμενος
545 2083 677 2136 δρᾶμα
710 2082 888 2134 Δίδυμος
918 2079 1034 2133 ὅμοιά
1066 2089 1193 2130 φησιν
1230 2073 1333 2118 εἶναι
1363 2075 1408 2116 τὰ
1439 2075 1578 2129 γήθυα
1609 2079 1689 2122 τοῖς

122 2141 346 2198 λεγομένοις
377 2139 712 2195 ἀμπελοπράσοις,
744 2138 790 2180 τὰ
822 2136 863 2179 δ’
895 2135 997 2178 αὐτὰ
1028 2135 1095 2176 καὶ
1124 2135 1371 2190 γηθυλλίδας
1401 2133 1600 2187 λέγεσθαι.

894 2263 946 2306 13

329 2342 730 2404 ἀλεκτρυοπώλιον

235 2430 436 2485 Φρύνιχος
468 2428 512 2470 ἐν
542 2428 683 2483 Κρόνῳ
714 2427 886 2481 εἴρηκεν.
918 2427 1061 2466 Pollux
1093 2428 1130 2474 7,
1166 2425 1256 2463 136.
1288 2436 1338 2461 an
1368 2417 1689 2470 ἇλεκτρυονοπω-

121 2490 258 2530 λεϊονῬ
290 2491 340 2530 ef.
373 2503 474 2540 quae
506 2489 612 2539 apud
644 2487 848 2526 Pollucem
879 2486 1112 2535 sequuntur.

780 2642 1038 2678 ΚΩΜΑΣΤΔΙ

238 2766 528 2807 Comissatores
560 2777 649 2804 cum
689 2763 810 2801 etiam
849 2759 1050 2809 Amipsias
1089 2754 1358 2806 composuerIt
1398 2765 1520 2802 eaque
1558 2749 1692 2788 fabula

122 2825 330 2876 Dionysiis
362 2823 426 2864 Ol.
459 2824 524 2871 91,
560 2823 583 2860 2
616 2833 704 2859 cum
744 2819 981 2866 Monotropo
1020 2812 1235 2864 Phrynichi
1267 2810 1498 2859 Avibusque
1539 2807 1690 2846 Aristo-

121 2882 264 2933 phanis
295 2884 451 2921 certans
481 2880 655 2930 primum
688 2876 911 2928 praemium
943 2872 1092 2920 tulerit,
1124 2869 1321 2924 Bergkius
1352 2867 1398 2906 R.
1421 2879 1454 2905 c.
1477 2865 1564 2904 Att.
1597 2863 1690 2903 369.
