1872 3224
637 251 851 286 ΑΔΗΛΩΝ
877 251 1149 286 ΔΡΑΜΑΤΩΝ
1636 253 1692 295 99

67 384 69 386 -
99 357 309 398 suetudini
353 356 552 397 Prisciani
591 358 947 398 adcommodatum
986 359 1067 408 est,
1115 360 1184 409 qui
1221 359 1418 398 librorum
1457 372 1692 411 graecorum

67 443 69 445 ·
98 414 245 456 titulos
287 428 406 470 saepe
443 427 586 466 graece
625 416 786 465 scribit,
826 417 914 467 ipse
953 429 1111 468 semper
1148 417 1275 456 latine
1307 417 1500 468 loquitur.
1551 418 1692 468 utique

25 470 355 527 «scribendum
395 475 594 535 χαμᾷθεν
639 474 690 515 cf.
734 473 863 513 Cobet
893 473 947 513 V.
978 472 1028 512 1²
1059 476 1134 524 89,
1175 476 1246 526 qui
1276 474 1386 514 N.l.
1428 477 1523 514 149.
1556 477 1612 515 50
1647 471 1692 523 ὃς

60 539 66 543 “
98 528 170 578 τὰς
190 529 309 579 πίτυς
330 526 531 588 ἕκαμήπεν
557 528 563 584 Ι
591 528 715 578 ἕστώς
746 533 934 583 χαμᾶθεν
965 530 1116 584 ῥαδίως
1146 530 1275 585 ἄκρας
1305 527 1434 584 κόμης
1464 530 1691 572 καθέλκων.
1759 519 1765 553 Ῑ’

46 582 61 615 Γ
100 589 238 642 ‘quod‚
269 590 407 639 credo,
441 589 571 629 faeere
602 585 814 629 dicebatur
853 589 991 628 Sinnis
1033 591 1119 641 ipse
1158 586 1179 628 ὅ
1210 589 1530 642 πιτυοκάμπτης.
1571 590 1691 633 Ovid.

50 659 53 681 1
98 647 195 687 Met.
229 649 268 700 7,
299 647 418 688 440)
451 647 673 699 excogitari
703 649 914 698 praeterea
944 651 1116 698 possunt
1147 649 1296 699 multa,
1329 649 1429 689 certi
1459 649 1574 688 nihil.

849 771 933 814 297

550 848 653 895 ἀλλ’
688 847 970 895 εἴσιθ’“εἰ’σω
1003 852 1080 895 καὶ
1109 855 1244 897 πιοῦ-

548 933 607 965 σα
636 920 780 978 χυλὸν
810 922 1062 965 α’ναπαύου
1093 924 1260 966 κακῶν.

214 1018 361 1058 Pollux
392 1021 436 1069 6,
471 1021 522 1059 61
555 1019 756 1071 Κρατῖνος
787 1014 831 1057 δὲ
862 1016 931 1058 καὶ
962 1011 1086 1070 χυλὸν
1114 1022 1224 1058 πιεῖν
1254 1018 1426 1071 εἴρηκεν.
1459 1022 1691 1071 excerptum

7 1118 20 1134 ἵ
99 1077 162 1116 est
191 1089 239 1116 ex
269 1079 491 1128 systemate
520 1077 708 1116 iambico.
739 1073 860 1128 χυλός
891 1081 954 1116 est
975 1079 1165 1127 ptisanae
1192 1090 1322 1126 sucus,
1356 1091 1435 1128 quo
1466 1091 1539 1129 pro
1561 1078 1689 1117 medi-

8 1135 27 1200 ’ζ
98 1136 283 1174 camento
305 1135 538 1175 utebantur.
573 1135 625 1175 cf.
648 1135 860 1186 Aristoph.
893 1135 989 1175 Pac.
1024 1137 1121 1175 997.
1152 1136 1253 1175 Ran.
1286 1137 1368 1175 943
1401 1149 1491 1175 cum
1521 1137 1689 1187 interpr.

848 1258 934 1302 298

306 1337 365 1392 ὥς
395 1337 493 1383 ἄνω
524 1339 608 1397 τὴν
639 1339 877 1396 μασχάλην
908 1343 1120 1406 αἴρωμεν.
1144 1340 1475 1397 ἐμπεπωκότες.

216 1436 394 1487 Hesych.
415 1431 626 1488 μασχάλην
645 1434 798 1489 αι’·ρειν
832 1436 1145 1484 κωθωνίζεσθαι
1165 1435 1233 1476 καὶ
1251 1435 1399 1476 πίνειν.
1422 1433 1477 1484 ὥς
1498 1434 1585 1476 α’νω
1605 1438 1687 1475 κτλ.

0 1490 20 1559 ιμ’
100 1490 146 1533 ἐν
189 1494 242 1548 τῷ
278 1493 453 1546 μεθύειν
491 1493 626 1547 αἴρειν
661 1491 752 1534 ἄνω
790 1491 867 1543 τὴν
911 1493 1134 1546 μασχάλην
1187 1489 1406 1534 εἰώθεισαν
1444 1509 1521 1547 γαρ
1559 1493 1691 1547 λέγειν

98 1533 363 1603 μασχάλην
400 1551 566 1605 αἴρεις
604 1549 695 1591 ἀντι
731 1556 804 1591 τοῦ
834 1552 1106 1602 κωθωνίζειν,
1146 1550 1214 1591 καὶ
1253 1554 1572 1604 καταμωκᾶσθαι
1603 1556 1690 1599 ταῖς

99 1608 246 1681 χερσίν.
279 1609 436 1650 Cratini
467 1624 630 1651 versum
660 1623 747 1650 esse
780 1611 899 1650 docet
930 1611 1131 1651 Zenobius
1164 1611 1204 1662 5,
1238 1612 1261 1650 ‘7
1293 1609 1504 1662 μασχάλην
1534 1610 1686 1664 αἴρειν·

97 1665 189 1706 ἀντι
218 1667 289 1706 τοῦ
319 1667 633 1716 κωθωνίζεσθαι
662 1666 730 1707 καὶ
750 1667 897 1708 πίνειν.
930 1669 1130 1722 Κρατῖνος
1151 1665 1212 1716 ὥς
1242 1666 1346 1708 ὅῖνω
1377 1667 1468 1720 τὴν
1496 1683 1558 1720 μα
1570 1667 1689 1720 σχα-

98 1728 191 1777 λην
219 1723 416 1779 αἴρειν,
455 1723 829 1778 καταμωκωμένους
861 1729 949 1773 ταῖς
979 1726 1128 1779 χερσίν.
1178 1727 1369 1766 Proverb.
1408 1727 1565 1766 Bodlei.
1607 1727 1689 1766 625

99 1784 300 1836 Κρατῖνος
330 1781 432 1823 α’νω
462 1782 552 1835 τὴν
581 1781 843 1836 μασχάλην
872 1782 1062 1836 αἴρεις,
1093 1781 1184 1823 ἀντὶ
1213 1799 1284 1823 του
1315 1783 1546 1853 κωθωνίζῃ.
1585 1785 1690 1823 Bek-

98 1841 183 1881 ker.
215 1842 369 1882 Anecd.
402 1843 498 1892 356,
531 1845 586 1883 30
621 1837 708 1894 αἶρε
747 1839 823 1893 τὴν
859 1840 1088 1893 μασχάλην·
1131 1839 1197 1880 ε’πὶ
1235 1846 1307 1881 τοῦ
1345 1837 1687 1894 ὀρχήσασθαι.

98 1899 216 1939 Phot.
254 1897 466 1951 μασχάλην
503 1897 633 1952 αι’ρεις
663 1895 754 1939 άντὶ
787 1899 853 1938 τοῦ
883 1893 1186 1954 καθωμισθήση
1218 1898 1296 1971 (F?)·
1336 1899 1378 1938 οἷ
1402 1897 1477 1952 γὰρ
1508 1898 1689 1951 μεθύον-

99 1970 162 2004 τες
192 1950 294 2011 ᾖρον
330 1955 401 2004 τὰς
443 1956 650 2009 μασχάλας
690 1955 1041 2008 καταμωκώμενοι.
1094 1955 1162 1996 καὶ
1200 1957 1242 1996 οἱ
1274 1959 1543 2010 μνηστῆρες“
1554 1960 1689 2010 χεῖρας

97 2010 330 2066 ἀνίσχοντες
360 2012 460 2068 γε’λω
491 2013 701 2055 ἕκθανονῖ
733 2015 1200 2066 Gregor.prr.Mosq.
1227 2016 1340 2068 1,12
1372 2013 1506 2066 αἴρειν
1534 2013 1688 2066 μασχά-

99 2074 193 2123 λην·
224 2068 317 2112 ἀντὶ
347 2077 417 2111 τοῦ
448 2069 751 2124 εὐωχιάζειν
780 2068 1045 2127 (εὐωχεῖσθαι
1077 2071 1179 2124 PL).
1226 2071 1382 2125 εἴρηται
1421 2069 1465 2111 δὲ
1496 2068 1576 2112 απὸ
1608 2077 1690 2112 τῶν

98 2123 403 2195 ἆγροικικῶς
443 2127 780 2182 ὀρχουμένων.
823 2130 928 2170 Poll.
968 2132 1013 2179 6,
1047 2132 1100 2170 26
1144 2128 1208 2169 ἐπὶ
1246 2129 1291 2169 δὲ
1328 2129 1409 2169 τῶν
1444 2129 1689 2182 μεθυόντων

99 2185 240 2240 ἔλεγον
269 2183 313 2227 τὸ
343 2186 558 2240 μασχάλην
587 2186 740 2240 αἴρειν,
772 2183 828 2235 ὦς
858 2192 976 2227 τοῦτο
1006 2184 1138 2235 ε’θος
1124 2185 1172 2226 ὀν
1192 2190 1274 2235 τοῖς
1304 2186 1349 2227 ἐν
1371 2185 1501 2243 μέθη,
1534 2186 1596 2227 διὸ
1617 2185 1687 2227 καὶ

87 2243 271 2298 Όμηρον
301 2248 508 2305 προειπεῖν
538 2247 743 2297 (sequitur
774 2245 849 2286 od.
886 2247 951 2293 18,
986 2243 1101 2301 100).
1134 2247 1293 2286 omissis
1324 2247 1382 2286 eis
1414 2259 1516 2297 quae
1536 2247 1688 2286 nullius

99 2304 222 2354 pretii
242 2307 379 2344 essent
409 2317 455 2344 ea.
485 2305 668 2356 congessi
689 2317 790 2354 quae
818 2306 1071 2343 momentum
1092 2304 1222 2343 faeere
1251 2304 1507 2344 viderentur:
1540 2304 1688 2355 quibus

101 2362 344 2412 comparatis
382 2364 566 2402 constare
605 2363 768 2401 videtui
796 2359 1008 2413 μασχάλην
1038 2359 1170 2413 αἴρειν
1209 2362 1287 2401 dici
1323 2362 1462 2401 solitos
1503 2374 1589 2401 esse
1620 2375 1687 2401 eos

101 2419 172 2470 qui
201 2422 295 2470 post
324 2420 665 2470 compotationem
697 2419 907 2459 saltationi
937 2422 979 2459 et
1010 2432 1128 2459 omne
1158 2433 1287 2471 genus
1326 2419 1516 2458 lasciviae
1554 2419 1686 2458 indul-

101 2480 258 2528 gerent.
298 2490 459 2517 versum
497 2477 720 2517 Meinekius
759 2477 857 2517 fecit
895 2479 1053 2516 tetram.
1085 2478 1229 2524 trooh„
1262 2478 1433 2528 possunt
1463 2477 1585 2516 etiam
1614 2476 1686 2515 tri-

101 2535 220 2574 metri
250 2547 338 2574 esse
368 2530 424 2582 ὦς
454 2532 542 2574 ἄνω
569 2533 575 2589 Ι
601 2536 682 2574 κτλ.
715 2535 764 2574 de
794 2535 987 2586 Hesychii
1019 2535 1152 2575 verbis
1183 2535 1232 2576 cf.
1263 2534 1439 2573 Meinek.
1470 2533 1509 2572 V
1540 2535 1609 2574 23.

848 2658 934 2701 299

652 2735 676 2782 ὁ
708 2739 759 2782 δὲ
789 2737 890 2796 μετ’
922 2735 1142 2794 Εὐδήμου
1172 2736 1346 2793 τρέχων

407 2807 603 2865 κῶμυθα
633 2808 717 2865 τὴν
748 2807 914 2864 λοιπὴν
945 2808 1035 2863 ἔχει
1063 2809 1157 2849 τῶν
1187 2808 1389 2863 πρωίων.

219 2903 352 2943 Schol.
383 2904 549 2944 Theoer.
580 2904 620 2954 4,
645 2905 696 2943 18
727 2902 886 2954 κώμυς,
917 2899 943 2954 ἡ
974 2900 1100 2954 δέσμη
1130 2898 1219 2953 ἤτοι
1249 2893 1292 2941 τὸ
1322 2896 1544 2952 δεσμάτιον.
1576 2902 1684 2955 Κρα-

103 2963 211 3007 τῖνος
255 2957 278 2999 ὁ
317 2957 368 2999 δὲ
406 2961 490 2999 κτλ.
532 2961 652 3000 Phot.
690 2959 887 3012 κώμυθα·
925 2957 1052 3012 δέσμη
1083 2956 1238 3012 χόρτου.
1288 2961 1332 2999 111
1362 2960 1487 3000 schol.
1517 2960 1683 2999 Theoer.

1362 3025 1411 3060 7*
