1872 3224
185 140 272 184 534
718 150 722 157 ·
793 135 1179 170 ΑΡΙΣΤΟΦΑΝΟΤΣ

936 237 1022 280 559

988 304 1065 348 καὶ
1095 302 1178 347 τὸν
1209 303 1375 360 ἱμάντα
1403 318 1494 360 μου

396 379 547 431 ἔχουσι
580 376 654 419 καὶ
685 373 963 431 τάνάφορον.

305 462 466 501 Pollux
485 462 634 508 10,17
666 454 877 510 οἴνάφορον
906 451 1005 496 κατα
1046 450 1119 508 τὴν
1150 461 1231 495 τῶν
1260 456 1421 495 πολλῶν
1450 461 1593 508 χρῆσιν
1622 455 1687 508 εἴη
1716 471 1771 496 αν
1807 491 1810 493 Α

191 515 337 558 ταύτὸν
367 517 480 556 τοῦτο
514 515 573 567 (τὸ
613 511 895 567 σκευοφόριον)
937 512 1145 567 εἰρημένον
1183 511 1227 553 ἐν
1259 510 1572 582 Ἀριστοφάνους
1611 513 1769 553 Φοινίσ-

192 587 278 623 σαις
309 577 390 613 κτλ.
425 576 477 615 ef.
509 575 608 614 Ran.
643 576 681 613 8.
713 574 885 613 Bekker.
920 573 1071 612 Anecd.
1108 574 1171 621 10,
1205 573 1258 611 23
1296 568 1524 623 ἆνάφορον·
1557 568 1601 611 τὸ
1634 568 1770 622 ξυλον,

193 634 223 687 ᾠ
255 632 426 685 χρῶνται
457 632 498 671 οἵ
530 628 754 684 άχθοφόροι
792 627 891 683 πρὸς
932 628 1005 682 τὴν
1043 627 1217 682 κομιδὴν
1254 643 1336 668 των
1375 625 1771 681 ἆχθῶν.10(11111;111·

192 691 388 731 Xanthias
419 691 575 740 aliquis.

942 742 1028 785 560

399 810 519 862 εἰκὸς
549 811 606 867 δή
637 826 727 854 που
758 814 941 866 πρῶτον
971 809 1187 854 ἁπάντων

399 884 514 937 ἴφυα
545 882 689 961 φῦναι

400 948 477 992 καὶ
506 948 584 1000 τας
613 947 815 1005 κραναὰς
845 947 1095 1005 ἀκαλήφας.

308 1035 536 1073 Athenaeus
568 1035 616 1083 3,
650 1034 736 1072 90a
770 1029 1061 1096 Ἀριστοφάνης
1100 1029 1145 1071 ἐν
1180 1032 1418 1079 Φοινίσσαις
1457 1028 1585 1079 οὕτως
1621 991 1702 1071 κτλ.
1735 1033 1774 1081 2,

195 1092 283 1131 62(1
318 1088 613 1158 Ἀριστοφάνης
658 1089 912 1137 Φοινίσσαις·
952 1089 1110 1140 πρῶτον
1147 1091 1229 1131 κτλ.
1289 1090 1460 1129 Bekker.
1492 1089 1646 1130 Anecd.
1677 1091 1774 1138 370,

195 1150 250 1189 20
279 1151 320 1188 et
367 1148 510 1187 Suidas
555 1143 745 1198 ἀκαλήφη
785 1177 793 1185 .
817 1177 825 1185 .
895 1143 1189 1199 Ἀριστοφάνης
1231 1146 1488 1194 Φοινίσσαις·
1537 1143 1647 1194 είκὸς
1691 1148 1776 1187 κτλ.

195 1206 327 1245 Schol.
358 1205 481 1255 Vesp.
513 1206 596 1243 884
629 1202 702 1255 τὴν
731 1179 952 1256 ἀκαλήφην
980 1203 1256 1256 μεταφορικῶς
1289 1198 1332 1242 τὸ
1369 1201 1494 1256 τραχὺ
1530 1202 1599 1243 καὶ
1636 1203 1773 1256 δηκτι-

194 1258 291 1312 κόν,
322 1277 376 1313 ην
416 1260 484 1300 καὶ
525 1256 724 1313 (κραναὴν
770 1263 860 1302 add.
901 1262 952 1301 H.
984 1259 1139 1315 Iacobi)
1184 1257 1404 1312 άκαλήφην
1444 1258 1638 1313 λέγεσθαί
1677 1270 1776 1326 φησι

195 1318 360 1371 Κράτης
399 1318 648 1366 Φοινίσσαις.
691 1334 727 1359 v.
760 1321 784 1358 3
823 1320 944 1359 etiam
983 1319 1111 1359 Cram.
1151 1320 1228 1359 An.
1260 1319 1388 1359 Paris.
1420 1318 1504 1358 IIII
1545 1320 1639 1360 104.
1671 1311 1775 1367 εἰκὸς

195 1374 245 1429 δή
277 1390 356 1416 που
393 1377 519 1418 Bekk.
553 1380 631 1416 An.
671 1375 803 1430 Suid.]
838 1374 898 1427 ἔχε
929 1374 997 1415 τὸν
1029 1377 1177 1416 Athen.
1210 1378 1253 1424 3,
1288 1377 1354 1418 90.
1390 1380 1551 1427 πρῶτον
1584 1371 1777 1416 ἁπάντων

199 1432 330 1487 Suid.]
365 1438 525 1485 πρωτον
553 1432 721 1472 πάντων
740 1434 890 1474 Athen.
913 1435 1140 1484 utrubique
1172 1433 1329 1485 πρῶτον
1349 1433 1473 1475 Bekk.
1496 1434 1648 1473 Anecd.
1671 1431 1776 1484 ἴφυα

196 1489 362 1543 Athen]
386 1486 472 1540 φύα
498 1492 583 1530 οο(1.
607 1491 735 1530 Bekk.
761 1491 874 1530 Suid.
917 1487 1053 1540 ἀφύας
1085 1491 1290 1530 Bekkerus
1321 1491 1532 1530 immemor
1561 1491 1774 1531 Athenaei.

197 1547 262 1587 καὶ
285 1549 412 1589 Bekk.
436 1549 512 1587 An.
538 1547 670 1600 Suid.]
696 1542 779 1587 εἶθ’
813 1546 904 1599 ἑξῆς
928 1549 1158 1588 Athenaeus
1179 1548 1409 1598 utrubique.
1471 1546 1577 1596 ἴφυα
1607 1560 1777 1588 comme-

196 1608 327 1646 morat
343 1606 464 1644 etiam
482 1605 641 1646 Thesm.
659 1606 755 1647 910.
773 1606 824 1644 cf.
841 1606 1042 1656 Theophr.
1064 1606 1118 1644 H.
1135 1606 1190 1656 pl.
1211 1607 1248 1654 6,
1269 1608 1306 1653 6,
1329 1607 1391 1645 11.
1415 1607 1452 1653 6,
1473 1607 1511 1655 8,
1529 1607 1567 1645 3.
1595 1607 1632 1655 7,
1652 1607 1716 1654 13,
1735 1607 1774 1645 7.

199 1666 240 1703 et
269 1676 368 1714 quae
401 1662 667 1702 Schneiderus
699 1663 924 1713 disputavit
952 1662 1015 1701 III
1046 1663 1141 1705 520.

949 1762 1030 1805 561

406 1832 562 1886 στίλβη
593 1829 643 1872 θ’
675 1829 704 1886 ἣ
735 1828 848 1873 κατὰ
879 1830 1025 1873 νύκτα
1054 1845 1130 1886 μοι

405 1897 540 1954 φλόγ’
574 1896 879 1955 ἀνασειράζεις
911 1896 986 1942 ἐπὶ
1015 1900 1078 1955 τῷ

407 1969 611 2024 λυχνείῳ.

315 2051 461 2089 Pollux
495 2052 562 2099 10,
597 2053 676 2090 119
705 2046 1018 2102 Ἀριστοφάνους
1050 2047 1089 2089 δ’
1123 2049 1168 2090 ἐν
1197 2054 1283 2098 ταῖς
1321 2050 1554 2099 Φοινίσσαις
1595 2049 1776 2100 εἰπόντος

201 2106 340 2158 στίλβη
371 2107 470 2154 κτλ,
502 2103 576 2145 οὐκ
605 2103 760 2157 άφανὲς
792 2105 853 2146 ὅτι
882 2106 950 2147 καὶ
987 2104 1011 2159 ἡ
1053 2107 1203 2160 στίλβη
1229 2104 1377 2159 λύχνου
1417 2123 1454 2148 τι
1491 2103 1621 2156 εἶδος.
1668 2108 1776 2159 εφλο-

199 2163 326 2216 γάνας
371 2159 528 2215 ηράζεις
575 2166 639 2203 vel
680 2163 807 2217 φλόγα
852 2162 938 2215 ήξει
978 2166 1153 2206 codices:
1202 2169 1423 2206 correctum
1467 2167 1510 2205 in
1548 2166 1776 2206 Vossiano’.

200 2222 370 2261 Bekker.
402 2220 569 2274 λυχνείῳ
598 2220 805 2274 Dindorf.]
839 2221 997 2275 λυχνίῳ.
1043 2236 1164 2273 quam
1203 2224 1508 2263 similitudinem
1546 2223 1778 2264 Dindorfius

201 2278 476 2330 Bergkiusque
508 2279 722 2318 inveniunt
750 2279 867 2318 huius
898 2279 1117 2330 fragmenti
1155 2293 1244 2319 eum
1274 2281 1412 2342 Eurip.
1444 2279 1593 2322 Phoen.
1625 2282 1705 2320 229
1716 2293 1776 2331 sq.

201 2334 294 2374 οι’να
324 2331 387 2385 θ’,
418 2331 448 2373 ἁ
475 2332 725 2386 καθαμέριον
754 2333 905 2382 στάζεις
937 2333 1006 2374 τὸν
1044 2327 1304 2402 πολύκαρπον
1343 2332 1540 2384 οἰνάνθας
1578 2337 1681 2376 ἱεῖσα
1710 2335 1776 2389 βό·
1834 2376 1836 2378 .

202 2407 313 2444 τρυν,
345 2406 431 2431 eam
463 2405 538 2442 ego
569 2393 729 2443 quidem
777 2406 858 2432 non
896 2394 1023 2444 magis
1061 2395 1261 2444 perspicio
1305 2407 1425 2444 quam
1471 2407 1571 2444 quae
1617 2393 1777 2434 Geelius

202 2464 241 2500 p.
276 2451 357 2489 104
387 2450 437 2488 ad
468 2462 534 2488 eos
565 2463 703 2488 versus
734 2450 955 2489 adnotavit.
1016 2453 1200 2501 excerpta
1228 2451 1324 2490 haec
1355 2454 1449 2491 sunt
1469 2464 1517 2490 ex
1538 2452 1693 2491 cantico
1725 2451 1776 2490 ad

202 2507 413 2602 ἕοηοῗξὲ
444 2507 650 2557 Euripidis
681 2507 914 2546 inridendas
945 2520 993 2546 ex
1022 2508 1143 2547 variis
1174 2509 1411 2547 centonibus
1442 2508 1678 2558 composito.
1723 2509 1774 2548 of.

239 2576 301 2604 an.
420 2566 440 2601 1
460 2576 519 2614 sq.

951 2617 1037 2661 562

408 2673 731 2730 θεατροπῶλης

207 2815 244 2862 7
307 2753 373 2852 ἐξ
397 2759 483 2803 ταῖς
513 2753 826 2821 ’ᾼριστοφάνους
851 2756 1119 2806 Φοινίσσαις.
1140 2754 1190 2800 ,ὃ
1213 2754 1319 2798 θέαν
1346 2754 1601 2809 ἆπομισθῶν.
1631 2759 1775 2800 Pollux

281 2816 299 2851 l
