1872 3224
234 196 312 237 118
878 180 1129 218 ΚΡΑΤΙΝΟΤ

965 284 1046 326 371

435 371 594 427 ἰσχάδα
625 368 796 423 κοπτήν

344 469 443 507 Poll.
477 468 513 513 6,
545 466 598 505 81
629 460 816 511 παλᾶσια,
845 457 876 499 ἅ
903 458 970 499 καὶ
1001 460 1198 510 Κρατῖνος
1229 451 1373 506 ἰσχάδα
1410 445 1564 504 κοπτὴν
1597 452 1723 492 καλεῖ.
1756 453 1797 504 1,

236 527 314 564 242
346 524 386 564 οἰ
410 522 453 562 δὲ
483 518 664 576 κωμῳδοὶ
692 517 759 558 καὶ
789 515 931 570 ἰσχάδα
962 513 1114 568 κοπτὴν
1143 511 1339 568 λέγουσιν.

970 639 1054 683 372

439 725 574 781 ἐρίων
604 723 809 778 πιναρῶν
839 719 983 764 πόκον

348 822 556 873 Κρατῖνος.
587 818 690 858 Pon.
721 819 758 867 7,
792 818 859 857 28.

978 938 1062 982 373

440 997 564 1053 ἅγιος

352 1090 373 1132 ὁ
403 1091 553 1145 μιαρός,
583 1088 661 1131 ἀπὸ
692 1091 759 1131 τοῦ
789 1090 925 1145 ἄγους,
957 1087 1012 1138 ὡς
1043 1092 1251 1141 Κρατῖνος.
1285 1088 1409 1128 Bekk.
1441 1086 1593 1127 Anecd.
1617 1087 1712 1136 337,
1738 1087 1804 1135 16,

243 1153 396 1191 Ruhnk.
427 1151 525 1189 Tim.
558 1152 608 1189 13
641 1147 798 1201 Κράτης
834 1163 905 1200 pro
948 1150 1158 1201 Κρατῖνος.
1218 1147 1350 1186 Plaut.
1384 1144 1559 1185 Mostell.
1590 1144 1638 1195 4,
1670 1145 1716 1192 2,
1750 1144 1804 1185 68

241 1221 374 1250 servus
401 1209 632 1249 sacerrimus
662 1203 871 1261 (Runkel).

443 1374 663 1431 ἀγροβόας
692 1373 807 1432 ἀνήρ
979 1317 1065 1360 374

354 1468 375 1510 ὁ
404 1467 594 1522 ἀγροίκως
624 1468 896 1522 φθεγγόμενος
931 1499 973 1510 ..
997 1503 1005 1511 .
1038 1466 1142 1508 οὕτω
1181 1470 1395 1520 Κρατῖνος.
1446 1467 1621 1508 Bekkor.
1654 1465 1806 1507 Anecd.

245 1531 337 1577 339,
370 1530 424 1568 30
453 1530 493 1567 et
522 1529 605 1567 sine
635 1531 773 1578 poetae
810 1528 968 1567 nomine
1005 1529 1066 1575 17,
1104 1528 1137 1567 1.
1176 1526 1336 1566 videtur
1374 1525 1584 1565 dochmius
1620 1537 1727 1574 esso,
1762 1525 1811 1565 ut

251 1586 453 1636 Aristoph.
485 1585 584 1624 Aah.
618 1587 701 1625 570
730 1583 957 1636 τειχομάχας
987 1579 1101 1636 ἆνήρ.

982 1707 1067 1750 375

448 1761 618 1818 azyme-cg

359 1859 590 1909 Harpocrat.
622 1852 702 1897 εἶεν
731 1855 770 1897 δ’
803 1855 856 1897 ἂν
882 1859 923 1898 οἵ
946 1857 1052 1911 παρὰ
1083 1861 1164 1907 τοῖς
1190 1854 1380 1906 Ἀττικοῖς
1417 1855 1622 1911 λεγόμενοι
1657 1852 1812 1911 ἆγυιεῖς

251 1916 291 1955 οἱ
316 1913 391 1968 πρὸ
420 1920 500 1954 τῶν
528 1914 666 1954 οἰκιῶν
693 1915 832 1968 βωμοί,
863 1913 917 1964 ὥς
948 1926 1048 1967 φασι
1077 1917 1275 1970 Κρατῖνος
1304 1914 1372 1956 καὶ
1406 1912 1660 1968 Μένανδρος.

987 2039 1071 2082 376

449 2093 665 2137 Ἀδεόνιον

362 2188 527 2227 Bekker.
559 2189 705 2229 Aneed.
735 2191 830 2239 346,
866 2195 883 2229 1
919 2182 1127 2238 Ἀδώνιος·
1176 2189 1430 2244 Φερεκράτης
1461 2222 1471 2232 .
1502 2222 1512 2233 .
1542 2221 1551 2231 .
1595 2187 1699 2243 λέγει
1741 2187 1816 2242 τὴν

251 2242 470 2296 αἰτιατικὴν
496 2241 699 2286 Ἀδώνιον.
746 2245 848 2286 οὕτω
880 2244 922 2286 δὲ
951 2246 1018 2287 καὶ
1048 2280 1056 2289 .
1081 2279 1089 2288 .
1113 2278 1122 2288 .
1153 2251 1366 2301 Κρατῖνος.
1426 2248 1565 2289 Cobet.
1597 2248 1747 2288 Mnem.
1777 2247 1815 2286 V

252 2303 332 2341 202
361 2297 530 2349 ’Λδῶνος
569 2300 784 2357 (Ἅδωνος)
821 2304 986 2357 Φερεκρ.
1031 2337 1038 2345 .
1079 2335 1087 2344 .
1126 2337 1137 2348 .
1176 2302 1251 2356 τὴν
1292 2303 1519 2358 αἰτιατικὴν
1554 2302 1625 2345 τὸν
1657 2300 1816 2344 ’Addume

252 2354 457 2413 (Ἅδωνα).
517 2373 561 2399 ac
596 2361 778 2400 similiter
813 2363 892 2401 iam
929 2363 1151 2403 Meinekius
1187 2364 1228 2403 II
1267 2364 1365 2403 694.
1427 2363 1600 2414 Hesyoh.
1633 2359 1814 2402 ηΑδοονοι·

246 2413 427 2454 Ἄδωνιν.
458 2415 662 2457 Adoneum
691 2418 820 2458 Plaut.
852 2420 1096 2459 Menaechm.
1131 2423 1167 2469 1,
1200 2422 1238 2470 2,
1271 2422 1325 2460 35
1358 2417 1503 2474 (147);
1544 2420 1614 2461 sed
1643 2419 1686 2459 id
1715 2418 1817 2461 nihil

253 2473 443 2511 momenti
472 2486 556 2513 esse
587 2475 636 2513 ad
671 2474 877 2515 Cratinum
897 2477 977 2515 iam
997 2477 1220 2518 Meinekius
1242 2477 1537 2518 animadvertit.
1559 2477 1611 2518 cf.
1632 2476 1816 2518 Phoraua-2

257 2530 348 2570 198.
378 2529 582 2580 Aristoph.
614 2531 664 2570 fr.
696 2533 792 2571 737.
821 2533 924 2573 Plat.
955 2534 995 2572 4.

992 2656 1075 2699 377

458 2710 587 2763 αἴγλη

352 2857 360 2865 0
368 2798 482 2851 βόλος
512 2802 756 2852 κυβευτικός.
780 2801 1008 2856 λαμπηδών.
1031 2802 1146 2858 αὐγή.
1171 2808 1384 2860 Κρατῖνος.
1413 2807 1570 2849 Suidas.
1592 2821 1673 2860 qua
1693 2807 1820 2862 signi·

258 2856 439 2898 ficanone
470 2857 654 2900 Cratinus
684 2874 777 2902 usus
807 2864 861 2902 sit
888 2875 970 2903 non
999 2863 1138 2915 liquet.
1849 2864 1853 2867 ⁵
