1872 3224
79 177 164 188 xv

629 209 823 245 ΜοΤΣΑῐ
848 229 890 234 —
918 212 1136 247 ΣΑΤΤΡΟΙ
1551 216 1553 219 ’
1580 219 1661 262 381

74 291 188 379 ³1⁸0?
233 311 455 378 Biekkerus.
518 313 646 352 eidem
692 317 788 354 sunt
816 317 885 367 qui
929 310 1149 371 αὖτόπυροι
1188 320 1385 361 dicuntur.
1460 327 1665 375 praeterea

51 378 66 429 ζ
86 369 312 411 Momokms
342 370 500 411 confert
531 370 649 411 Phot.
681 374 847 413 λιπῶσι·
879 375 1074 428 λιπαροῖσι
1106 374 1304 431 (λιπαροῖς
1336 378 1543 435 Meinek.).

860 488 915 530 39

294 563 452 621 ὥσπερ
486 565 597 621 ἐμὸν
629 563 766 622 αὐτῆς
798 568 917 610 ἴδιον

28 666 39 702 g
201 648 434 689 Priscianus
477 651 548 699 17,
589 651 669 690 126
709 652 811 700 quod
848 654 995 692 mirum
1032 657 1104 705 est,
1141 654 1210 694 hoc
1238 657 1367 704 ipsum
1395 655 1513 710 ἴδιον,
1544 657 1662 699 etiwm

19 743 27 758 ,
55 708 238 758 primae
266 711 302 748 et
329 709 523 748 semdae
553 709 786 760 adiunyitwr
825 722 1014 759 personae
1050 713 1158 761 apud
1193 713 1299 764 illos,
1335 718 1379 754 ut
1411 745 1419 754 .
1444 745 1452 754 .
1478 746 1486 754 .
1518 717 1662 757 Phroe-

84 765 226 806 niellus
257 764 523 818 Ποαστρίαις·
558 763 693 819 ὥσπερ
725 764 821 817 ἐμὸν
841 763 965 820 αὐτῆς
997 766 1116 807 ἴδιον.
1155 765 1279 821 αὐτῆς
1310 771 1354 823 d]
1388 782 1536 815 AITHC
1567 774 1660 813 MD.

81 820 209 877 ἴδιον]
243 833 361 867 ΔΙΟΝ
392 824 441 863 R.
474 825 636 864 videtur
665 826 811 865 mulier
839 826 1006 877 gloriari
1035 827 1141 877 quod
1179 829 1408 880 privignum
1437 842 1515 869 non
1547 831 1662 870 aliter

28 899 35 929 -;
85 884 206 933 atque
238 881 368 922 filium
399 885 524 922 curet.

8 1006 26 1036 ‘t
860 996 918 1039 40

0 1056 40 1144 ξ
294 1074 446 1119 κύλικ’
479 1075 726 1133 ἀρύστιχον

0 1156 14 1261 ἓ
201 1158 404 1213 Φρύνιχος
437 1159 697 1214 Ποαστρίαις.
729 1162 875 1201 Athen.
910 1164 974 1212 10,
1006 1162 1130 1201 4240.

0 1265 30 1317 ’ῑε
859 1274 914 1316 41

201 1358 335 1400 Schol.
354 1358 520 1398 Lucian.
542 1372 583 1409 p.
609 1359 686 1398 186
709 1357 786 1397 Iac.
819 1356 1042 1405 Μειδίας
1072 1353 1338 1410 ὀρτυγοκόπος
1368 1351 1435 1408 ἦν,
1457 1354 1512 1405 ὡς
1546 1356 1657 1397 Πλά-

0 1415 2 1418 ’
85 1430 167 1455 των
197 1411 430 1469 Περιάλγει·
465 1414 534 1455 καὶ
564 1413 618 1464 ὡς
649 1412 871 1468 πονηρὸν
911 1413 956 1454 δὲ
985 1413 1052 1454 καὶ
1089 1410 1303 1467 κόβαλον
1340 1413 1406 1454 καὶ
1444 1415 1539 1454 τῶν
1577 1415 1662 1467 δη-

84 1472 277 1526 μοσίων
317 1471 596 1525 νοσφιστὴν
633 1471 833 1525 Φρύνιχος
874 1471 941 1512 καὶ
971 1471 1144 1512 Πλάτων
1175 1468 1468 1525 διαβάλλουσιν.
1529 1473 1660 1514 Schol.

85 1532 292 1584 Aristoph.
324 1532 403 1573 Av.
452 1533 560 1572 1297
606 1531 723 1583 δηλοῖ
754 1527 799 1569 δὲ
837 1535 952 1570 τοῦτο
994 1527 1282 1582 Ἀριστοφάνης
1321 1528 1532 1583 Περιάλγει
1565 1561 1574 1569 .
1607 1560 1616 1570 .
1650 1560 1659 1568 .

85 1587 187 1643 λέγει
217 1588 262 1629 δὲ
293 1587 338 1629 ἐν
369 1588 615 1642 Ποαστρίαις
645 1586 666 1627 ὁ
704 1584 825 1636 αὐτὸς
856 1585 911 1636 ὥς
950 1586 1017 1628 καὶ
1055 1586 1166 1641 περὶ
1202 1584 1472 1640 άλέκτορας
1511 1583 1664 1626 αὐτοῦ

85 1644 306 1702 (Μειδίου)
350 1644 739 1694 ἐσπουδακότος.
799 1647 1018 1698 Phryniohi
1054 1659 1199 1686 nomen
1236 1659 1308 1696 pro
1339 1641 1360 1684 ὁ
1389 1640 1508 1692 αὐτός
1545 1646 1662 1685 resti-

84 1705 282 1746 tuendum
312 1719 399 1746 esse
438 1706 660 1746 arbitratur
695 1705 939 1754 Meinekius,
980 1704 1278 1755 transponenda.
1314 1703 1436 1743 verba
1470 1699 1571 1755 λέγει
1609 1725 1663 1730 -

85 1760 385 1812 ἐσπουδακότος
415 1766 510 1815 post
534 1758 735 1816 Φρύνιχος
767 1759 811 1801 ἐν
836 1758 1029 1815 Ἐφιάλτῃ
1051 1759 1117 1814 (fr.
1140 1758 1186 1814 4)
1207 1760 1450 1800 Dindorfius.

857 1874 914 1915 42

202 1961 470 2012 Harpocratio
503 1960 571 2010 75,
604 1959 656 1997 23
695 1955 755 1996 ὅτι
794 1954 837 1996 δὲ
874 1954 938 1996 ἐπὶ
973 1953 1123 2002 παντὸς
1160 1959 1231 1994 τοῦ
1269 1951 1311 1993 ἐκ
1342 1959 1422 1993 τῶν
1451 1952 1566 1993 ἰδίων
1597 1950 1658 1991 ἔκ-

85 2016 333 2072 βαλλομένου
363 2016 539 2056 τάττεται
570 2009 744 2067 τοῦνομα
774 2011 1034 2069 (ἐξούλης),
1058 2010 1125 2051 καὶ
1145 2008 1215 2063 οὐχ
1239 2008 1293 2059 ὡς
1313 2010 1436 2050 οἴεται
1456 2009 1660 2057 Καικίλιος

85 2074 224 2128 μόνων
252 2080 335 2114 τῶν
365 2073 408 2115 ἐκ
438 2072 656 2125 καταδίκης
694 2065 957 2123 ὀφειλόντων,
994 2068 1062 2109 καὶ
1097 2068 1297 2123 Φρύνιχος
1336 2066 1380 2107 ἑν
1419 2067 1661 2120 Ποαστρίαις

86 2133 212 2186 δῆλον
240 2135 357 2172 ποιεῖ.
398 2133 531 2172 adfert
566 2131 617 2170 H.
650 2130 788 2170 Iacobi
825 2128 996 2169 Aristid.
1028 2129 1081 2167 45
1112 2141 1152 2179 p.
1188 2128 1265 2167 167
1299 2125 1398 2178 (133
1430 2125 1567 2176 Dind.)
1601 2123 1658 2163 δέ·

85 2191 202 2231 δοικα
234 2223 242 2232 .
266 2221 275 2230 .
301 2220 310 2230 .
341 2187 395 2242 μὴ
427 2187 498 2230 καὶ
535 2191 623 2236 ταῖς
667 2184 838 2241 γραυσὶν
878 2182 985 2238 ἡμᾶς
1025 2181 1184 2236 ἐξούλης
1224 2179 1364 2234 ὀφλεῖν
1401 2180 1663 2221 ἐπισκώπτων

86 2254 236 2306 φῇιτις
266 2244 370 2301 άνήρ
400 2243 587 2298 κωμικός.
621 2247 672 2286 cf.
700 2245 873 2286 Boeckh.
899 2239 1068 2284 Οειοοιι.2
1088 2243 1108 2281 Ι
1128 2243 1224 2281 496.
1256 2242 1380 2280 Meier
1409 2242 1449 2279 et
1480 2240 1659 2279 Sohoem.

85 2309 172 2347 Att.
207 2308 323 2348 Proe.
358 2307 453 2346 748.

295 2481 643 2533 χοιροτροφεῖον
858 2414 914 2457 43

204 2559 248 2601 ἐν
278 2554 313 2615 ᾤ’
342 2563 467 2613 χοῖροι
496 2555 722 2611 τρέφονται,
752 2552 807 2603 ὥς
830 2590 838 2598 .
864 2585 874 2595 .
899 2585 909 2594 .
932 2551 1131 2605 Φρύνιχος
1162 2549 1206 2590 ἐν
1227 2548 1481 2602 Ποαστρίαις.
1515 2549 1658 2589 Pollux

90 2621 156 2669 10,
190 2621 287 2659 159.
319 2619 369 2659 cf.
401 2618 548 2669 Eupol.
579 2617 676 2656 453.

776 2737 991 2772 ΣΑΤΤΡΟΙ

861 2829 918 2871 44

204 2919 458 2972 Phrynichus
489 2917 600 2970 Epir.
634 2916 715 2955 266
747 2909 1040 2966 εὐαγγελίζομαι
1071 2931 1121 2937 -
1155 2902 1323 2959 εὑρίσκω
1361 2900 1460 2944 κατὰ
1499 2899 1662 2952 δοτικὴν
