1872 3224
198 196 283 239 496
789 195 1177 231 ΑΡΙΣΤΟΦΑΝΟΤΣ

200 303 261 342 his
293 299 408 354 (post
446 298 697 352 διαχωρημα)
737 301 824 339 cod.
856 300 961 339 Flor.
1000 301 1148 340 Milleri
1190 300 1414 353 (Melanges
1446 303 1542 343 224.
1575 300 1622 356 5)
1664 303 1779 343 addit

201 357 245 398 ἐν
265 356 310 397 δὲ
325 355 503 397 Ὁλκάσι·
537 353 773 408 βαβελάκων
792 358 872 395 κτλ.
904 357 1043 409 βαβαί,
1074 355 1232 397 Λάκων
1251 359 1446 399 Millerus.
1477 355 1595 410 ἡμῶν
1615 359 1777 400 Wilam.

202 416 297 455 obs.
320 417 408 457 erit
431 413 502 467 20]
525 410 654 465 ὑμῶν.
686 412 783 465 πρὶν
801 407 856 465 ἦν
875 414 1013 456 Dindf.
1034 415 1135 454 Poet
1152 415 1273 455 seen.5
1291 429 1330 466 p.
1352 415 1467 469 XIV]
1499 414 1639 469 πρινὴ.
1686 429 1777 457 con-

200 474 381 523 loquitur
410 472 670 511 Atheniensis
700 484 791 510 eum
817 471 1134 512 Lacedaemonio
1164 473 1213 512 de
1242 474 1506 524 utrorumque
1534 475 1654 516 rebus
1684 477 1778 516 anto

199 543 335 580 pacem
367 529 630 579 compositam
661 529 835 568 sordidis
866 542 910 568 ac
941 529 1135 570 molestis.

950 640 1033 683 401

405 718 457 762 ἰω
490 719 795 775 Λακεδαῖμον,
827 720 874 762 τί
899 718 989 776 ἄρα
1018 721 1165 764 πείσει
1195 719 1388 777 τήμερα;

317 804 589 843 Sch01.Nub.
632 803 725 843 Ald.
765 804 847 843 699
885 801 1053 856 τήμερα·
1092 801 1161 843 καὶ
1197 800 1242 843 ἕν
1274 800 1466 844 Ὁλκάσιν
1501 806 1584 846 κτλ.
1644 804 1778 847 Schol-

201 862 363 901 Homer.
396 861 445 900 11.
478 862 519 912 3,
556 862 634 900 182
674 858 720 899 τὰ
758 857 893 912 μέντοι
928 858 1036 912 παρὰ
1073 853 1116 899 τὸ
1153 875 1262 914 φρην
1297 858 1567 914 συντιθέμενα
1605 854 1780 913 ἐφύλαξε

201 917 270 957 τὸν
299 913 428 966 τόνον,
471 891 705 985 Λυκόφρον,
736 916 925 970 δαΐφρον.
955 914 1058 957 ὅθεν
1087 917 1306 970 σημειῶδες
1345 915 1475 959 ἐκεῖνο
1512 916 1614 959 κατὰ
1650 922 1779 970 κλητι-

200 974 279 1027 κὴν
308 973 356 1015 ἰώ
394 974 655 1027 Λακεδαῖμον
682 969 972 1041 Ἀριστοφάνης
1003 971 1205 1015 Ὁλκάσιν.
1267 977 1319 1016 of.
1351 977 1401 1016 fr.
1434 978 1530 1017 296.
1560 977 1779 1018 Herodian.

202 1033 241 1072 II
262 1033 417 1082 4Ο,12.
477 1034 510 1072 si
546 1033 665 1072 etiam
696 1034 738 1072 in
769 1033 1016 1073 Holcadibus
1045 1033 1080 1073 is
1111 1047 1249 1073 versus
1280 1034 1507 1085 legebatur,
1544 1047 1626 1075 non
1657 1035 1782 1075 credi-

202 1091 326 1129 derim
359 1087 545 1141 Πόλεμον
573 1090 699 1140 loqui.
729 1103 823 1129 nam
853 1090 926 1130 tali
955 1103 1120 1131 scaenae
1149 1091 1278 1141 qualis
1308 1093 1370 1131 est
1408 1092 1450 1131 in
1479 1090 1581 1132 Pace
1610 1105 1692 1132 non
1722 1093 1780 1132 vi-

203 1148 320 1186 detur
348 1147 460 1187 locus
489 1160 577 1187 esse
608 1148 650 1186 in
680 1143 940 1187 Holoadibus.

950 1269 1037 1313 402

1043 1347 1147 1393 ἀλλ’
1181 1350 1346 1407 ἱμάντα
1375 1366 1452 1407 μοι

408 1417 487 1470 δός
516 1418 592 1462 καὶ
622 1418 837 1475 ζμινύην·
870 1416 958 1474 ἐγώ
989 1417 1076 1474 γὰρ
1109 1414 1197 1474 εἶμ’
1232 1417 1307 1462 ἐπὶ
1337 1418 1466 1471 ξύλα.

316 1502 554 1543 Eusssathius
586 1503 683 1552 217,
715 1504 768 1543 29
808 1500 950 1549 Αἴλιος
991 1500 1208 1550 Διονύσιός
1246 1514 1375 1555 φησιν
1410 1500 1471 1542 ὅτι
1503 1534 1512 1544 .
1535 1536 1546 1547 .
1571 1534 1580 1544 .
1611 1501 1679 1544 καὶ
1707 1500 1783 1557 τὴν

202 1558 376 1611 ζμινύην
401 1556 692 1613 (λέγουσιν)..
720 1556 887 1628 ,φέρων
915 1557 983 1599 καὶ
1012 1564 1155 1612 χρῆσιν
1171 1555 1488 1611 Ἀριστοφάνους
1514 1559 1668 1631 ταύτην
1697 1563 1781 1601 κτλ.

202 1618 348 1657 Pollux
373 1618 543 1665 10,173
565 1615 689 1667 φαίης
721 1611 760 1655 δ’
793 1631 847 1656 αν
876 1610 964 1656 κατ’
996 1613 1288 1669 Ἀριστοφάνην
1316 1615 1478 1670 λέγοντα
1509 1615 1562 1658 ἐν
1586 1613 1782 1658 Ὁλκάσι

201 1672 270 1713 καὶ
298 1670 519 1720 παττάλους
549 1669 755 1727 ε’γκρούειν
783 1672 851 1713 καὶ
881 1672 1080 1714 σκύταλον
1108 1670 1358 1727 ὖποσίδηρον
1385 1673 1454 1714 καὶ
1493 1673 1665 1727 σμινύας
1705 1672 1782 1730 (sic

203 1732 350 1783 Bergk.
382 1744 457 1782 pro
488 1728 719 1785 σμινύδας).
764 1732 871 1771 idem
903 1733 1062 1782 7,148
1093 1729 1168 1783 τὴν
1205 1728 1250 1771 δὲ
1287 1730 1464 1784 σμινύην
1502 1730 1693 1784 σμινυδ
1703 1746 1784 1772 ιον

200 1785 488 1840 Ἀριστοφάνης
517 1789 640 1829 καλεῖ.
699 1789 805 1828 unde
842 1791 952 1829 recte
989 1790 1124 1829 omnia
1161 1789 1213 1828 ad
1248 1789 1446 1830 Holeadas
1483 1791 1688 1831 rettulisse
1724 1791 1782 1831 vi-

203 1847 324 1886 detur
353 1846 565 1898 Bergkius.
596 1847 776 1897 loquitur
806 1847 981 1887 rusticus
1011 1847 1079 1886 ille
1119 1846 1169 1886 de
1205 1859 1285 1897 quo
1324 1859 1446 1898 supra
1475 1847 1571 1887 dixi.
1601 1848 1654 1888 ef.
1685 1848 1782 1890 403.

952 1981 1038 2024 403

412 2057 509 2103 ἐπεὶ
540 2055 584 2102 δ’
618 2058 844 2116 ἐγενόμην
874 2054 1006 2115 οἷπερ
1037 2055 1087 2118 ᾗ’
1122 2060 1197 2104 ἐπὶ
1227 2059 1353 2113 ξύλα.

320 2143 487 2183 Photius
525 2136 599 2208 ᾖα·
642 2139 912 2195 δισυλλάβως,
951 2137 994 2182 τὸ
1040 2140 1307 2215 ἐπορευόμην,
1346 2154 1424 2184 συν
1461 2148 1516 2199 τῷ
1545 2157 1560 2181 ι
1587 2140 1782 2197 γράφεται

207 2231 216 2239 .
249 2230 259 2240 .
291 2232 299 2240 .
338 2182 628 2251 Ἀριστοφάνης
661 2196 848 2240 Ὁλκάσιν
883 2202 966 2244 κτλ.
1006 2201 1058 2241 cf
1098 2201 1241 2242 Suidas
1279 2196 1332 2256 ᾖα
1371 2204 1413 2241 et
1449 2200 1626 2241 Gramm.
1657 2200 1780 2242 Coisl.

207 2257 437 2297 Montefalc.
478 2271 519 2308 p.
552 2258 650 2296 234.
699 2251 812 2308 οἷπερ
849 2251 892 2312 ᾗ’
933 2255 998 2296 ἐπι
1034 2254 1131 2306 ξύλα
1168 2257 1301 2312 Pors.]
1339 2258 1494 2311 οἷπερηι
1537 2254 1612 2309 (ἤῖ’
1647 2257 1780 2311 Suid.)

212 2311 376 2363 ἕπιξύλα
407 2314 492 2354 cod.
524 2314 642 2354 Phot.
674 2315 776 2354 male
807 2315 986 2366 Toupius
1015 2315 1056 2354 II
1087 2316 1141 2354 85
1173 2314 1272 2364 ξύλα
1308 2316 1442 2364 forum
1477 2317 1693 2365 uynariwn
1721 2316 1780 2355 in·

206 2372 526 2422 terpretabatur3
549 2373 637 2410 tum
657 2372 764 2410 enim
785 2372 999 2412 dicendum
1020 2374 1106 2411 erat
1125 2371 1182 2420 εἰς
1203 2370 1250 2411 τὰ
1271 2373 1305 2422 ξ.
1340 2395 1389 2402 -
1413 2372 1623 2424 lignatum
1642 2373 1781 2412 iboem’.

208 2429 334 2468 Thuc.
365 2429 405 2478 4,
439 2429 492 2468 13
523 2425 587 2467 ἐπὶ
617 2424 714 2477 ξύλα
745 2425 784 2476 ἐς
814 2425 998 2480 μηχανὰς
1026 2426 1298 2481 παρέπεμψαν
1326 2434 1408 2469 τῶν
1449 2433 1553 2470 νειὸν
1589 2443 1701 2476 τινας
1739 2426 1780 2476 ἐς

204 2482 382 2537 Ἀσίνην.
441 2486 627 2536 loquitur
655 2487 842 2526 rusticus.

951 2597 1038 2641 404

414 2676 569 2732 λόγχαι
599 2674 641 2719 δ’
675 2674 964 2730 ἐκαυλίζοντο
995 2676 1070 2719 καὶ
1100 2671 1238 2732 ξυστὴ
1269 2675 1428 2732 κάμαξ.

323 2759 466 2799 Pollux
499 2761 679 2809 10,144
707 2756 997 2813 Ἀριστοφάνης
1028 2757 1108 2826 ἔφη
1138 2753 1183 2798 ἐν
1217 2751 1374 2798 Ὁλκάσι
1404 2761 1487 2798 κτλ.
1537 2760 1572 2799 si
1611 2773 1777 2810 usquam

211 2812 355 2868 λόγχην
384 2829 456 2866 pro
487 2819 626 2867 quavis
657 2818 810 2867 pertica
839 2818 917 2857 diei
948 2817 1227 2865 meminissem,
1261 2817 1310 2855 ad
1342 2816 1511 2856 eundem
1533 2817 1630 2856 haec
1649 2817 1773 2867 ligna-

210 2877 337 2913 torem
367 2874 568 2913 referrem
629 2875 698 2914 sed
728 2876 987 2924 pertinebant
1016 2875 1184 2914 fortasse
1213 2873 1262 2912 ad
1292 2873 1410 2912 aliam
1440 2886 1634 2914 scaenam
