1872 3224
176 176 262 218 454
758 170 1144 205 ΑΡιΣίὀψΑΝοΤΣ

924 272 1011 315 244
1221 284 1246 310 x

383 335 466 376 τοῦ
496 330 726 387 τριγώνου

295 409 537 469 μνημονεύει
575 444 584 453 .
615 445 624 454 .
656 444 665 452 .
699 410 991 466 Ἀριστοφάνης
1031 410 1076 453 ἕν
1107 413 1389 455 Δαιταλεῦσιν.
1449 414 1683 455 Athenaeus
1720 414 1762 465 4,

182 473 570 524 183e.cf.Eup01.
604 474 670 512 77.

295 533 359 571 Ad
404 531 665 570 Daetalenses
709 530 953 570 Fritzsehius
991 527 1128 583 (Daet.
1164 527 1262 580 129)
1300 529 1427 569 refert
1465 529 1516 570 fr.
1550 530 1647 569 585.
1680 529 1763 570 634

181 591 316 643 (Daet.
351 589 431 628 134
463 584 588 642 adn..)
623 588 704 627 658
738 586 873 638 (Daet.
909 588 1002 627 133.
1026 588 1052 625 4
1081 587 1172 627 adn
1207 583 1294 642 72).
1327 588 1409 627 675
1441 585 1576 639 (Daet.
1609 583 1698 640 99).

294 646 422 693 Quam
458 646 500 685 in
539 646 744 685 Ranarum
780 644 1123 715 interpretatione
1160 643 1218 695 (p.
1251 641 1355 698 300)
1392 643 1638 684 Fritzschius
1671 656 1764 696 pro·

179 704 626 800 ξοιιίὓδοοιιὶῗῖιιιαιλιι
638 703 892 812 Agnae?
906 695 1458 815 )νξιϋεὲ8ῗῦστοὲιέἕλθῆθιριόᾎ
1468 702 1767 800 ΘΔέἒταὲεξιζῶῗ

179 777 210 802 ω
240 777 296 802 αν
348 775 366 801 ε
468 775 559 800 atta
584 763 642 808 εἷς
738 774 828 799 alta
884 775 903 808 ς

181 776 560 872 ριιειιιίεροῗιιιιοοᾱὶε.
598 818 810 869 petivisse,
853 775 899 858 ga
937 818 1005 858 vix
1044 818 1260 869 quicquam
1296 819 1432 868 potest
1468 817 1662 858 incertius
1701 829 1767 857 ex·
1852 865 1853 868 Ἴ

181 877 363 930 cogitari.
1712 919 1716 923 ,
1856 890 1872 947 3

1864 1041 1865 1044 „
1855 1001 1869 1029 ..v-
1852 939 1872 984 01:2¹

849 989 1100 1022 ΔΑΝΑῘΔΕΣ

296 1084 357 1123 De
397 1085 576 1148 tempore
621 1095 704 1121 non
748 1084 918 1122 constat.
980 1085 1026 1122 ut
1069 1082 1112 1122 in
1151 1081 1336 1121 Ulixibus
1376 1081 1565 1122 Cratinus
1602 1081 1768 1122 Homeri

175 1141 438 1194 Cyclopeam,
471 1141 527 1180 sic
556 1141 600 1179 in
629 1139 878 1179 Danaidibus
909 1139 1201 1208 Aristophanes
1232 1139 1462 1179 Danaidum
1491 1138 1684 1190 fabulam,
1716 1139 1767 1180 ab

183 1199 386 1250 Aeschylo
418 1197 680 1249 Supplicibus
701 1197 870 1248 aliisque
890 1188 1055 1249 tragicis
1086 1198 1315 1247 tractatam,
1343 1209 1426 1237 non
1453 1196 1654 1238 invidiosa
1680 1209 1770 1249 par-

185 1257 276 1297 odie.
305 1256 496 1306 traduxit,
521 1255 590 1296 sed
619 1256 662 1294 in
691 1255 872 1306 lepidum
900 1255 1152 1307 hilaremque
1179 1256 1312 1296 iocum
1339 1255 1537 1296 deflexam
1558 1254 1767 1307 expressit.

936 1366 1022 1409 245

391 1446 678 1503 μαρτύρομαι
709 1445 758 1490 δὲ
791 1445 939 1502 Ζηνὸς
969 1445 1150 1502 ἑρκείου
1180 1445 1361 1505 χύτρας,

391 1513 496 1572 μεθ’
531 1508 597 1558 ὦν
628 1512 652 1557 ὁ
680 1514 832 1571 βωμὸς
863 1509 998 1567 οὗτος
1028 1515 1197 1572 ἱδρύθη
1228 1517 1350 1561 ποτέ.

230 1613 234 1623 ³
301 1600 440 1640 Schol:
470 1599 562 1638 Pac.
602 1599 684 1639 923
721 1602 762 1638 et
798 1598 907 1639 Plut.
942 1594 1058 1639 1198
1088 1595 1208 1639 ὁπότε
1237 1598 1431 1669 μέλλοιεν
1473 1598 1635 1654 βωμοὺς
1666 1602 1770 1640 καθ·

186 1655 343 1725 ιδρύειν
380 1654 408 1708 ἢ
444 1652 652 1709 ἀγάλματα
691 1657 815 1705 θεοῦ,
846 1653 1016 1705 εψοντες
1047 1654 1195 1710 ὄσπρια
1224 1652 1450 1711 ἀπήρχοντο
1479 1657 1656 1709 τούτων,
1687 1660 1770 1706 τοῖς

186 1709 477 1767 ἆφιδρυμένοις
507 1711 738 1766 χαριστήρια
767 1708 1036 1764 ἀπονέμοντες
1074 1719 1145 1766 τῆς
1174 1727 1346 1766 πρωτης
1365 1714 1535 1768 διαίτης,
1566 1711 1622 1764 ὥς
1651 1709 1771 1764 οὗτος

186 1767 297 1813 εἶπεν
327 1770 373 1811 ἐν
405 1771 584 1810 Δαναΐσι
613 1772 702 1812 κτλ.
726 1771 778 1811 cf.
813 1771 957 1811 Suidas
994 1769 1158 1823 χύτραις
1197 1770 1393 1841 ἱδρυτέον.
1433 1770 1603 1843 ἑρκείου]
1637 1770 1771 1826 ἑρκίον

186 1831 224 1869 V
253 1831 347 1870 Pac.
379 1830 461 1868 923
501 1832 542 1868 et
578 1841 716 1868 omnes
751 1829 839 1868 cod.
871 1827 980 1868 Plut.
1072 1830 1110 1868 2.
1141 1825 1236 1881 μεθ’
1275 1824 1354 1883 ὦν]
1394 1826 1492 1881 παρ’
1531 1824 1600 1878 αἷς
1637 1830 1770 1871 Schol.

186 1888 295 1930 Plut
327 1882 498 1939 ἱδρύθη]
532 1883 713 1938 ἰδρύνθη
744 1885 780 1925 G
809 1886 917 1928 Plut.
947 1884 1128 1939 ἰδρύσθη
1159 1887 1272 1927 Suid.
1304 1887 1352 1927 cf.
1375 1888 1495 1928 etiam
1526 1885 1770 1939 interpretes

187 1947 341 1997 poetae
372 1948 443 1983 aut
470 1944 634 1983 Danaus
674 1944 760 1994 ipse
792 1945 864 1982 aut
903 1943 1048 1983 chorus
1084 1944 1225 1985 Iovem
1261 1946 1460 1995 tutorem,
1501 1946 1614 1986 cuius
1650 1945 1772 1986 modo

187 2016 256 2042 ara
284 2002 444 2042 videtur
473 2001 635 2041 condita
665 2014 769 2051 esse,
802 2001 1029 2041 obtestatur
1058 2003 1106 2042 ut
1135 2002 1212 2042 sibi
1242 2005 1382 2043 contra
1423 1976 1771 2056 A’egyptiadarum

188 2060 273 2099 vim
303 2072 422 2109 opem
452 2059 567 2098 ferat.

941 2147 1027 2190 246

396 2223 500 2268 ἀλλ’
533 2224 698 2269 εἴσιθ’·
732 2223 794 2276 ὥς
823 2225 874 2269 τὸ
904 2222 1077 2282 πρᾶγμ’
1111 2226 1287 2282 ἐλέγξαι
1315 2228 1542 2285 βούλομαι

396 2296 542 2338 τουτί·
576 2293 815 2349 προσάξειν
845 2293 932 2351 γὰρ
964 2298 1110 2337 κακοῦ
1140 2295 1224 2339 τού
1253 2311 1329 2353 μοι
1359 2297 1498 2340 δοκεῖ.

307 2379 474 2419 Photius
505 2381 546 2419 et
575 2379 721 2418 Suidas
748 2380 829 2418 τοῦ
860 2407 869 2416 .
894 2408 904 2418 .
929 2375 1037 2418 ,ἐπὶ
1073 2374 1283 2431 οὐδετέρου
1301 2376 1652 2451 (Αριστοφανης)
1685 2381 1768 2420 Δα-

194 2436 332 2475 ναΐσιν
359 2438 442 2476 κτλ.
473 2433 627 2489 ἐλέγξαι
665 2436 890 2488 Dobraeus]
927 2409 1049 2484 λέξαι.
1079 2434 1225 2490 κακοῦ]
1265 2435 1346 2476 κόἰκ
1384 2438 1541 2478 Suidas.
1581 2435 1652 2478 τού
1681 2434 1768 2492 μοι]
1811 2436 1818 2441 ’

193 2498 264 2533 τοῦ
294 2492 363 2532 τοῦ
392 2490 447 2544 μή
476 2495 562 2533 οοᾱ.
592 2493 724 2542 Phot„
755 2494 789 2534 si
818 2496 926 2533 recte
955 2494 1179 2534 Porsonum
1207 2477 1402 2534 intellexi.
1443 2495 1654 2547 Lynceum
1679 2508 1770 2535 cum

194 2551 553 2616 Hypermnestram
582 2564 748 2590 uxorem
778 2551 941 2591 duceret
969 2551 1102 2591 nescio
1139 2551 1238 2602 quid
1278 2553 1550 2602 suspicantem
1587 2553 1683 2593 haec
1712 2553 1769 2592 di-

194 2609 298 2647 xisse
326 2610 445 2658 putat
472 2608 684 2659 Bergkius.

942 2706 1025 2749 247

498 2812 501 2817 ι
572 2784 860 2844 τραπόμενον
889 2787 953 2838 εἰς
980 2784 1156 2838 τοῦψον
1186 2788 1346 2842 λαβεῖν

401 2852 596 2911 ὀσμύλια
626 2857 702 2898 καὶ
731 2855 936 2912 μαινίδια
966 2854 1041 2898 καὶ
1071 2855 1270 2912 σηπίδια.
