1872 3224
780 221 1036 255 ΧΕῙΡῼΝΕΣ
1643 222 1699 264 83

58 335 70 366 ’δ’
107 321 155 366 δὲ
179 316 262 377 ἀπὸ
291 324 497 377 Κρατίνου
527 319 633 364 οἷον·
666 323 756 364 ὄνοι
786 321 977 379 ἀπωτέρω
1008 329 1089 366 κτλ.
1139 328 1233 367 hinc
1264 328 1490 367 Meinekius
1522 324 1609 367 ὄνοι
1639 324 1696 368 δ’.

8 371 68 410 ³²
108 384 201 425 victi
229 386 266 423 et
294 384 505 432 contempti
534 386 740 433 tamquam
760 385 868 423 asini
890 386 1033 433 procul
1053 398 1078 425 a
1107 387 1246 426 litteris
1264 387 1409 428 sedent.
1444 386 1492 425 cf.
1517 386 1700 436 exempla

54 461 65 469 2
107 443 316 493 congesta
327 441 379 480 ad
409 441 460 480 fr.
493 441 560 482 52.

8 502 52 519 ’·
860 519 948 562 230

224 602 359 643 Schol.
391 602 574 654 Thucyd.
607 604 646 652 8,
679 604 733 643 83
776 601 820 643 τὸ
853 600 1060 671 ἐπιφέρειν
1091 600 1220 657 ὀργὴν
1257 602 1322 644 ἐπὶ
1361 610 1432 644 τοῦ
1462 604 1699 658 χαρίζεσθαι

106 657 175 704 καὶ
195 663 423 713 συγχωρεῖν
446 657 609 700 ἔταττον
630 661 671 700 οἱ
687 657 859 714 ἀρχαῖοι.
890 657 1044 714 μάρτυς
1075 663 1277 715 Κρατῖνος
1310 660 1354 701 ἐν
1374 662 1554 716 Χείρωσι
1574 661 1701 716 λέγων

4 736 59 771 ‘st
100 714 198 771 ,τὴν
226 716 483 770 μουσικὴν
518 715 829 772 ἅκορέστους
870 717 1137 772 ἐπιφέρειν
1179 716 1327 772 ὀργὰς
1364 721 1390 773 β
1405 724 1572 773 ροτοῖς
1605 717 1699 760 σω-

2 781 39 823 -j
107 790 203 846 φρο
217 788 310 816 σιν.
341 777 464 817 verba
494 777 744 842 Thucydidis
776 780 872 818 sunt
899 773 1118 829 Ἀστύοχον
1148 771 1254 817 εἶναι
1273 777 1441 847 αἴτιον,
1460 776 1700 831 ἐπιφέροντα

107 830 230 888 ὀργὰς
263 831 532 887 Τισσαφέρνει
563 827 631 873 δια
663 833 749 873 ι’δια
779 832 916 887 κέρδη.
948 836 996 875 de
1028 849 1106 875 usu
1135 837 1311 876 nominis
1343 832 1441 889 ὀργή
1472 837 1700 876 Blomfield.

3 863 37 937 ’Ῑὲῗί
107 892 240 934 Gloss.
271 893 416 935 Aesch.
456 893 593 933 Prom.
633 894 731 933 386.
780 895 890 934 recte
929 893 1106 934 Cobetus
1146 893 1243 936 Obs.
1283 895 1373 934 crit.
1415 895 1522 934 Plat.
1561 896 1627 934 25.
1663 897 1701 934 6.

0 944 22 982 5:
105 947 308 1003 μουσικήν
338 950 439 990 dicit
469 964 557 991 esse
588 953 716 991 artem
747 952 952 1001 comicam‚
985 964 1086 1002 quae
1117 965 1209 991 cum
1239 952 1357 991 malis
1386 952 1616 992 hominibus
1649 954 1703 992 sit

0 999 27 1060 2}
107 1010 272 1058 acerba,
306 1009 419 1049 bonis
449 1010 600 1050 civibus
629 1009 912 1050 incredibilem
943 1010 986 1049 in
1016 1010 1183 1049 modum
1213 1010 1361 1050 faveat.
1402 1011 1575 1050 fortasse
1609 1010 1701 1049 Ora-

0 1067 50 1121 ’ζ
106 1068 217 1130 tilius
261 1061 288 1118 ἡ
328 1063 405 1119 γὰρ
441 1063 616 1118 μουσικὴ
647 1067 806 1120 βροτοῖς
845 1063 908 1107 ἀεὶ
934 1067 940 1118 Ι
967 1063 1087 1121 ὀργὰς
1128 1063 1369 1121 ἆκορέστους
1409 1065 1589 1121 ἐπιφέρει
1619 1071 1701 1115 τοῖς

106 1133 324 1178 σωφροσιν.

855 1203 940 1247 231

867 1277 935 1334 οἷς
963 1275 1023 1340 ἦν
1051 1283 1260 1340 μέγιστος
1290 1283 1428 1339 ὅρκος

254 1349 429 1395 ἅπαντι
461 1351 585 1409 λόγῳ
617 1351 767 1409 κύων,
800 1353 955 1396 ἔπειτα
985 1352 1093 1409 χήν,
1125 1351 1266 1404 θεοὺς
1296 1351 1340 1395 δ’
1374 1353 1557 1409 ἐσίγων.

228 1436 363 1476 Schol.
394 1435 580 1476 Platonis
611 1437 739 1476 Bekk.
774 1438 855 1476 331
885 1433 1242 1488 Ῥαδαμανθυος
1229 1435 1366 1506 όρκος·
1400 1432 1516 1485 ουτος
1548 1434 1569 1476 ὃ
1599 1436 1701 1477 κατὰ

108 1490 233 1541 κυνὸς
263 1489 292 1546 ἢ
322 1492 529 1533 πλατάνου
567 1490 595 1545 ἢ
633 1499 749 1547 κριοῦ
786 1492 819 1533 κί’
848 1509 955 1542 τινος
993 1493 1119 1534 α’λλου
1158 1494 1342 1535 τοιούτου
1377 1528 1385 1536 .
1417 1497 1701 1548 ..Κρατῖνος

107 1550 324 1618 Χείρωσιν.
370 1549 471 1591 κατὰ
511 1548 667 1591 τούτων
702 1548 747 1591 δὲ
787 1550 906 1604 νόμος
945 1548 1138 1604 ὀμνύναι,
1179 1551 1249 1592 ι’να
1284 1545 1338 1605 μὴ
1375 1551 1474 1592 κατὰ
1513 1556 1629 1593 θεῶν
1665 1554 1707 1593 οι

107 1603 219 1661 όρκοι
254 1608 444 1665 γίνωνται
481 1605 528 1664 (i.
562 1624 595 1650 e.
636 1623 687 1650 ne
726 1611 888 1651 deorum
927 1613 1157 1651 nominibus
1193 1612 1375 1652 iurantes
1412 1611 1699 1663 abuterentur).

111 1667 245 1708 Schol
291 1667 458 1707 Luciani
498 1669 553 1708 90
597 1667 680 1708 Iao.
732 1668 902 1709 Photius
942 1671 982 1709 et
1028 1669 1174 1709 Suidas
1214 1664 1527 1721 Ῥαδαμάνθυος
1569 1667 1701 1718 ὅρκος

110 1725 258 1766 Zenob.
282 1726 320 1775 5,
343 1726 412 1767 81.
436 1725 487 1765 cf.
511 1726 634 1765 etiam
656 1726 829 1776 interpr.
851 1727 1060 1778 Aristoph.
1083 1728 1159 1769 Av.
1184 1727 1282 1769 521
1305 1750 1361 1755 -—
1382 1723 1425 1765 δ’
1461 1725 1624 1780 ἐσίγων]
1657 1725 1702 1766 δὲ

111 1782 236 1836 σιγῶν
266 1782 384 1825 Phot.
409 1783 522 1822 Suid.
544 1784 636 1834 AV,
668 1780 714 1822 δὲ
744 1788 865 1836 σιγαν
895 1786 1018 1824 ceteri
1052 1785 1163 1824 Suid.
1204 1785 1302 1824 talia
1332 1786 1375 1824 in
1406 1786 1560 1825 cantico
1593 1786 1702 1824 chori

109 1840 266 1880 narrari
296 1841 364 1881 vix
393 1843 602 1892 poterant:
634 1842 820 1892 quocirca
836 1841 958 1883 'recte
979 1843 1206 1883 Meinekius
1227 1845 1483 1883 tetrametros
1504 1843 1702 1882 iambicos

111 1898 336 1939 constituit.

111 2053 193 2112 ἄγε
223 2054 279 2112 δὴ
310 2054 424 2116 πρὸς
454 2056 509 2099 ἕω
541 2058 725 2112 πρῶτον
756 2055 975 2100 ἁπάντων
1005 2057 1116 2100 ἵστω
1148 2056 1223 2100 καὶ
1255 2057 1458 2114 λάμβανε
1489 2059 1646 2115 χερσὶν

113 2133 273 2181 σχῖνον
302 2123 521 2180 μεγάλην.

228 2209 359 2249 Schol.
393 2209 580 2259 Sophocl.
613 2209 711 2249 Oed.
745 2209 832 2250 Col.
864 2211 947 2250 477
979 2225 1047 2249 και
1080 2210 1122 2250 οἷ
1147 2208 1240 2258 τοὺς
1271 2209 1512 2264 καθαρμους
1544 2209 1586 2250 δὲ
1620 2209 1700 2250 ἐπι-

111 2269 318 2339 τελοῦντες
341 2263 442 2319 πρὸς
472 2263 547 2318 τὴν
567 2263 618 2305 εω
640 2265 836 2310 ἵστανται.
869 2269 1068 2321 Κρατῖνος
1091 2266 1135 2307 ἐν
1161 2267 1349 2321 Χείρωνι.
1387 2271 1427 2309 et
1446 2270 1582 2320 paullo
1605 2273 1698 2310 ante

112 2322 182 2364 και
217 2339 294 2378 γαρ
331 2322 382 2376 δὴ
421 2321 490 2362 καὶ
526 2321 596 2371 τὰς
636 2320 827 2373 ἐκθύσεις
866 2323 966 2378 πρὸς
997 2323 1113 2377 ἥλιον
1145 2324 1367 2366 ἐποιοῦντο.
1411 2327 1699 2378 cf.A1istoph.

113 2382 164 2421 fr.
197 2383 292 2422 255.
323 2382 691 2432 Plin.N.h.20,
727 2385 805 2423 101
845 2385 1122 2435 Pythayoras
1131 2386 1282 2424 seillam
1312 2386 1358 2423 tn
1387 2386 1522 2424 limine
1550 2387 1702 2426 ianuae

112 2452 345 2490 suspensam
373 2440 570 2479 malorum
598 2442 970 2482 medicamentorum
1006 2444 1213 2482 introitum
1245 2443 1387 2491 pellere
1417 2443 1551 2482 tradit.
1607 2442 1698 2482 Chi-

113 2510 254 2538 ronem
284 2497 513 2549 praecipere
546 2497 594 2536 de
624 2499 829 2540 evocando
871 2500 920 2539 ab
951 2500 1093 2540 inferis
1133 2499 1284 2539 Solone
1324 2500 1545 2539 arbitratur
1576 2495 1700 2552 Berg-

114 2555 206 2595 kius
236 2555 283 2594 R.
318 2568 352 2595 c.
384 2554 474 2594 Att.
508 2555 605 2595 239.

869 2634 954 2677 233

117 2712 192 2754 καὶ
223 2715 408 2767 πρῶτον
433 2713 519 2768 μὲν
547 2712 670 2770 παρὰ
691 2711 982 2756 ναυτοδικῶν
1004 2710 1165 2768 &nayco
1187 2715 1289 2767 τρία
1311 2712 1510 2756 κνώδαλ’
1534 2713 1700 2771 ἀναιδῆ

118 2781 354 2837 [Πεισίαν,
384 2779 625 2838 Ὀσφύωνα
637 2815 650 2838 ,
681 2783 968 2839 Διειτρέφη.]

233 2865 365 2904 Schol.
398 2866 605 2917 Aristoph.
637 2866 714 2906 AV.
756 2867 837 2906 766
877 2860 999 2905 οὐδὲν
1037 2864 1165 2916 σαφὲς
1204 2863 1344 2917 ἔχομεν
1381 2865 1440 2913 τίς
1479 2862 1500 2905 ὁ
1533 2866 1702 2905 Πεισίου

162 2951 170 2960 .
203 2951 213 2961 .
251 2919 313 2961 ὅτι
352 2918 398 2961 δὲ
436 2927 518 2962 τῶν
555 2922 647 2962 λίαν
676 2927 869 2974 πονηρῶν
908 2921 1007 2972 ἐστι,
1047 2922 1166 2974 δηλοῖ
1197 2924 1396 2976 Κρατῖνος
1437 2922 1481 2963 ἐν
1511 2923 1698 2976 Χείρωσι,

432 2996 447 3003 ⁵
1381 2990 1428 3023 6*
