1872 3224
554 207 852 248 ΤΑῙῚΗΝῘΣΤΑῙ
891 215 1235 256 ΤΕΛΕΜΗΣΣΗΣ
1586 230 1670 272 525

856 317 939 360 523

111 445 113 448 Α
220 387 392 429 Photius
424 392 465 430 et
496 391 649 446 Suidas,
682 396 862 448 Apostol.
894 402 957 448 13,
992 404 1043 442 87
1081 406 1477 460 παραιξυρουσον
1506 409 1667 464 (Suidas

22 464 36 480 -.
106 455 166 514 πα
219 444 445 499 ιξοραῦσιν,
484 450 668 518 Apostol.
698 456 1025 512 παραξοροῦσιν)·
1062 457 1348 517 Ἀριστοφάνης
1390 469 1662 521 Ταγηνισταῖς,

19 512 35 553 J
103 513 165 541 απ
211 514 325 565 motem
354 501 399 544 δὲ
438 505 480 545 οἰ
503 520 578 558 μεν
613 509 776 559 παιδιᾶς
806 506 910 561 εἶδός
949 529 1004 565 τι,
1043 514 1272 569 Εὐφρόνιος
1308 520 1352 561 δὲ
1388 527 1664 577 παροιμιωδῶς

18 586 22 591 -
103 555 294 626 λέχεσθαι
324 557 389 630 {wi
426 567 507 603 τῶν
543 567 919 620 παρακελευομένων
955 572 1099 625 ταχέως
1132 574 1245 627 ἥκειν
1280 575 1307 629 ἢ
1334 576 1665 628 ἀπαλλάττεσθαι.

103 616 240 670 Παρι,
286 615 502 668 ἐξορουσον
539 636 586 662 ex
622 624 669 664 Il.
703 626 741 675 3,
774 628 855 666 325
886 629 1088 678 Dindorf..
1133 634 1422 686 παρεξόρουσον
1460 640 1661 682 Dobraeus

3 690 23 732 ἡ,
103 676 145 742 et
173 674 459 742 Bernhardyus
490 681 532 719 in
554 681 687 721 Suida.
746 679 868 736 πάρεξ
899 683 1068 736 ὄρουσον
1098 691 1327 733 Meinekius.
1359 699 1418 735 est
1447 710 1493 736 ex
1522 699 1661 739 eodem

0 741 13 802 „-
49 783 60 790 f
103 731 264 773 dieendi
293 747 441 786 genere
470 739 588 788 atque
618 734 692 778 οὐκ
721 736 992 794 οἷπολιβάξειςς
1023 742 1070 784 οὐ
1099 752 1332 800 πτερυγιεῖς;
1362 752 1413 792 al.

852 854 937 897 524

309 907 595 961 παραλοῦται

214 983 544 1045 (Ἀριστοφάνης)
576 988 621 1030 ἐν
654 993 928 1045 Ταγηνισταῖς.
960 996 1103 1037 Pollux
1134 1000 1170 1047 7,
1205 1001 1298 1041 168.
1337 1002 1387 1043 cf.
1421 1003 1468 1044 fr.
1501 1006 1565 1046 55.

437 1158 448 1171 Ι
846 1107 930 1149 525

308 1169 473 1210 σπινος

211 1238 282 1280 διὰ
322 1247 394 1281 τοῦ
424 1240 514 1291 ἑνὸς
545 1259 570 1283 ν
605 1242 800 1297 λέγουσιν.
842 1244 1130 1301 Ἀριστοφάνης
1163 1252 1434 1304 Ταγηνισταῖς.
1480 1255 1657 1296 Photius.

98 1296 242 1346 σπίνος
271 1300 394 1340 scribi
424 1302 537 1341 iubet
565 1303 782 1346 Herodian.
813 1304 832 1343 I
865 1307 956 1356 176,
992 1308 1054 1346 14.
1086 1307 1125 1347 ΙΙ
1154 1310 1249 1358 447,
1283 1311 1348 1350 13.
1382 1313 1476 1361 945,
1511 1315 1572 1352 17.

846 1416 930 1460 526

196 1509 202 1512 ⁷
279 1496 290 1502 -
305 1467 483 1513 ’τέλειον

213 1552 348 1594 Schol.
369 1554 529 1594 Platon.
555 1556 637 1596 383
658 1556 783 1596 Bekk.
807 1553 1017 1609 ἔκιρνῶντο
1037 1554 1100 1613 (ἐν
1117 1561 1197 1606 ταῖς
1209 1560 1455 1612 συνουσίαις)
1471 1567 1657 1615 κρατῆρες

97 1611 217 1662 τρεῖς,
247 1608 316 1650 καὶ
345 1607 416 1650 τόν
443 1608 518 1663 μὲν
547 1612 704 1665 πρώτον
738 1611 833 1661 Διὸς
858 1606 1072 1665 Ὀλυμπίου
1101 1614 1167 1655 καὶ
1196 1618 1306 1656 θεῶν
1332 1614 1556 1668 Ὀλυμπίων
1583 1617 1656 1658 ἕλε·

94 1679 182 1720 γον,
212 1665 285 1707 τὸν
312 1667 359 1721 δὲ
387 1667 576 1722 δεύτερον
603 1666 761 1723 ἥρω’ων,
792 1670 861 1710 τὸν
889 1669 934 1710 δὲ
963 1671 1094 1721 τρίτον
1122 1678 1296 1726 σωτῆρος
1327 1704 1336 1712 .
1368 1705 1378 1715 .
1412 1706 1420 1715 .
1452 1673 1583 1728 ἔλεγον
1611 1674 1656 1715 δὲ

95 1719 222 1777 αὐτὸν
250 1723 320 1765 καὶ
352 1723 564 1779 τέλειον,
595 1725 649 1775 ὥς
682 1759 691 1768 .
726 1759 735 1768 .
771 1759 779 1768 .
807 1725 1094 1782 Ἀριστοφάνης
1128 1731 1400 1783 Ταγηνισταῖς.

359 1894 370 1909 Ι
841 1841 924 1884 527

303 1894 452 1952 mnan}

209 1978 343 2019 Schol.
374 1980 465 2020 Pac.
500 1982 610 2020 1174
647 1977 936 2030 Σαρδιανικόν·
975 1978 1042 2019 καὶ
1081 1978 1125 2019 ἐν
1167 1982 1424 2032 Ταγηνισταῖς
1465 1986 1511 2036 τῇ
1550 1972 1649 2030 λέξει

93 2031 292 2087 κέχρηται.
323 2038 383 2076 ita
398 2038 613 2087 Bekkerus,
638 2038 864 2078 Dindorfius
885 2039 934 2078 ad
954 2052 993 2079 v.
1009 2039 1113 2077 1165
1134 2039 1303 2086 rettulit,
1325 2039 1393 2078 ubi
1415 2039 1450 2076 V
1470 2033 1583 2085 οὗτος
1607 2036 1650 2077 δὲ

94 2091 210 2147 (voce
231 2091 381 2148 φήληξ)
413 2092 477 2134 ἐπὶ
505 2094 574 2134 τοῦ
603 2091 713 2147 ὠμοῦ
743 2094 868 2134 σύκου
888 2093 1083 2147 κέχρηται,
1114 2092 1237 2134 εἰπὼν
1256 2094 1495 2135 οἰδαίνοντα·
1526 2094 1649 2134 οἰδαί-

95 2164 204 2189 νεται
233 2148 310 2204 γὰρ
340 2149 404 2191 ’ὅτε
432 2149 592 2204 ἄρχεται
621 2151 910 2191 πεπαίνεσθαι·
941 2151 1008 2192 καὶ
1037 2149 1081 2190 ἕν
1113 2153 1372 2204 Ταγηνισταῖς
1403 2149 1447 2190 δὲ
1477 2156 1525 2207 τῇ
1552 2149 1649 2200 λέξει

92 2205 292 2260 κέχρηται.
343 2209 515 2250 Bekker.
557 2210 704 2249 Anecd.
742 2212 813 2258 71,
853 2211 878 2248 4
915 2205 1110 2262 φήληκες·
1158 2208 1236 2247 τῶν
1272 2208 1407 2248 σύκων
1446 2207 1489 2247 τὰ
1526 2207 1649 2257 δόξαν

92 2266 318 2317 παρέχοντα
349 2262 410 2314 ὥς
433 2265 513 2319 ἤδη
533 2264 687 2306 πέπονα
708 2264 775 2306 καὶ
797 2264 992 2319 ἐδώδιμα,
1021 2263 1132 2316 ὄῖωρα
1152 2262 1198 2304 δέ
1217 2263 1308 2304 ἐστι.
1331 2267 1423 2313 315,
1452 2268 1495 2304 11
1522 2264 1647 2316 φήληξ

93 2319 134 2361 δ’
167 2321 277 2364 ἐστὶν
305 2321 327 2363 ὁ
359 2322 535 2371 ὄλυνθος
565 2321 587 2363 ὁ
625 2319 866 2375 φαινόμενος
902 2322 976 2375 μὲν
1005 2322 1136 2374 ὥσπερ
1165 2320 1360 2374 πέπειρος,
1398 2318 1470 2361 οὐκ
1500 2318 1558 2360 ὧν
1586 2321 1641 2359 δέ.

207 2382 272 2422 Ad
305 2382 540 2433 Tagenistas
570 2382 655 2421 sine
686 2382 807 2422 dubio
837 2383 1012 2432 pertinet
1042 2381 1088 2421 fr.
1111 2381 1201 2420 680.
1233 2392 1279 2418 ac
1307 2379 1565 2429 probabiliter
1594 2379 1641 2417 fr.

95 2439 178 2478 672
210 2439 260 2479 ad
282 2440 440 2479 eosdem
462 2440 585 2478 refert
605 2439 844 2490 Toeppelius
864 2439 1004 2489 Eupol.
1028 2438 1145 2477 Adul.
1168 2437 1235 2475 40.
1268 2436 1316 2475 cf.
1339 2437 1456 2475 etiam
1479 2435 1527 2474 fr.
1550 2437 1643 2475 675.

707 2584 1050 2619 ΤΕΛΕΜΗΣΣΗΣ

211 2669 278 2710 Sic
315 2671 401 2710 sine
441 2669 562 2709 dubio
600 2680 745 2707 nomen
784 2667 940 2717 scripsit
976 2664 1275 2714 Aristophanes.
1326 2663 1375 2702 ef.
1408 2663 1455 2701 fr.
1487 2663 1581 2701 534.
1604 2663 1643 2700 5.

93 2726 406 2776 Telmessenses,
437 2740 536 2778 gens
560 2725 707 2773 Cariae,
739 2725 780 2763 in
810 2723 976 2763 ostentis
998 2720 1356 2760 animadvertendis
1387 2718 1642 2770 diligentissi-

92 2797 157 2824 ma
187 2782 291 2838 (cic.
323 2784 383 2823 De
413 2784 493 2823 div.
530 2786 565 2832 1,
599 2782 666 2822 94.
695 2782 743 2821 ef.
777 2777 861 2830 91).
906 2780 956 2819 of.
987 2778 1097 2817 Phot.
1133 2778 1369 2827 Τελμισσεῖς.
1417 2775 1638 2814 Aristandri

92 2841 384 2882 Telmessensis
405 2842 454 2880 de
476 2840 691 2880 Alexandri
714 2839 846 2888 magni
868 2848 1029 2886 corpore
1053 2834 1281 2874 vaticinium
1303 2835 1364 2872 est
1384 2832 1487 2883 apud
1510 2831 1639 2869 Aelia-

90 2889 186 2938 num
220 2899 267 2939 V.
298 2899 338 2937 h.
374 2899 438 2946 12,
472 2899 539 2937 64.
571 2897 619 2935 cf.
653 2896 911 2935 Schoemann.
941 2892 1081 2941 Antiq.
1110 2887 1191 2941 gr.²
1221 2890 1376 2928 11296.
1406 2901 1539 2927 eorum
1572 2900 1639 2926 no·
