1872 3224
655 189 865 227 ΑΔΗΛΩΝ
892 193 1055 228 ΔΡΑΜΑ
1059 196 1159 230 1521<
1595 203 1675 246 367

47 285 54 339 j
103 291 149 332 in
178 291 242 332 ed.
276 291 369 332 mai.
401 291 566 340 σατίνας
611 291 807 347 (σατίναι
851 298 900 338 de
945 301 1036 341 cisio
1076 301 1477 372 Anacr.19‚12’)‚
1508 308 1551 347 in
1580 310 1674 348 min.

102 344 238 399 νᾶξας.
271 349 425 390 Nauck.
457 350 604 391 Philol.
627 352 682 391 VI
711 354 794 393 414
826 351 966 404 σάξας·
998 353 1088 398 ἀντὶ
1117 364 1188 399 τοῦ
1216 356 1358 412 μάζας.
1391 363 1560 405 fortasse
1589 366 1675 405 bar-

85 407 224 462 'barus
254 408 390 448 neseio
421 408 511 459 quis
541 405 698 460 μάζας
728 425 801 463 pro
831 409 986 465 ἁμάξας
1018 416 1185 456 dixerat.

856 549 940 591 442

309 600 491 657 σαπρόν

216 680 266 724 οὖ
295 681 340 724 τὸ
368 683 578 738 μοχθηρὸν
607 685 675 726 καὶ
705 690 878 739 φαῦλον,
908 683 1005 729 ἀλλὰ
1037 688 1079 729 τὸ
1108 691 1287 736 παλαιόν.
1348 692 1536 742 Εὔπολις.
1567 697 1672 738 Pho-

89 743 184 783 ·tius
214 745 258 783 et
287 742 433 783 Suidas
462 743 626 797 σαπρός.
660 746 902 797 significatio
933 750 1029 787 nota
1057 762 1105 789 ex
1134 751 1338 802 Aristoph.
1369 753 1475 792 Plut.
1507 755 1588 794 323
1620 756 1670 795 al.

0 866 32 920 ἰ
853 883 937 925 443

309 938 493 993 σιληνοί
807 955 814 961 ·

18 1052 20 1055 ,
216 1019 259 1060 οἱ
285 1015 466 1074 Σάτυροι
489 1018 683 1069 Εὔπολις.
730 1023 908 1066 Photius.
951 1024 1503 1078 cf.P1at.Symp.221de.
1548 1029 1672 1070 Inscr.
1729 1014 1733 1018 .

102 1078 193 1118 Att.
225 1078 391 1119 Kirchh.
424 1079 478 1119 33
510 1077 684 1131 Σιληνὸς
713 1079 875 1120 Φώκου.

854 1194 939 1236 444

306 1249 522 1304 σιοκόμος

217 1331 433 1384 νεωκόρο·ς·
466 1330 658 1381 Εὔπολις.
690 1334 870 1374 Photius.
903 1334 1025 1374 codex
1055 1337 1279 1383 σιωκολλος.
1310 1337 1513 1377 Porsonus
1534 1336 1671 1377 σιωκό-

97 1404 184 1487 ἕως.
215 1391 442 1431 Meinekius
475 1389 671 1442 σιοκόμος,
703 1394 870 1443 propter
907 1391 1077 1431 formam
1115 1393 1289 1433 doricam
1329 1394 1379 1433 ad
1417 1394 1582 1435 Hclotas
1612 1409 1671 1435 re-

119 1461 250 1489 erens.

852 1562 938 1604 445

306 1639 436 1692 σκιας
465 1643 534 1684 καὶ
564 1641 800 1686 σκιάδειον

213 1735 259 1777 ἐν
287 1752 319 1776 ω
350 1732 372 1776 ὃ
407 1735 608 1794 Διόνυσος
639 1736 835 1787 unffi-‘mat
869 1735 997 1786 οὕτως
1028 1736 1218 1786 Εὔπολις
1268 1739 1447 1778 Photius.
1480 1741 1571 1778 utro
1602 1752 1671 1779 vo-

97 1795 242 1835 cabulo
273 1809 368 1835 usus
401 1795 454 1834 sit
485 1795 652 1834 dubium
683 1809 768 1835 esse
808 1797 957 1846 potest.
1019 1797 1067 1836 cf.
1100 1796 1241 1835 Pollux
1273 1797 1436 1843 7,174.
1497 1796 1671 1846 Hesych-

98 1849 226 1900 σκιας.
260 1852 392 1893 Conze
422 1853 597 1892 Heroen-
629 1866 668 1892 u.
701 1852 952 1904 Gottergest.
983 1854 1055 1892 LX
1085 1856 1126 1892 et
1156 1852 1357 1891 LXXIIII.

848 1986 934 2028 446

308 2043 478 2094 σκοπός

213 2127 343 2179 σχῆμα
364 2123 615 2180 ὀρχηστικόν.
647 2123 776 2174 οὕτως
793 2123 986 2174 Εὔπολις
1018 2127 1199 2167 Photius.
1230 2126 1397 2166 eandem
1418 2126 1670 2166 saltationem

97 2186 324 2225 Meinekius
354 2187 491 2225 censet
528 2187 653 2236 atque
684 2198 771 2224 eam
801 2198 903 2235 quae
940 2182 1060 2234 σκώψ
1097 2184 1162 2224 vel
1193 2182 1371 2230 σκωπίας
1402 2183 1546 2223 dicitur
1575 2186 1614 2222 et
1648 2197 1670 2221 a

96 2244 259 2283 Polluce
281 2244 427 2294 4,103
450 2243 703 2282 describitur.
735 2245 779 2281 at
808 2255 899 2282 cum
929 2239 972 2281 τὸ
1000 2237 1209 2294 ἆγγελικόν
1238 2242 1464 2280 imitaretur
1493 2235 1668 2291 σχήματα

96 2297 289 2354 ἀγγέλων,
321 2301 470 2340 nescio
487 2313 557 2340 cur
587 2297 735 2346 σκοπός
765 2312 847 2339 non
876 2300 1056 2350 potuerit
1085 2299 1134 2338 ab
1163 2299 1466 2347 exploratoribus
1493 2298 1581 2336 dici.

851 2434 933 2476 447

306 2492 534 2549 σοφιστήν

213 2573 283 2615 τὸν
312 2574 510 2630 ῥαψῳδόν
540 2573 732 2622 Εὔπολις.
764 2575 947 2614 Eustath.
982 2574 1102 2621 1023,
1137 2573 1200 2613 14.
1232 2572 1361 2611 Schol.
1384 2570 1503 2609 Hom.
1525 2570 1574 2609 Il.
1599 2571 1665 2617 15,

99 2635 201 2674 410.
233 2634 284 2675 cf.
319 2633 472 2674 Oratin.
505 2635 544 2674 2.

842 2743 926 2785 448
1007 2711 1012 2714 ’

307 2803 547 2858 συμβίοτοι

214 2883 395 2934 Εὔπολις
426 2880 523 2927 εἶπε.
554 2885 659 2927 Poll.
692 2887 729 2934 6,
763 2885 857 2924 159.
890 2880 1086 2934 συμβίωτε
1115 2879 1192 2919 ΒΟ.
1224 2879 1275 2919 cf.
1297 2879 1346 2920 fr.
1377 2879 1468 2917 177.
1502 2877 1594 2925 181,
1626 2876 1663 2913 5.
