1872 3224
188 160 272 201 354
580 206 584 210 ⁸
822 155 1120 190 ΕΤΠΟΛΙΔΟΣ

197 262 292 316 (sic)
323 266 363 303 et
394 263 558 302 Theoci.
593 261 658 308 15,
690 262 729 300 8.
764 263 806 299 at
835 260 944 300 istud
974 260 1140 300 verbum
1172 259 1323 300 Atticis
1354 261 1459 299 certe
1493 259 1655 299 obtrudi
1684 272 1767 300 non

190 324 333 371 potest.
367 320 519 359 accedit
548 318 654 368 quod
686 318 807 358 verba
845 322 899 371 τῷ
930 321 988 372 σῷ
1017 315 1120 371 λόγῳ
1158 331 1197 358 v.
1232 319 1256 357 6
1294 319 1387 368 post
1415 314 1543 370 λέγετε
1572 331 1611 358 v.
1643 317 1669 357 3
1699 317 1766 357 ad·

189 379 349 417 modum
382 378 483 416 mira
513 378 620 415 sunt.
671 388 801 425 neque
833 375 939 414 enim
969 375 1053 423 hic,
1085 375 1163 414 ut
1152 388 1194 414 m
1226 375 1404 426 prologis
1434 374 1641 414 interdum
1671 373 1768 415 feeit

191 435 494 484 Aristophanes,
526 445 608 472 non
640 432 777 471 addito
807 433 968 472 nomine
998 445 1102 471 unus
1134 445 1180 471 ex
1212 432 1522 482 spectatoribus,
1555 445 1590 472 e.
1611 444 1647 472 c.
1674 431 1766 471 Ari-

190 492 417 541 stophanes,
451 491 579 542 digito
611 491 829 529 monstrari
858 492 994 540 potest
1017 488 1185 542 (Bergk.
1209 490 1303 529 364.
1326 486 1401 542 5..)
1432 490 1569 540 itaque
1591 489 1766 530 scriben-

190 549 283 586 dum
315 552 376 587 est
405 549 655 599 παρεκρεῖ
680 546 760 585 τῶν
790 551 954 598 φρενῶν
983 542 1004 585 ὁ
1035 551 1133 593 σως
1163 544 1303 598 λόγος
1334 550 1457 596 (sana
1484 547 1627 596 ratio),
1665 558 1768 597 quae

190 619 307 655 quam
353 605 471 644 facile
515 605 724 655 potuerint
761 604 932 644 transire
970 605 1011 643 in
1049 617 1096 643 ea
1141 616 1243 655 quae
1282 604 1458 644 eduntur
1494 604 1674 654 adparet.
1724 604 1768 644 in

187 663 297 700 exitu
328 659 432 700 νέων
462 662 558 700 ferri
588 675 670 701 non
701 673 818 712 posse
848 662 1027 712 positum
1056 674 1129 712 pro
1159 665 1242 700 τῶν
1262 658 1367 700 νέων
1386 661 1682 709 Herwerdenus
1701 660 1768 701 in-

190 720 347 758 tellexit
378 719 493 758 Stud.
526 720 615 758 crit.
649 720 714 758 77.
745 719 815 758 sed
846 732 974 770 neque
1005 715 1094 765 νέος
1125 731 1255 769 neque
1285 719 1391 769 quod
1422 718 1571 758 Mnem.
1593 731 1686 759 nov.
1709 717 1769 759 VI

188 778 240 815 59
272 776 484 827 proposuit
513 773 713 827 μουσικὴν
742 780 847 814 νεῶν
877 790 899 814 a
929 781 1029 815 νεᾶν
1068 776 1263 827 (eleganti
1293 779 1340 815 ut
1377 777 1496 826 putat
1535 776 1768 827 metaphora

187 847 261 884 pro
292 830 454 885 ἀσκῶν)
487 834 672 884 cuiquam
702 833 952 883 probabitur.
986 834 1140 873 scilicet
1169 833 1425 873 scribendum
1455 835 1518 873 est
1546 830 1729 872 συνών.

937 969 1021 1010 358

394 1045 652 1105 ὦρᾳζομένη
684 1049 758 1090 καὶ
789 1047 1084 1103 θρυπτομένη

303 1131 472 1170 Bekker.
493 1132 645 1170 Anecd.
667 1132 735 1180 43,
757 1133 807 1170 14
838 1127 1117 1183 θρύπτεσθαι·
1150 1126 1410 1183 ὦραΐζεσθαι.
1441 1128 1565 1182 ἄμφω
1586 1127 1768 1180 Εὔπολις
1848 1109 1851 1111 Α

188 1189 269 1226 κτλ,
322 1183 550 1242 ὡρᾳζομένη
581 1188 774 1240 Meinek.]
807 1185 1065 1241 ὦραϊζομένη.

939 1323 1024 1366 359

395 1401 618 1459 ἐξεπλάγη
649 1419 737 1459 γαρ
769 1397 883 1446 ίδων
914 1404 1157 1458 στίλβοντα
1188 1401 1242 1445 τὰ
1273 1403 1432 1458 λάβδα.

302 1486 470 1526 Photius
500 1484 681 1538 λάμβδα
713 1484 778 1526 ἐπὶ
808 1489 895 1533 ταῖς
923 1482 1090 1525 ἀσπίσιν
1119 1485 1160 1525 οἰ
1176 1484 1494 1538 Λακεδαιμόνιοι
1525 1483 1766 1540 ἐπέγραφον,

189 1539 322 1594 ω’σπερ
360 1543 401 1582 οἷ
434 1539 662 1595 Μεσσήνιοι
692 1549 740 1582 Μ.
800 1541 979 1591 Εὔπολις
1010 1545 1090 1582 κτλ.
1153 1544 1200 1585 cf.
1242 1544 1489 1595 Theopomp.
1522 1546 1590 1585 91.
1635 1541 1768 1597 λάβδα

188 1600 234 1639 L.
267 1600 498 1640 Dindorfius
530 1604 572 1640 et
602 1600 730 1641 Cobet
751 1602 898 1641 Mnem.
922 1601 1024 1640 VIII
1055 1598 1128 1653 30]
1169 1596 1339 1652 λάμβδα.
1400 1615 1445 1642 ac
1483 1602 1540 1642 sic
1576 1601 1766 1642 Photium

189 1658 396 1707 scripsisse
427 1659 523 1697 ordo
555 1659 782 1698 litterarum
819 1661 1006 1698 testatur.
1038 1659 1208 1698 fortasse
1225 1659 1379 1708 Xerxes
1410 1658 1662 1710 significatur
1689 1658 1766 1699 La-

188 1715 533 1754 cedaemoniorum
550 1716 740 1766 adspectu
757 1717 1009 1767 perterritus.
1041 1716 1090 1754 cf.
1108 1715 1316 1766 Aristoph.
1332 1706 1453 1766 Vesp.
1471 1717 1630 1756 1076-
1641 1717 1764 1756 1090.

189 1772 356 1811 dubium
392 1775 453 1812 est
490 1776 625 1812 utrum
656 1787 703 1812 ex
742 1773 978 1813 tetrametro
1018 1773 1273 1823 anapaestico
1305 1786 1355 1812 an
1386 1786 1432 1812 ex
1457 1786 1576 1814 versu
1607 1774 1767 1815 heroico

187 1829 282 1868 haec
313 1830 395 1869 sint
423 1833 622 1881 excerpta.
1768 1846 1769 1849 ’

938 1930 1025 1973 360

394 2010 517 2066 χήτει
547 2025 616 2053 τοι
647 2012 812 2066 πρίνης
841 2008 973 2065 α’ρίας
1003 2009 1260 2065 ποιούμεθα
1288 2008 1509 2066 γόμφους.

305 2093 441 2143 Etym.
475 2107 527 2132 m.
562 2095 665 2146 139,
697 2095 750 2133 39
782 2094 868 2133 cod.
900 2093 1015 2133 Voss.
1045 2106 1068 2132 a
1106 2093 1214 2143 apud
1253 2092 1454 2135 Gaisford.
1494 2093 1712 2134 Herodian.
1744 2094 1766 2134 I

191 2151 286 2198 291,
317 2151 369 2189 23
403 2147 466 2188 ἐπὶ
497 2149 565 2189 τοῦ
597 2155 728 2200 φυτοῦ
757 2146 852 2202 ἆρία
882 2148 950 2189 διὰ
982 2154 1052 2189 τοῦ
1084 2159 1119 2199 ῖ,
1157 2147 1223 2189 και
1259 2145 1540 2203 παροξύνεται,
1579 2147 1635 2198 ὥς
1663 2147 1762 2204 παρ’

189 2202 388 2245 Εὐπόλιδι
410 2206 522 2259 (haec
541 2209 619 2247 tria
640 2209 791 2248 verba
781 2222 823 2247 111
842 2208 1027 2258 reliquis,
1061 2208 1182 2247 etiam
1212 2208 1253 2246 in
1283 2207 1515 2248 Florentino
1543 2208 1691 2248 Milleri
1719 2211 1766 2248 ut

190 2264 394 2313 videntur,
418 2264 579 2316 desunt)
611 2258 718 2316 χήτει
748 2267 829 2304 κτλ.
862 2270 944 2304 τῶν
963 2264 1120 2317 πρίνων
1150 2264 1196 2304 Ο.
1220 2265 1436 2305 Schneider
1458 2265 1609 2308 Ztschr.
1629 2265 1764 2306 Alter-

188 2323 344 2362 tumsw.
383 2322 503 2370 1848,
539 2323 634 2362 788.
695 2325 738 2361 at
767 2337 849 2362 των
886 2323 1101 2362 manifesto
1133 2322 1298 2371 falsum,
1338 2335 1384 2362 ac
1418 2320 1565 2374 πρίνης
1601 2334 1762 2374 quoque

188 2378 346 2417 videtur
374 2379 642 2428 retinendum,
675 2380 874 2431 siquidem
900 2376 1128 2432 φελλόδρυν
1157 2379 1222 2420 vel
1250 2374 1610 2433 ἆρίαν(Τ1]θοΡ111·.
1631 2379 1684 2422 H.
1705 2379 1763 2430 pL

190 2436 228 2484 3,
263 2437 327 2483 16,
362 2433 406 2487 3)
438 2433 536 2475 ἔνιοι
565 2432 925 2489 ὑπολαμβάνουσιν
954 2431 1058 2476 εἶναι
1086 2437 1259 2487 θῆλυν
1287 2439 1444 2488 πρῖνον.
1482 2436 1610 2476 multo
1629 2437 1764 2476 minus

189 2493 309 2531 etiam
340 2497 484 2544 πρινῆς
514 2506 603 2532 cum
633 2494 802 2534 Lentzio
834 2491 895 2547 (in
927 2490 1100 2548 Herod.)
1129 2493 1369 2544 scripserim.
1415 2493 1516 2533 bene
1546 2493 1598 2532 H.
1628 2492 1764 2533 Iacobi

191 2550 363 2589 contulit
393 2550 591 2600 Theophr.
614 2551 663 2590 H.
684 2552 739 2602 pl.
762 2552 800 2599 3,
826 2553 890 2600 16,
923 2552 947 2590 3
979 2564 1103 2590 οπον
1131 2547 1194 2602 μὴ
1224 2547 1410 2600 φύεται
1438 2551 1636 2601 πρῖνος,
1669 2547 1762 2589 τού-

190 2619 243 2658 τῳ
275 2604 320 2659 (i
352 2621 385 2645 e.
419 2612 466 2660 τῇ
498 2604 730 2675 φελλόδρυι)
763 2608 939 2660 χρῶνται
976 2606 1075 2676 πρὸς
1114 2605 1184 2654 τας
1214 2603 1370 2658 ἁμάξας
1407 2604 1478 2646 καὶ
1515 2621 1562 2645 τα
1599 2611 1763 2646 τοιαῦτα

235 2692 244 2700 .
276 2694 285 2702 .
316 2665 486 2702 καλοῦσι
515 2661 560 2702 δὲ
590 2663 700 2717 οἵγε
733 2668 902 2718 Δωριεῖς
931 2663 999 2704 καὶ
1027 2660 1148 2717 ἆρίαν
1177 2661 1222 2703 τὸ
1251 2661 1431 2717 δένδρον.
1464 2661 1546 2702 ἔστι
1575 2661 1621 2703 δὲ
1639 2665 1762 2715 μαλα-

188 2716 363 2770 κώτερον
392 2718 460 2758 καὶ
488 2718 707 2772 μανότερον
737 2727 806 2761 τοῦ
834 2722 1002 2774 πρίνου,
1042 2719 1304 2774 σκληρότερον
1341 2717 1387 2759 δὲ
1415 2718 1483 2759 καὶ
1510 2719 1763 2774 πυκνότερον

190 2779 260 2827 τῆς
293 2774 424 2828 δρυός.
457 2777 541 2817 ubi
563 2780 717 2829 optima
737 2781 925 2838 consequi
954 2792 1036 2819 non
1056 2791 1282 2830 possumus,
1313 2791 1415 2828 quae
1435 2778 1627 2818 videntur
1646 2778 1760 2818 boni-

189 2835 274 2872 tate
304 2835 484 2884 proxima
514 2836 686 2884 petenda
716 2837 840 2876 sunt.’
891 2837 940 2876 cf.
973 2837 1023 2876 fr.
1059 2837 1123 2885 14,
1157 2837 1196 2878 4.
