1872 3224
583 204 894 242 ΑῙοΛοΣΙΚῼΝ
941 209 1232 246 ΑΜΦῙΑΡΕΩΣ
1605 218 1685 260 397

892 311 943 353 18

325 388 380 428 A.
411 384 562 440 γύναι,
594 388 640 429 τί
666 385 716 430 τό
746 390 963 445 ψοφῆσάν
995 389 1121 444 ἐσθ’;
1152 396 1203 436 Β.
1237 391 1499 449 ἀλεκτρυών

323 451 409 510 τὴν
439 454 605 506 κύλικα
635 458 983 514 καταβέβληκεν.
1017 465 1071 503 A.
1105 461 1356 516 οἰμώζουσά
1386 480 1450 518 γε.

161 551 163 553 ’
233 536 369 578 Schol.
391 538 496 578 Nub.
521 540 602 579 663
635 537 679 579 ἐν
699 537 786 579 ἔθει
805 535 858 592 ἧν
878 538 960 582 τότε
981 542 1047 583 καὶ
1067 542 1140 595 τὴν
1162 544 1330 596 θήλειαν
1353 543 1592 600 ἀλεκτρυόνα
1612 564 1677 588 κα-

38 591 58 651 ‘J
115 596 220 635 λεῑν·
260 592 388 645 σαφὲς
426 592 471 634 δὲ
507 595 658 648 γίνεται
703 595 747 636 ἐν
780 594 1011 654 Ἀμφιαράῳ
1060 603 1140 640 κτλ.
1180 599 1417 656 οἰμώζουσα]
1463 602 1683 657 οἰμώξουσα

114 652 355 695 Brunokius.
408 656 451 693 at
493 655 674 694 futurum
720 669 897 714 semper-
917 661 977 698 est
1012 657 1239 710 οἰμώξομαι.
1300 657 1413 706 ἕσθ’;
1458 658 1684 716 ἁλεκτρυὼν

87 762 90 765 ¹
114 708 312 764 Brunck]
344 708 472 762 ἐστίν,
503 707 529 762 ἡ
567 707 810 763 ἀλεκτρυών.
869 715 942 766 ήν;
981 715 1153 756 Cobetus
1192 716 1286 757 Obs.
1318 719 1406 758 orit.
1440 721 1494 760 80
1525 722 1612 763 adn.
1647 723 1681 761 1.

115 769 224 809 ‘nam
257 777 383 808 'senex
420 770 491 820 qui
529 770 695 809 miserat
733 784 895 811 uxorem
933 774 1182 823 exploratum
1220 775 1315 825 quid
1353 777 1586 826 strepuisse-t
1619 790 1680 817 re-

41 827 47 839 ”
79 829 321 873 [vertemem
351 827 408 866 sic
447 827 710 878 adloquitur’.
765 831 808 868 at
844 830 886 869 id
924 831 1002 869 iam
1040 831 1241 871 indicatur
1278 833 1486 882 participio
1529 835 1680 874 aoristi.

19 920 50 935 ,
112 885 225 928 ‘recte
255 883 368 933 ‘quid
396 888 464 924 est
495 886 598 934 quod
625 888 788 935 strepuit
798 887 834 925 ,9’

322 1097 398 1142 καὶ
428 1097 484 1155 νὴ
517 1097 594 1142 Δί’
629 1100 679 1142 ἐκ
709 1102 792 1142 τοῦ
822 1101 1051 1156 δωματίου
1081 1117 1132 1156 γε
1162 1104 1256 1158 νῷν
1286 1103 1395 1158 φέρε

319 1168 580 1224 κνέφαλλον
610 1166 699 1225 ἅμα
730 1169 804 1212 καὶ
834 1169 1202 1226 προσκεφάλαιον
1231 1174 1324 1213 τῶν
1354 1171 1504 1215 λινῶν.

226 1252 480 1292 Herodianus
519 1253 539 1291 I
569 1254 670 1301 319,
707 1255 772 1292 18.
810 1253 851 1292 II
883 1254 982 1301 348,
1020 1254 1082 1293 10.
1116 1255 1219 1303 944,
1252 1255 1304 1293 23
1335 1252 1431 1304 τύλη
1460 1251 1558 1306 ὅπερ
1589 1252 1681 1293 σύν-

111 1311 214 1361 ηθες
255 1305 448 1357 Ἀττικοῖς
493 1307 717 1358 κνέφαλλον
756 1312 913 1360 καλεῖν,
956 1306 1176 1362 ὁμωνύμως
1222 1316 1276 1365 τῷ
1311 1309 1570 1365 περιεχομένῳ
1607 1309 1681 1362 τὴν

111 1364 388 1418 περιέχουσαν.
446 1364 737 1418 Ἀριστοφάνης,
773 1361 995 1422 Ἀμφιάρεῳ
1031 1370 1111 1408 κτλ.
1179 1369 1319 1407 Pollux
1360 1370 1432 1417 10,
1464 1370 1519 1408 40
1557 1366 1601 1407 ἐν
1636 1366 1679 1407 δὲ

109 1416 338 1479 Ἀμφιάρεῳ
366 1421 679 1476 Ἀριστοφάνους
701 1421 926 1473 κνέφαλλον
954 1447 1009 1453 -
1039 1425 1118 1464 τῶν
1148 1426 1288 1464 λινῶν
1319 1422 1501 1475 δηλονότι
1530 1421 1583 1472 ὡς
1614 1423 1680 1464 καὶ

112 1481 315 1522 σκυτίνων
343 1480 410 1521 καὶ
440 1479 564 1534 ἐρεῶν
592 1479 850 1535 γιγνομένων.
883 1480 947 1521 καὶ
979 1480 1029 1533 νὴ
1062 1481 1118 1520 Δί
1125 1475 1134 1488 ⁷
1169 1480 1211 1520 ἐκ
1241 1504 1282 1509 —-
1307 1496 1350 1534 γε
1372 1486 1458 1536 νῷν
1476 1481 1676 1534 Dindorf.]

110 1537 232 1591 καινὴ
263 1537 350 1579 διὲκ
380 1563 436 1567 -
474 1537 616 1591 γένων.
675 1539 874 1591 Bergkius
912 1553 1092 1579 scaenam
1131 1540 1353 1590 suspicatur
1390 1540 1558 1579 similem
1595 1553 1680 1579 esse

110 1597 283 1648 Lysisizr.
318 1598 570 1638 916—930.
629 1598 671 1635 at
711 1597 846 1647 potuit
875 1610 993 1637 senex
1023 1598 1118 1636 haee
1146 1597 1261 1635 uxori
1291 1597 1438 1645 dicere,
1470 1598 1679 1647 postquam

114 1657 306 1706 aegrotus
337 1656 378 1694 et
408 1655 537 1694 fessus
569 1668 616 1693 ex
645 1655 790 1694 itinere
821 1655 870 1693 ad
901 1654 1132 1705 Amphiarai
1162 1654 1346 1694 sacellum
1379 1654 1574 1704 pervenit.

878 1788 935 1831 20

317 1871 441 1927 νόσῳ
471 1867 679 1925 βιασθεὶς
708 1865 737 1924 ἢ
768 1870 917 1924 φίλων
947 1866 1132 1924 &mmm

226 1954 370 1993 Suidas
398 1950 562 2004 ἀχηνία·
601 1949 770 2003 ἀπορία,
809 1949 947 1999 πενία,
990 1945 1276 2002 Ἀριστοφάνης
1315 1943 1546 2002 Ἀμφιαράῳ
1591 1951 1675 1987 κτλ.

107 2011 279 2050 Bekker.
312 2011 466 2060 Anecd.
498 2011 595 2058 474,
630 2012 652 2048 7
684 2005 849 2060 ἀχηνία·
881 2004 1039 2058 ἀπορία,
1069 2005 1201 2046 πενία.
1230 2003 1517 2058 Ἀριστοφάνης
1547 2003 1673 2052 οὕτως

108 2066 282 2120 εἴρηκεν.
314 2067 489 2118 Hesych.
521 2063 686 2117 ἀχηνία·
715 2062 875 2117 ἀπορία,
904 2055 983 2102 ἀπὸ
1013 2065 1083 2102 τοῦ
1111 2061 1164 2115 μὴ
1196 2061 1299 2114 ἔχειν
1330 2061 1396 2115 (ί).
1444 2060 1511 2101 καὶ
1540 2062 1580 2101 οἵ
1604 2059 1673 2100 πέ-

107 2139 224 2175 νητες
266 2117 423 2175 ἆχῆνες.
471 2124 521 2165 ef.
553 2123 778 2162 Blomfield.
815 2122 946 2162 Gloss.
977 2121 1121 2160 Aesch.
1154 2121 1232 2171 Ag.
1263 2121 1360 2160 408.
1419 2119 1538 2158 verba
1576 2132 1675 2169 quae

109 2182 330 2223 sacerdotis
351 2194 436 2221 esse
457 2181 645 2220 videntur
665 2193 822 2219 causam
851 2179 1047 2218 adventus
1078 2177 1330 2225 sciscitantis,
1360 2176 1550 2226 tragicam
1581 2189 1674 2225 prae

112 2253 154 2280 se
181 2240 318 2279 ferunt
338 2239 585 2290 gravitatem
617 2239 658 2276 et
674 2237 842 2276 fortasse
872 2236 921 2274 ad
950 2235 1157 2285 Euripidis
1193 2234 1425 2273 inrisionem
1455 2233 1675 2282 composita

110 2300 220 2337 sunt.

877 2382 930 2424 21

315 2461 410 2506 ἀλλ’
442 2456 479 2505 ὦ
508 2463 726 2518 θύγατερ,
759 2459 889 2516 ἔλεξ’,
917 2459 1065 2514 Ἰασοῖ,
1098 2457 1351 2515 πρευμενής
1379 2482 1435 2488 ——

226 2548 358 2588 Schol.
396 2547 504 2586 Plut.
546 2548 625 2586 Ι701
665 2549 841 2597 προσῆκε
885 2549 938 2599 τῷ
971 2540 1194 2596 Ἀσκληπιῷ
1233 2537 1258 2591 ἡ
1292 2535 1406 2578 ’laesia
1450 2536 1555 2590 παρὰ
1600 2535 1673 2588 τὴν

110 2604 222 2645 ἴασιν
251 2601 533 2655 ὠνομασμένη·
565 2600 664 2642 ἀλλὰ
692 2600 760 2641 καὶ
787 2598 990 2654 θυγατέρα
1030 2605 1100 2638 τοῦ
1126 2594 1372 2661 Ἀμφιαράου
1409 2592 1536 2646 αὐτὴν
1565 2589 1673 2633 εἶπεν

111 2661 156 2702 ἐν
186 2660 373 2709 ἐκείνοις·
404 2656 491 2700 ἀλλ’
525 2663 606 2700 κτλ.
667 2660 889 2711 Hesychius
914 2655 1029 2696 Ἰασὼ
1067 2651 1172 2706 παρὰ
1210 2667 1251 2692 το
1288 2653 1440 2692 ἰᾶσθαι.
1501 2650 1599 2702 φησὶ
1628 2648 1671 2689 δὲ

105 2716 398 2773 Ἀριστοφάνης
427 2717 494 2758 καὶ
520 2713 769 2770 Ἀμφιαράου
790 2712 992 2768 θυγατέρα
1014 2708 1116 2753 εἶναι
1132 2706 1258 2750 Ἰασώ.
1290 2706 1386 2759 ἔλεξ’
1416 2706 1541 2747 Ἰασοῖ
1557 2708 1671 2747 seid-

109 2775 239 2830 letus]
277 2773 388 2824 ἔλεξά
424 2786 498 2815 σοι.
558 2775 732 2814 dubitari
769 2786 850 2813 non
886 2774 1018 2824 potest
1053 2771 1148 2822 quin
1184 2769 1234 2807 ad
1264 2767 1550 2817 Amphiaraum
1580 2766 1671 2803 haec

109 2835 352 2885 pertineant.
407 2825 536 2872 Ἰασοῐ
566 2832 775 2873 vocativus
812 2843 924 2870 casus
961 2831 1041 2878 est,
1078 2828 1119 2866 in
1156 2826 1235 2864 fine
1264 2824 1461 2864 sententia
1490 2823 1670 2872 abrupta.

111 2904 252 2932 scaena
280 2891 424 2931 similis
453 2891 615 2932 videtur
644 2889 767 2930 fuisse
796 2889 903 2927 Plut.
937 2888 1014 2927 701
1037 2898 1096 2934 sq.
