1872 3224
196 185 282 237 524
791 183 1185 219 ΑΡΙΣΤΟΦΑΝΟΤΣ

942 284 1028 329 515

401 342 535 394 δόκος

308 408 407 467 πρὸς
454 410 762 478 ἆντιδιαστολὴν
800 418 872 453 τοῦ
907 407 1025 462 δοκὸς
1063 409 1257 463 ὀξυτόνου
1295 418 1367 453 τοῦ
1405 413 1670 465 σημαίνοντος
1700 410 1777 466 τὴν

199 471 382 523 δόκησιν.
414 469 482 510 καὶ
515 485 620 523 παρα
648 466 928 523 Ἀριστοφάνει
958 469 1004 510 ἐν
1045 473 1306 523 Ταγηνισταῖς
1337 470 1524 523 σημαίνει
1552 468 1627 522 τὴν
1654 467 1775 524 ἀγχό-

198 543 287 579 νην.
328 528 504 569 Cramer.
538 529 689 569 Anecd.
721 528 794 571 Ox.
825 529 846 568 Ι
878 530 974 575 223,
1009 531 1073 569 19.
1112 529 1328 569 Herodian.
1359 528 1380 568 I
1413 529 1517 580 148,
1549 530 1602 568 27
1633 529 1774 569 Lenta.

196 587 319 626 immo
350 582 371 625 ὁ
403 584 523 634 δόκος
554 589 617 627 est
644 588 777 636 opinio
808 582 853 637 (ἡ
885 584 1083 640 δόκησις),
1113 582 1138 637 ἡ
1161 581 1278 634 δοκός
1304 587 1429 626 Φναὺε.

940 697 1026 740 516

402 753 591 810 ἐσχάρια

309 827 454 866 Pollux
495 829 568 875 10,
612 830 690 868 101
733 823 906 880 ἐσχάραν
941 825 1069 874 εἴποις
1105 823 1161 866 ἂν
1196 824 1239 866 τὸ
1283 823 1513 876 ἀνθράκων
1557 830 1673 866 τοῦτο
1708 823 1776 866 καὶ
1852 871 1865 880 .

196 881 395 935 ἐσχᾶριον,
422 880 738 936 Ἀριστοφάνους
769 882 813 924 ἐν
846 886 1112 937 Ταγηνισταῖς
1143 883 1326 932 εἰπόντος
1356 881 1542 937 ἐσχάρια.

569 1052 579 1065 ,
944 996 1029 1039 517

402 1068 652 1108 καρπευειν

308 1123 351 1164 τὸ
381 1121 655 1177 εὐκαρπεῖν
685 1122 730 1165 ἕν
766 1127 1044 1179 Ταγηνισταῖς.
1096 1126 1240 1165 Pollux
1273 1127 1310 1174 7,
1348 1126 1441 1165 149.

508 1294 518 1307 Ι
943 1237 1028 1280 518

400 1310 622 1351 κηρυκιον

311 1373 367 1426 ὥς
389 1375 434 1417 ἐν
458 1380 737 1431 Ταγηνισταῖς.
769 1378 911 1418 Pollux
933 1380 998 1423 10,
1021 1379 1115 1418 173.
1147 1377 1318 1418 conchae
1338 1377 1517 1417 marinae
1546 1389 1676 1429 genus
1695 1377 1772 1417 οει.

449 1546 459 1560 Ι
940 1489 1026 1533 519

400 1558 626 1597 κυπασσις

306 1634 471 1683 χιτῶνος
502 1624 607 1678 εἶδός
638 1642 767 1680 φασιν
795 1627 922 1670 αὐτὸν
951 1624 1055 1670 εἶναι
1087 1662 1095 1671 .
1128 1661 1136 1670 .
1169 1658 1182 1679 ‚
1212 1629 1253 1669 οἱ
1277 1626 1353 1681 μὲν
1381 1626 1630 1682 γυναικείου,
1661 1626 1703 1668 οἱ
1727 1623 1774 1667 δὲ

194 1685 398 1741 ἀνδρείου.
430 1686 627 1740 μέμνηται
656 1685 696 1727 δ’
732 1685 860 1728 αὐτοῦ
892 1717 903 1728 .
938 1718 948 1728 .
983 1719 992 1728 .
1025 1686 1093 1728 καὶ
1119 1683 1411 1739 Ἀριστοφάνης
1451 1684 1496 1725 ἐν
1518 1688 1607 1748 τοῖς
1642 1686 1772 1738 Ταγη·

197 1749 363 1794 νισταῖς.
394 1746 674 1797 Harpocrassio.

944 1822 1032 1866 520

398 1881 604 1936 κωνῆσαι

309 1958 597 2016 Αριστοφανης
627 1961 671 2003 ἐν
705 1965 973 2016 Ταγηνισταῖς
1004 1960 1048 2003 τὸ
1078 1964 1347 2015 περιενεγκεῖν
1382 1958 1498 2014 λέγει.
1548 1961 1686 2012 Etym.
1716 1972 1771 2002 m.

197 2023 295 2067 551,
321 2023 387 2061 23.
420 2021 523 2061 Gud.
557 2022 653 2069 358,
676 2022 743 2061 22
776 2021 950 2061 Cramer.
983 2021 1135 2061 Anecd.
1158 2021 1248 2060 Par.
1270 2019 1441 2069 111152,
1469 2019 1534 2058 17.
1569 2014 1770 2070 κωνῆσαι]

194 2077 366 2117 κωνίσαι
396 2079 532 2130 Etym.
564 2092 618 2118 m.
651 2078 769 2118 Sorb.
800 2079 868 2118 Et.
900 2078 1002 2118 Gud.
1035 2078 1167 2118 Uram.
1199 2078 1277 2117 An.
1313 2074 1584 2128 περικωνῆσαι
1622 2074 1771 2126 Bergk.

195 2137 300 2176 conl.
334 2135 457 2187 Vesp.
491 2136 588 2175 600.
641 2133 926 2189 περιενεγκεῖν]
957 2133 1231 2200 περιενείκειν,
1273 2135 1514 2185 περιενικεῖν
1543 2145 1638 2183 pars
1667 2131 1773 2171 codi-

193 2206 295 2233 cum.
328 2206 379 2232 an
408 2192 701 2245 περιεγκινεῖνὶ)
739 2195 929 2232 uwvet'va
950 2197 1102 2243 κωνος,
1133 2193 1158 2232 i.
1180 2206 1216 2232 e.
1246 2188 1401 2243 βέμβιξ.
1433 2189 1607 2241 Hesych.
1639 2191 1773 2238 κωνῆ-

193 2260 281 2288 σαι·
324 2245 458 2303 κύκλῳ
493 2252 763 2302 περιενεγκεῖν
803 2252 843 2290 et
879 2246 1119 2289 ἆνακωνᾶν·
1157 2244 1435 2317 ἀναστρέφειν.
1486 2247 1536 2287 cf.
1568 2243 1700 2286 ἐκαίνα
1729 2247 1774 2286 θι

192 2306 342 2347 κωνᾶν.
374 2307 544 2348 Photius
576 2306 772 2358 κωνῆσαι·
806 2309 1104 2375 περιενεγκεῖν.
1131 2336 1139 2346 .
1165 2319 1353 2354 ,κωνους
1382 2319 1458 2358 γαρ
1488 2303 1656 2343 καλοῦσι
1676 2300 1770 2350 τούς

194 2363 426 2416 στροβίλους
458 2395 467 2404 .
502 2395 509 2402 .
543 2394 550 2402 .
582 2362 766 2416 εἴληπται
794 2360 874 2403 ἀπὸ
906 2369 976 2415 τῆς
1005 2363 1087 2403 τῶν
1115 2361 1262 2402 κώνων
1289 2359 1552 2415 περιαγωγῆς.

939 2475 1022 2519 521

399 2533 614 2588 μυρίδιον

307 2614 442 2668 εἴρηκε
473 2613 516 2655 τὸ
545 2611 673 2667 μύρον
699 2610 987 2668 Ἀριστοφάνης
1019 2613 1064 2654 ἐν
1098 2615 1375 2666 Ταγηνισταῖς.
1415 2612 1557 2652 Pollux
1583 2612 1649 2664 10,
1675 2611 1768 2651 119.

937 2725 1024 2769 522

397 2784 587 2840 νεβρίδα

308 2862 364 2914 αἱς
397 2863 442 2906 ἐν
474 2868 751 2919 Ταγηνισταῖς.
784 2866 929 2907 Pollux
962 2867 1026 2915 10,
1063 2867 1156 2906 173.
