1872 3224
199 185 283 228 346
831 176 1133 212 ΕΤΠοΑιΔοΣ

197 287 335 342 μένης,
359 283 642 340 ἐβριμωμένης.
674 284 715 324 οἷ
730 282 806 336 γὰρ
824 279 992 322 ’Λττικοὶ
1015 276 1291 331 ἀποβάλλουσι
1311 277 1548 331 σύμφωνον.
1599 277 1779 320 Cramer.
1807 319 1818 335 ,Α

198 347 352 387 Aneed.
387 345 457 386 Ox.
489 344 572 383 1111
603 344 686 382 484
718 338 938 394 ἐγνυμένον.
967 337 1036 378 καὶ
1064 335 1320 391 βλαστικότες
1350 331 1451 400 παρ’
1484 331 1700 377 Εὐπόλιδι.
1736 336 1782 378 οἱ
1825 382 1828 386 ,

197 405 346 444 rectius
378 403 461 441 514
492 399 533 440 τὸ
566 396 772 452 ἐγλυμένοι
802 396 871 437 καὶ
901 393 1190 450 ἕβλαστηκότες
1222 392 1320 448 παρ’
1356 391 1566 434 Ευπόλιδι.
1615 394 1670 435 of.
1699 392 1782 436 He&
1814 414 1819 415 ⁷

198 461 351 501 rodian.
383 460 423 498 H
456 461 550 507 789,
583 458 639 498 40
670 457 810 497 Lentz.
850 456 942 507 Iph.
974 455 1066 512 AuJ.
1096 455 1179 494 595
1211 451 1256 493 ἐκ
1286 448 1470 506 μεγάλων
1500 447 1780 504 ἐβλαστήκασι.

948 555 1034 599 330

403 637 459 682 οὐ
489 637 576 694 γὰρ
608 638 836 681 λέλειπται
866 639 960 679 τῶν
993 636 1117 692 ἐμῶν
1148 632 1253 678 οὐδ’
1287 636 1495 690 ἔγκαφος.

309 725 445 776 Etym.
477 737 531 762 m.
567 723 663 772 310,
697 723 765 761 21.
806 721 949 761 Suidas
988 717 1175 772 ἕγκαφος.
1225 719 1367 760 Zonar.
1401 715 1483 760 60'3
1522 715 1697 772 ἔγκαιρος
1734 715 1782 759 νδ

197 779 412 833 ἐλάχιστον.
443 778 631 827 Εὔπολις
661 781 743 819 κτλ.
778 779 965 818 similiter
994 778 1183 818 Eustath.
1218 778 1344 829 1481,
1377 777 1445 817 34.
1476 771 1525 816 οὐ
1555 773 1653 831 γὰρ]
1682 770 1778 818 οὔτ’

194 836 247 891 οἲρ
277 840 414 891 Etym.
446 853 501 878 m.
535 839 676 879 Zonar.
708 834 923 889 λέλειπται]
954 835 1138 886 λε’λησται
1166 835 1314 887 Etym.
1345 849 1398 874 m.
1414 865 1425 885 ‚
1465 834 1535 875 sed
1572 836 1681 876 reete
1718 831 1779 875 λέ·
1838 855 1840 858 >

195 900 350 938 λειπται
379 896 636 936 Florentinus
676 895 824 935 Milleri
863 892 1090 947 (Melanges
1123 891 1213 946 97).
1264 893 1388 933 ‘sunt
1416 892 1589 933 fortasse
1628 891 1780 934 Calliae

196 955 320 997 verba
350 955 392 995 in
425 953 748 994 Adulatoribus.’
781 952 954 992 Meinek.

945 1052 1029 1096 331

402 1134 464 1186 ὣς
493 1138 663 1191 οἴχεται
693 1133 777 1190 μὲν
807 1131 945 1190 τυρὸς
976 1132 1316 1190 ἐξεγλυμμένος.

308 1220 487 1272 Etymol.
518 1232 573 1258 m.
606 1220 702 1267 311,
734 1219 788 1258 55
820 1214 1083 1270 ἕγλυμμένος,
1115 1215 1159 1257 ἐκ
1190 1220 1263 1256 τοῦ
1292 1214 1580 1270 γεγλυμμένος·
1613 1211 1703 1259 οἷον
1720 1213 1778 1267 ὥς

195 1280 276 1318 κτλ.
327 1277 518 1329 Eupolidi
549 1276 661 1316 dedit
700 1277 923 1315 Meinekius
954 1276 1058 1315 conl.
1098 1275 1373 1328 grammaticis
1412 1276 1483 1327 qui
1513 1275 1566 1316 fr.
1597 1276 1681 1316 329
1710 1288 1777 1317 exe

196 1336 335 1387 scripti
369 1338 477 1374 sunt.
519 1335 562 1373 in
592 1331 711 1386 ἐξεγλ.
743 1334 844 1373 nihil
874 1333 1028 1373 insoliti
1058 1334 1189 1374 inesse
1221 1336 1328 1373 recte
1358 1335 1494 1374 monet
1515 1332 1693 1375 Cobetus
1723 1333 1777 1375 N.

195 1393 222 1432 1.
256 1395 350 1433 161.
385 1390 532 1444 οἴχεται
563 1392 660 1432 ‘iam
690 1404 772 1431 mm
801 1391 955 1431 exstat'.
987 1391 1040 1431 cf.
1074 1392 1197 1431 Arist.
1231 1390 1356 1441 Vesp.
1390 1391 1488 1431 838.
1520 1390 1777 1432 scribendum

195 1446 600 1502 οὖξεγλυμμένος
639 1451 680 1489 et
718 1449 887 1489 fortasse
924 1446 1143 1499 ψύχεται
1179 1461 1252 1499 pro
1292 1446 1455 1500 οἴχεται.
1505 1449 1555 1489 ef.
1593 1449 1642 1488 fr.
1675 1449 1775 1489 451.

195 1509 292 1547 Xen.
325 1508 474 1559 Cyneg.
509 1508 547 1555 5,
581 1508 606 1546 3
638 1503 711 1554 ἕως
741 1502 797 1545 ἂν
826 1506 974 1561 ψυχθῇ
1004 1503 1071 1560 (τὰ
1103 1504 1229 1558 ἴχνη).
1577 1528 1579 1530 -

939 1606 1024 1649 332

404 1687 446 1729 εἰ
472 1685 532 1743 μὴ
564 1687 680 1742 κόρη
713 1686 891 1730 δεύσειε
922 1683 972 1728 τὸ
1005 1693 1132 1737 σταῖς
1162 1683 1311 1743 ᾔθεος.

312 1771 488 1823 Etymol.
519 1785 574 1810 m.
605 1771 702 1821 422,
735 1771 802 1810 43.
846 1770 1031 1811 Eustath.
1066 1771 1170 1820 500,
1204 1772 1270 1811 38.
1309 1770 1484 1814 Cramer.
1515 1771 1666 1812 Aneed.
1700 1771 1775 1813 Ox.

197 1829 259 1867 111
291 1829 387 1881 328,
420 1830 472 1867 22
505 1826 630 1883 ᾔθεος
662 1826 842 1876 σπανίως
874 1825 938 1867 ἐπὶ
967 1825 1198 1880 παρθένου,
1238 1824 1292 1876 ὦς
1323 1825 1424 1880 παρ’
1459 1824 1660 1869 Εὐπόλιδι
1691 1830 1776 1870 κτλ.

186 1880 380 1939 Εὐκόριδι
411 1886 542 1926 Cram.
577 1887 654 1926 An.
687 1884 798 1933 σταῖς
828 1881 971 1937 ἠίθεος
1001 1885 1138 1938 Etym.
1170 1901 1224 1926 m.

939 1986 1023 2029 333

400 2063 591 2121 βάπτειν
622 2064 676 2108 τά
708 2065 852 2122 κάλλη
883 2066 937 2108 τά
971 2068 1225 2123 περίσεμνα
1255 2070 1312 2124 τῇ
1342 2069 1451 2124 θεῷ.

312 2150 491 2201 Etymol.
524 2164 577 2191 m.
600 2151 697 2198 486,
719 2151 773 2190 46
806 2147 852 2188 τὰ
883 2154 1076 2203 πορφυροῖ
1105 2144 1180 2204 γάρ
1210 2150 1335 2203 κάλλη
1365 2149 1594 2193 ἐκαλοῦντο.
1633 2149 1774 2193 Εὔπο-

196 2209 256 2254 λις
287 2209 368 2246 κτλ.
419 2208 563 2247 Pollux
597 2210 633 2256 7,
668 2208 721 2247 63
752 2205 820 2246 καὶ
849 2205 974 2259 κάλλη
1013 2207 1133 2258 φίλον
1169 2211 1252 2257 τοῖς
1292 2209 1499 2264 κωμῳδοῖς
1538 2211 1677 2251 καλεῖν
1707 2207 1774 2263 (τὰ

194 2269 383 2317 πορφυρᾶ
422 2262 599 2318 ἱμάτια),
638 2261 694 2312 ὡς
725 2262 907 2312 Εὔπολίς
944 2279 1022 2305 που
1058 2263 1180 2318 λέγει·
1221 2264 1268 2306 τὰ
1299 2265 1424 2318 κάλλη
1464 2269 1545 2307 κτλ.
1597 2268 1774 2320 Etymol.

195 2322 299 2361 Gud.
333 2323 433 2372 294,
467 2323 520 2361 28
560 2319 704 2373 (βάπτε
734 2335 806 2373 pro
836 2320 1038 2375 βάπτειν).
1080 2323 1256 2365 Cramer.
1289 2324 1440 2365 Anecd.
1473 2325 1561 2368 Par.
1591 2325 1676 2366 IIII
1705 2327 1773 2375 63,

198 2381 248 2418 19
276 2376 476 2426 Εὔπολις·
520 2378 688 2430 βάπτειν
717 2401 771 2408 —
811 2381 907 2435 θεῷ.
946 2379 1117 2433 βάπτειν
1155 2380 1201 2421 τὰ
1241 2379 1365 2432 κάλλη
1404 2382 1579 2423 Cramer.
1621 2383 1773 2424 Anecd.

195 2436 269 2476 Ox.
301 2437 343 2476 II
371 2438 467 2485 455,
498 2438 536 2477 4.
567 2435 734 2488 βάπτετε
765 2438 961 2478 Fritzsch.
995 2438 1042 2485 Q.
1074 2440 1143 2480 Ar.
1179 2441 1274 2480 201.
1308 2438 1488 2487 Βάπταις
1518 2440 1690 2480 Meinek.
1720 2441 1772 2480 ad

193 2493 343 2544 Baptas
372 2495 534 2534 rettulit
564 2496 685 2534 etiam
715 2495 1057 2537 Hemsterhusius.

400 2661 541 2705 αὐτοῦ
573 2663 615 2705 δ’
652 2661 844 2708 ὄπισθεν
876 2667 1125 2722 κατέλαβεν
1155 2665 1236 2710 τόν
1267 2666 1492 2711 κόντιλον.

228 2793 235 2806 ³
310 2745 485 2809 E‘tymol.
509 2760 561 2786 m.
585 2748 680 2797 529,
704 2750 728 2787 8
760 2745 957 2797 κόντιλος’
979 2747 1160 2799 Εὔπολις
1181 2751 1219 2791 εἰ
1235 2745 1289 2804 μὴ
1319 2750 1462 2802 παίζει,
1492 2746 1621 2790 αὐτοῦ
1648 2747 1690 2789 δ’
1715 2773 1768 2780 —

198 2815 240 2839 το
278 2802 490 2854 κουὸυλον.
541 2802 622 2842 ἔστι
651 2800 812 2856 κοντός,
850 2804 1042 2856 κόντιλος.
1082 2812 1188 2850 recte
1220 2809 1350 2852 Cram.
1382 2809 1531 2849 Aneod.
1562 2808 1652 2855 Par.
1685 2808 1771 2849 1111

197 2860 248 2898 76
281 2857 350 2898 τὸν
379 2859 571 2900 κόντιλον.
623 2875 669 2901 ac
699 2863 755 2902 sic
783 2876 891 2906 nunc
922 2866 1044 2906 etiam
1074 2866 1332 2907 Florentinus
1362 2866 1513 2906 Milleri
1543 2862 1769 2920 (Melanges
