1838 3230
132 197 216 240 802
409 196 774 231 ΚΗΦΙΣΟΔΩΡΟΤ
825 196 892 229 ΤΣ
932 195 1141 230 ΑΔΗΛΩΝ
1173 195 1444 230 ΔΡΑΜΑἹῺΝ

130 305 178 343 de
218 305 499 344 chamaeleonte
530 303 702 342 Aristot.
736 302 791 341 H.
823 316 886 342 an.
917 303 966 351 2,
999 303 1022 341 7
1053 300 1145 354 (11)
1186 314 1277 342 eum
1314 302 1372 342 eis
1413 314 1516 353 quae
1555 300 1717 345 Schnei-
1832 287 1838 355 j

130 362 251 401 derue
282 361 503 400 adnotavit.
543 361 701 399 Aelian.
733 360 788 399 H.
820 373 885 399 an.
926 361 966 410 2,
1005 361 1079 409 14,
1127 360 1197 399 ubi
1236 372 1325 400 eum
1354 359 1498 399 Medea
1535 362 1571 399 et
1609 358 1719 400 050·ae
1765 359 1768 363 ’
1816 372 1838 408 ‚¹

128 421 398 470 eomparatur.
430 418 536 458 Plin.
558 418 611 457 N.
633 418 673 457 h.
698 418 764 467 28,
791 419 887 456 112.
921 417 1110 458 Leutsch.
1142 416 1264 469 Greg.
1288 417 1412 469 Cypr.
1442 417 1556 457 Leid.
1585 418 1625 468 3,
1647 417 1716 457 32.

909 519 935 561 8

336 587 553 643 κρεάδιόν
583 603 626 630 τι
658 588 842 642 φαῦλον
872 585 902 643 ἢ
932 587 1139 643 ταρίχιον

249 672 483 712 Athenaeus
515 673 553 721 3,
590 671 706 711 119d
738 668 1032 724 Κηφισόδωρος
1065 668 1110 710 ἐν
1134 667 1198 709 Ὑί
1223 671 1306 710 κτλ.

331 838 431 884 οὐδ’
466 839 705 898 ὀψοφάγος
735 838 838 883 οὐδ’
872 772 1119 896 ἆὲολέσχης

245 926 476 966 Athenaeus
508 927 554 974 8,
589 926 702 964 345f
730 917 1023 977 Κηφισόδωρος
1047 919 1111 963 Ὑί
1137 926 1218 963 κτλ.
1260 919 1340 962 ‘·Yt
1374 919 1466 963 οὐδ
1499 919 1715 979 ὀψοφάγος

135 981 326 1036 Casaub]
362 982 457 1022 υἱοῦ
489 977 524 1020 δ’
560 979 770 1035 ὀψοφάγος
802 978 888 1021 οὐδ’
923 978 1136 1035 ὀψοφάγος
1169 983 1220 1022 Α.

904 1083 957 1126 10

247 1168 391 1207 Pollux
426 1167 848 1216 10‚109.110‚ubi
879 1167 1150 1207 instrumenta
1180 1166 1373 1206 culinaria
1403 1167 1713 1207 enumerantur:

131 1220 201 1264 τὸν
233 1222 277 1263 δὲ
308 1222 464 1278 φρυγέα
495 1222 562 1264 καὶ
592 1220 720 1263 αυτὸν
749 1220 806 1272 ὥς
837 1229 981 1272 σκεῦος
1011 1219 1266 1277 μαγειρικόν,
1298 1221 1376 1263 εἴτε
1407 1221 1450 1264 τὸ
1478 1219 1641 1278 ἀγγεῖον
1670 1220 1716 1263 ἐν

132 1298 163 1338 ῳ
198 1280 395 1335 ἕφρυγον,
429 1281 507 1322 είτε
539 1279 580 1322 τὸ
604 1281 831 1353 φρύγετρον
862 1312 871 1321 .
905 1312 913 1321 .
949 1312 958 1321 .
989 1279 1058 1322 και
1085 1279 1168 1333 μὴν
1190 1279 1259 1321 καὶ
1259 1279 1576 1352 Κηφισοδώρου
1596 1278 1642 1322 ἐν
1655 1277 1719 1322 ‘Yl

130 1325 313 1388 εἰπόντος
345 1335 541 1389 σπονδὴ
572 1338 624 1379 δὲ
655 1338 783 1393 παρὰ
815 1340 916 1379 τῶν
935 1335 1168 1379 ὁλκάδων
1188 1337 1271 1379 καὶ
1291 1336 1712 1392 καταφαντισγός.

128 1411 248 1438 nemo
282 1398 411 1438 adhue
442 1398 661 1444 intellexit,
703 1411 793 1438 cum
824 1398 1062 1449 praesertim
1101 1410 1182 1437 non
1220 1397 1411 1449 adpareat
1442 1396 1643 1449 quomodo
1673 1397 1718 1437 in

130 1456 192 1496 his
223 1457 353 1496 inesse
384 1456 514 1507 possit
543 1469 690 1495 nomen
722 1452 904 1508 φρυγέως
935 1456 1000 1496 vel
1032 1456 1134 1495 alius
1165 1452 1336 1502 σκεύους
1364 1459 1610 1524 μαγειρικοῦ.
1642 1466 1716 1507 pre

126 1509 318 1554 ὁλκάδων
339 1514 509 1553 fortasse
534 1513 790 1554 scribendum
810 1507 1061 1562 λοπάδων,
1093 1526 1166 1564 pro
1187 1510 1509 1579 καταφαντισγός
1530 1507 1716 1564 ἆφανι-

131 1570 269 1637 σμός.
302 1573 478 1610 ceterum
510 1571 738 1611 emendatio
771 1584 818 1610 eo
850 1570 1056 1610 difficilior
1084 1570 1256 1620 videtur,
1288 1570 1395 1621 quod
1426 1571 1552 1621 ipsius
1580 1570 1716 1611 Pollu-

137 1629 193 1668 cis
225 1629 349 1669 verba
377 1641 520 1668 manea
550 1631 647 1669 sunt
676 1630 718 1668 et
746 1629 981 1679 inperfecta.
1030 1628 1249 1670 infeliciter
1277 1641 1363 1667 rem
1383 1629 1512 1680 gessit
1531 1628 1716 1668 Nuberus

129 1686 279 1726 Mnem.
312 1699 405 1726 nov.
437 1686 538 1725 VIII
568 1687 639 1726 42.

336 1798 598 1853 λυχναψίαν
904 1752 954 1794 ll

244 1865 537 1922 Κηφισόδωρος
569 1865 700 1919 ἕν’Τί,
736 1866 808 1922 (ἣν
828 1869 870 1909 οἵ
891 1867 1031 1909 πολλοὶ
1051 1868 1347 1921 λυχνοκαυτίαν
1366 1866 1558 1922 λέγουσι).
1589 1870 1714 1910 Athe-

90 1960 101 1968 .
128 1940 251 1968 naeus
276 1929 340 1976 15,
365 1929 491 1969 701a.
523 1928 721 1978 pervertit
750 1941 834 1967 rem
857 1928 1094 1968 Eustathius
1119 1929 1241 1976 1571,
1266 1928 1319 1966 22
1350 1924 1453 1980 λέγει
1479 1923 1524 1967 δὲ
1554 1922 1576 1966 ὁ
1597 1927 1714 1968 Ναυ-

127 1981 476 2094 ῗὲῗῖῑηῖαρρηὲῗρ
505 1983 573 2024 καὶ
601 1982 661 2024 ὅτι
690 1984 988 2037 λυχνοκαυτίαν
1017 1981 1094 2036 ἔφη
1125 1982 1438 2038 Κηφισόδωρος,
1467 1983 1523 2037 ην
1553 1983 1595 2024 οἱ
1620 1986 1712 2025 πολ-

667 2122 875 2157 ΑΔΗΔΩΝ
901 2122 1102 2156 ΔΡΑΜΑΤ
1105 2122 1172 2156 sm

902 2201 956 2244 12

335 2267 418 2324 ἄγε
449 2269 504 2326 δὴ
537 2271 604 2320 τίς
633 2268 745 2327 αρχὴ
777 2269 869 2314 τῶν
901 2269 1050 2325 λόγων
1079 2269 1348 2325 γενήσεται;

243 2350 343 2391 κατὰ
374 2345 443 2392 τὸν
472 2351 775 2408 κωμῳδιοποιὸν
805 2338 1114 2406 Κηφισόδωρον.
1146 2352 1379 2393 Athenaeus
1413 2353 1478 2402 11,
1514 2352 1650 2392 459d.

905 2454 956 2498 13

245 2537 390 2576 Pollux
411 2538 556 2587 4,173
589 2535 657 2591 (de
678 2539 850 2589 trutina)
882 2530 928 2576 τὰ
959 2535 1004 2576 δὲ
1033 2532 1310 2606 ὀνομαζόμενα
1339 2533 1516 2605 στάθμια
1547 2532 1710 2588 σταθμὰ

132 2591 305 2645 στασιμα
342 2608 411 2633 και
448 2592 680 2663 ἑπίσταθμα
710 2591 892 2647 ὠνόμασε
922 2593 1217 2647 Κηφισόδωρος
1255 2589 1277 2633 ὁ
1307 2590 1496 2662 κωμικός.
1555 2593 1642 2634 eod.
1674 2593 1712 2633 A
1789 2644 1801 2649 ,

132 2650 311 2702 σταθμία
352 2649 433 2691 ἐστὶ
471 2647 634 2705 σταθμα
672 2651 844 2704 στασιμα
875 2650 961 2692 ἔνια
998 2651 1279 2705 κηφισόδωρος
1317 2645 1514 2702 ωνόμασε.
1562 2650 1710 2690 Pollux

134 2709 303 2757 10,126
335 2706 550 2761 στασιμα
580 2707 625 2749 δὲ
655 2708 702 2749 τὰ
733 2707 911 2762 σταθμια
932 2707 1223 2762 Κηφισόδωρος
1254 2705 1431 2760 κέκληκε.
1476 2708 1543 2749 vix
1573 2709 1708 2759 potest

130 2765 306 2804 dubitari
338 2767 436 2817 quin
466 2769 681 2819 utrubique
709 2768 818 2808 idem
849 2768 1007 2817 doceat,
1047 2780 1147 2819 quae
1188 2767 1238 2806 ab
1277 2766 1366 2806 aliis
1396 2765 1584 2805 dicantur
1612 2775 1704 2804 στα-

130 2821 244 2873 θμία,
269 2822 445 2875 σταθμά,
468 2822 697 2877 ἐπίσταθμα
717 2839 741 2864 a
762 2824 1030 2877 Cephisodoro
1051 2826 1170 2865 etiam
1190 2821 1295 2878 (καί)
1316 2820 1537 2873 στάσιμα
1558 2822 1704 2863 vocari.
