1872 3224
664 186 872 222 ΑΔΗΑΩΝ
899 187 993 221 ΔΡΔ
1001 187 1172 222 MATszN
1627 189 1710 231 343

112 307 248 335 'mam
293 292 532 344 redigebat,
579 292 814 332 scholiastae
859 306 966 341 esse,
1012 306 1092 333 non
1127 295 1278 344 poetae.
1354 295 1594 334 sententiam
1630 307 1710 334 non

137 354 248 393 recte
294 350 541 390 intellexisse
586 349 745 390 videtur
783 350 1001 390 scholiasta
1039 350 1284 390 Bachmanni
1322 351 1559 390 Homericus
1604 353 1709 402 apud

138 408 330 451 Leutsoh.
363 407 550 458 Apostol.
576 408 640 455 12,
662 407 749 446 420
778 401 863 446 οἷον
893 405 967 459 γάρ
998 418 1096 458 φησι
1125 399 1211 454 τοὸς
1242 403 1405 461 (τρόπος
1436 408 1583 447 Bernh.
1605 408 1709 448 Hist.

134 467 202 508 lit.
233 478 296 519 gr.
327 464 349 505 I
382 467 421 516 1,
456 462 542 516 16),
576 467 683 503 τοῖον
719 462 787 503 καὶ
815 466 971 516 γλῶσσα
1010 461 1257 517 κᾶνθρώπου
1296 461 1408 517 λόγος
1439 463 1538 504 κατὰ
1569 462 1707 504 Εὔπο-

137 526 214 564 λιν.
245 518 268 564 ὁ
300 519 376 574 μὲν
405 515 480 575 γὰρ
510 523 593 562 κτλ.
625 515 712 561 οἷον
741 522 848 561 enim
878 523 941 562 hic
971 524 1145 562 nonest
1174 523 1454 573 comparantis,
1485 523 1553 563 sod
1584 523 1707 562 excla-

136 581 303 626 mantis.
363 580 413 620 of.
448 579 658 630 Aristoph.
691 579 848 619 Thesm.
891 581 957 618 21.
993 580 1071 619 iam
1102 592 1194 619 vero
1225 580 1482 620 exclamativo
1513 574 1600 619 οἷον
1628 593 1709 620 non

134 639 328 682 mnvonit
355 651 485 689 neque
515 633 559 690 γέ
587 637 805 688 particula,
852 650 954 688 quae
990 639 1050 677 est
1088 638 1298 688 angustius
1338 637 1707 690 circumscribentis,

135 709 267 750 neque
304 694 368 735 τοί
405 694 620 735 Fritzsohii
660 690 722 747 (γε’
752 691 887 733 milon
918 694 1122 745 Aristoph.
1167 694 1323 734 Thesm.
1356 708 1395 745 p.
1427 692 1471 746 8)
1510 707 1610 745 quae
1646 697 1708 734 est

138 753 428 804 adseveramus,
475 765 604 804 neque
636 752 871 792 adverbium
912 749 1004 804 πού,
1047 752 1152 802 quod
1190 753 1251 790 est
1287 751 1538 803 conicientis‚
1578 764 1707 802 neque

86 830 88 832 ¹
131 812 311 863 ‘denique
341 810 487 851 Cobeti
519 811 686 861 (Mnem.
712 809 748 847 V
771 805 872 863 112)
903 806 1072 861 τί(που),
1102 808 1207 859 quod
1234 810 1294 848 est
1323 809 1587 848 limitationis.
1633 810 1707 848 ita-

137 883 216 922 que
246 871 287 909 et
316 869 422 920 apud
452 868 628 919 Eupolin
649 870 690 907 et
711 866 867 907 Thesm.
892 867 941 904 21
976 867 1087 906 verbi
1116 866 1244 905 forma
1273 866 1315 904 in
1344 865 1432 904 ὄῑιῖι
1462 866 1708 905 restituenda.

136 927 318 977 videtur,
349 939 383 966 e.
416 939 448 966 o.
480 919 568 964 οἷον
597 921 846 977 πρέπουσι
875 925 1035 976 γλῶσσα
1072 924 1154 963 κτλ.
1204 923 1237 963 is
1269 923 1374 962 enim
1403 922 1514 963 verbi
1543 919 1708 975 πρέπειν

139 997 236 1026 usus
266 984 453 1036 Euripidi
482 982 845 1035 frequentissimus.

818 1116 914 1160 315.
945 1115 1041 1159 316.

345 1188 405 1244 μὴ
436 1185 603 1244 τρηχὺς
633 1190 745 1230 ἴσθι.

344 1251 377 1300 ὦ
409 1253 608 1312 δαιμόνι’
643 1253 849 1310 ἀνδρῶν,
881 1253 940 1311 μὴ
972 1251 1203 1310 φθονερὸν
1236 1249 1328 1294 ἴσθ’
1363 1249 1567 1306 ἆνὸρίον.

76 1396 78 1398 ,
254 1353 495 1394 Eustathius
529 1353 650 1400 1680,
683 1353 736 1390 26
772 1330 1016 1389 Ἀττικοὶοὸὲ
1053 1345 1226 1395 ἅπαντες
1257 1344 1299 1386 τὸ
1329 1345 1421 1385 ἴσθι
1450 1344 1516 1384 καὶ
1547 1343 1609 1385 ἐπὶ
1639 1350 1708 1384 τοῦ

139 1410 297 1465 ὕπαρχε,
323 1407 543 1450 τάττουσιν.
575 1405 757 1456 Εὔπολις
794 1406 847 1460 μὴ
886 1404 1030 1462 τρηχὺς
1069 1404 1173 1444 ἴσθι.
1221 1401 1289 1443 καὶ
1326 1398 1358 1443 οἷ
1394 1403 1501 1454 δαιμ.
1539 1405 1619 1442 κτλ.
1659 1403 1706 1442 fr.

140 1471 223 1511 315
254 1470 395 1509 Ionem
424 1468 628 1508 hominem
659 1467 770 1518 loqui
799 1466 956 1505 monuit
985 1463 1189 1503 Herwerd.
1214 1461 1308 1502 Obs.
1331 1462 1417 1501 orit.
1440 1462 1505 1500 34.
1538 1461 1588 1499 of.
1613 1461 1704 1499 170.

137 1526 539 1626 {ersumoggmrlnloldg
569 1525 728 1576 expleas
759 1524 815 1564 sio
844 1519 940 1574 μηδ’
967 1519 1099 1573 ἐχίνου
1121 1517 1268 1572 τρόπον
1287 1516 1398 1570 ἔχων.
1431 1519 1482 1558 cf.
1505 1517 1706 1568 Aristoph.

171 1598 228 1625 ao.
381 1614 388 1624 .
540 1614 548 1622 .

890 1679 972 1722 317

345 1761 444 1807 κατ’
476 1761 744 1818 ἀντιβολίαν
774 1760 881 1803 δέκα
912 1755 1096 1802 τάλαντ’
1129 1753 1418 1810 ἀπετισάμην.

254 1861 494 1903 Ειιεΐῐαίὼίιιε
528 1859 650 1907 1406,
684 1859 734 1896 27
767 1852 972 1907 άντιβολία
1002 1849 1028 1904 ἡ
1059 1850 1203 1904 δέησις.
1234 1848 1411 1897 Εὔπολις
1441 1850 1521 1890 κτλ.
1580 1848 1706 1899 Hesy-

139 1921 252 1961 chius
284 1912 373 1959 κατ’
407 1914 660 1970 άντιβολιάν’
692 1908 783 1954 κατ’
815 1909 1058 1964 ἆντίβλησιν.
1090 1910 1233 1961 quibus
1264 1908 1360 1959 quid
1389 1908 1531 1946 faciam
1561 1906 1706 1945 nescio.

131 1978 264 2025 Thuc.
299 1979 337 2026 7,
371 1979 423 2017 75
454 1973 554 2028 πρὸς
584 1969 817 2025 ἀντιβολίαν
854 1965 1101 2022 τραπόμενοι.
1151 1980 1224 2018 pro
1254 1961 1502 2015 ἆπετισάμην
1531 1962 1705 2003 Cobetus

139 2035 192 2075 N.
221 2035 250 2075 1.
283 2037 367 2076 160
396 2030 655 2084 ἅπετίσαμεν,
686 2031 792 2069 recte
822 2028 907 2068 sine
937 2026 1072 2067 dubio.

887 2172 970 2215 318

349 2269 451 2316 ἀλλ’
484 2269 637 2323 ὥσπερ
668 2268 790 2322 ἵππῳ
820 2262 1111 2319 μούπιβαλεῖς
1140 2261 1436 2315 τρυσίππιονς

254 2368 494 2409 Eustathius
518 2366 640 2412 1517,
664 2365 687 2402 9
720 2358 980 2414 τρυσίππειον
1010 2353 1340 2409 τετρασυλλάβως,
1371 2350 1547 2403 ἔγκαυμα
1579 2348 1704 2387 ἵππου

139 2424 403 2480 γεγηρακότος
436 2421 499 2463 ἐπὶ
529 2426 599 2474 τῆς
629 2417 791 2473 γνάθου
821 2415 960 2469 ὅμοιον
990 2418 1126 2469 τροχῷ.
1176 2409 1286 2463 φέρει
1316 2407 1359 2448 δὲ
1388 2404 1505 2453 αὐτὸς
1536 2402 1704 2459 (Διονύ-

141 2483 243 2536 σιος)
290 2480 357 2522 καὶ
402 2486 547 2534 χρῆσιν
598 2474 855 2524 Εὐπόλιδος,
902 2469 1051 2523 ταύτην
1100 2472 1182 2509 κτλ.
1238 2467 1402 2506 Photius
1447 2463 1703 2530 tovolwfficov·

140 2539 319 2594 ἔγκαυμα
358 2538 485 2579 ἵππου
522 2532 785 2590 γεγηρακότος
825 2529 888 2571 ἐπὶ
927 2535 996 2581 τῆς
1035 2525 1194 2581 γνάθου
1230 2524 1350 2577 τροχῷ
1379 2519 1526 2573 ὅμοιον.
1578 2532 1703 2584 ουτως

93 2601 95 2603 ’
141 2597 338 2646 Εὔπολις.
389 2596 563 2648 Hesyoh.
603 2591 859 2646 τρυσίππιον·
1002 2580 1135 2637 τροχὸς
1174 2579 1218 2621 δὲ
1255 2575 1307 2632 ἦν
1343 2576 1363 2618 ὁ
1402 2577 1704 2630 ε’πιβαλλομενος

141 2654 342 2709 χαρακτὴρ
373 2654 420 2709 τῇ
449 2651 592 2706 γνάθῳ
623 2655 703 2690 τῶν
732 2647 881 2687 ἵππων.
913 2645 961 2685 of.
982 2642 1128 2683 Cratet.
1153 2642 1207 2680 30
1237 2641 1276 2678 et
1306 2637 1420 2676 Phot.
1452 2632 1704 2703 ἱπποτροχος·

141 2712 184 2753 τὸ
215 2713 454 2766 τρυσίππιον
484 2707 567 2764 (hic
599 2708 760 2760 quidem
791 2705 877 2745 cod.
909 2699 1171 2752 τρισίππιον>·
1205 2693 1271 2734 διὰ
1304 2692 1344 2732 τὸ
1374 2695 1455 2740 τοῖς
1486 2691 1551 2756 ᾆια
1581 2694 1704 2742 γῆρας

143 2769 455 2823 ἐκτρυχωθεῖσιν
486 2766 624 2814 ἵπποις
657 2761 933 2804 ἐκτυποῦσθαι
970 2754 1109 2809 τροχὸν
1145 2750 1419 2805 άπολεγόντων
1448 2745 1594 2813 αυτούς
1626 2750 1706 2784 τῶν

144 2828 388 2882 στρατηγῶν.
439 2827 514 2866 hoo
546 2824 662 2864 dicit:
695 2820 764 2861 ‘ut
802 2831 902 2870 equo
940 2816 1103 2856 emerito
1134 2808 1414 2852 invaletudinis
1447 2806 1541 2845 mlhl
1571 2806 1704 2844 notam

74 2942 79 2946 ι
142 2886 301 2927 inures‘?
319 2888 329 2906 '
