1872 3224
204 166 286 209 75ss
436 166 761 201 ΘΕΟΠΟΜΠΟΤ
810 167 1271 202 ΑΜΦΙΣΒΗΤΗΣΙΜΟΝ
1319 169 1545 203 ΑΛΚΑΙΟΤ

966 269 1019 311 97

410 326 537 381 Χάρη

319 410 589 458 Theopompus
611 420 687 458 pro
718 406 859 461 Χάρης
891 408 1000 461 (casu
1030 408 1250 463 vocativo).
1300 410 1490 450 Priscian.
1524 412 1562 460 7,
1595 412 1634 451 7.

969 543 1024 585 98

407 595 458 641 τὸ
488 601 577 641 νῦν
610 596 726 642 εἶναι

315 679 499 734 παρέλκει
528 679 571 721 τὸ
604 677 720 723 εἶναι.
757 679 1006 733 Θεόπομπος.
1037 683 1217 723 Phoizius.

758 829 1215 866 ΑΜΦΙΣΒΗΤΗΣΙΜΟΝ

966 920 1022 962 99

407 973 648 1032 κατωνάκη

311 1062 391 1106 τοῖς
422 1059 478 1106 εἰς
509 1058 655 1112 χρόνον
684 1057 906 1112 φεύγουσιν
935 1056 999 1100 ὅτε
1029 1059 1204 1099 κατίοιεν
1234 1058 1382 1108 νάπους
1415 1075 1450 1099 τι
1487 1063 1574 1108 τοῖς
1604 1059 1772 1112 ἱματίοις
1811 1063 1821 1072 ’

196 1115 526 1169 προσερράπτετο,
565 1113 619 1164 ὦς
650 1115 717 1156 καὶ
751 1115 1000 1168 Θεόπομπος.
1050 1114 1369 1170 ἠναγκάσθησαν
1398 1114 1443 1157 δὲ
1472 1114 1553 1156 ὑπὸ
1586 1123 1669 1158 τῶν
1697 1132 1768 1158 τυ-

197 1172 373 1225 ράννων,
405 1172 474 1213 ἴνα
503 1172 557 1226 μὴ
587 1174 780 1213 κατίωσιν
810 1174 866 1222 εἰς
896 1172 1012 1225 ἄστυ,
1045 1173 1286 1226 κατωνάκην
1315 1177 1468 1228 φορεῖν.
1501 1174 1648 1216 Moeris
1669 1177 1767 1226 201,

198 1232 235 1270 6.
267 1244 349 1271 non
379 1233 540 1284 comici,
570 1233 639 1272 sed
669 1246 804 1272 rerum
835 1233 1042 1284 scriptoris
1073 1233 1263 1274 videntur
1293 1245 1391 1282 esse,
1422 1245 1663 1284 quamquam
1691 1245 1774 1273 non

197 1289 357 1339 repperi
387 1289 492 1340 apud
524 1290 775 1330 Muellerum.

796 1493 1173 1545 ΑΛΚΑΙΟΣ

723 1586 896 1626 Meinek.
929 1587 950 1626 1
981 1587 1236 1627 244—246.

663 1698 886 1733 ΑΔΕΛΦΑΙ
911 1691 1307 1734 ΜΟΙΧΕΥΟΜΕΝΑῙ

972 1780 992 1820 1
1032 1806 1034 1808 .

400 1855 585 1913 ἠλίθιον
617 1854 734 1900 εἶναι
764 1860 881 1900 νοῦν
910 1873 958 1901 τε
988 1857 1280 1909 πουλύποδος
1310 1859 1431 1914 ἔχειν

309 1941 537 1981 Athenaeus
569 1943 605 1990 7,
639 1941 756 1981 316b
795 1933 839 1979 τὸ
877 1937 922 1980 δὲ
958 1939 1153 1981 πώλυπον
1188 1938 1316 1994 λέγειν
1354 1939 1557 1981 Αἰολικόν.
1601 1937 1767 1981 Ἀττικοὶ

193 1993 266 2051 γὰρ
296 1993 532 2037 πουλύπουν
560 1995 745 2051 λέγουσιν
776 2029 785 2039 .
817 2028 826 2038 .
859 2027 867 2035 .
896 1992 1076 2046 Ἀλκαῖος
1103 1994 1316 2048 Ἀδελφαῖς
1353 1995 1651 2050 μοιχευομέναις
1680 2000 1762 2038 κτλ.

193 2056 431 2096 Eusssathius
464 2056 586 2104 1541,
621 2057 673 2095 39
713 2052 815 2094 ὅθεν
851 2054 1003 2108 εἴρηται
1041 2049 1084 2094 τὸ
1121 2049 1228 2094 εἷναί
1260 2070 1349 2095 τινα
1385 2053 1549 2107 ἠλίθιον
1587 2059 1689 2096 νοῦν
1726 2069 1766 2096 τε

192 2109 416 2159 πολύποδος
447 2109 598 2163 ἔχοντα.
658 2110 911 2160 πουλύποδος
941 2113 1005 2152 hic
1034 2113 1141 2163 quod
1169 2126 1260 2152 raro
1291 2114 1442 2156 factum
1473 2115 1675 2153 servatum
1704 2115 1766 2154 est

195 2172 236 2209 in
255 2171 293 2210 A
314 2170 460 2210 Athen.
485 2170 650 2209 Seidler.
672 2169 731 2208 De
751 2183 855 2210 vers.
876 2170 1033 2210 dochm.
1057 2172 1138 2210 397
1157 2166 1382 2217 πολύποδός
1405 2166 1694 2225 (πουλύποδός)
1723 2183 1764 2209 τε

193 2232 294 2267 νοῦν
324 2224 440 2278 ἔχειν.
472 2240 561 2266 cum
592 2227 733 2277 Eupol.
770 2229 847 2267 101
883 2223 1003 2279 (ἀνὴρ
1032 2225 1267 2274 πουλύπους
1298 2225 1390 2275 τοὺς
1420 2225 1609 2280 τρόπους)
1640 2228 1764 2267 homo

191 2288 370 2325 versutus
407 2296 497 2323 cum
539 2284 687 2334 polypo
727 2285 946 2335 comparari
975 2285 1179 2333 videatur,
1213 2285 1322 2335 apud.
1353 2285 1545 2325 Alcaeum
1581 2285 1623 2324 in
1652 2285 1766 2330 exiizu

194 2355 331 2383 versus
362 2342 540 2393 proxime
571 2341 845 2381 antecedentis
875 2341 1042 2382 fortasse
1071 2342 1221 2381 excidit
1249 2337 1316 2393 μή.

823 2465 1136 2523 ΓᾼΝΤΜΗΔΗΣ

194 2593 219 2631 d
293 2535 481 2631 Reme?
514 2535 534 2574 I
571 2536 666 2575 246.
717 2535 825 2576 Iovis
854 2535 1103 2586 Vulcanique
1140 2536 1291 2585 paries¹
1309 2535 1352 2574 in
1393 2548 1439 2574 ea
1475 2535 1611 2574 fabula
1641 2535 1764 2576 fuisse

222 2605 290 2632 oce
356 2606 389 2631 r.
451 2625 459 2634 .

963 2680 991 2722 2

396 2758 628 2814 κατάχωλε
658 2761 830 2802 θᾶττον
859 2758 888 2815 ἢ
918 2757 1236 2815 κεραυνοπλήξ
1266 2759 1371 2802 ἔσει.
1645 2800 1647 2802 .

305 2834 484 2881 Bekker.v
506 2842 656 2882 Anecd.
683 2843 775 2891 102,
798 2843 850 2882 29
882 2840 1102 2893 κατάχωλε·
1131 2834 1313 2889 Ἀλκαῖος
1343 2838 1588 2893 Γανυμήδει.
1632 2822 1760 2881 σκώ-ἱ
