1872 3224
223 203 308 246 302
864 193 1163 228 ΕΥΠοΛιΔοΣ

337 306 556 357 epirrhema
586 302 791 354 parabasis
822 303 896 352 est,
927 300 991 339 vel
1012 297 1312 348 antepirrhema
1333 297 1550 348 integrum,
1573 297 1621 334 ut
1639 288 1807 336 videtur

223 365 439 405 Fritzschio
470 362 572 412 apud
605 359 864 410 'Poeppelium
896 372 935 408 p.
969 358 1037 405 65,
1069 356 1138 406 qui
1170 356 1211 394 in
1242 354 1511 405 epirrhemate
1547 353 1726 394 chomm—
1753 351 1820 406 des

225 422 488 473 parasitorum
520 418 741 469 originibus
774 417 836 456 vel
868 415 957 454 aliis
988 414 1109 453 rebus
1141 413 1290 452 dixisse
1321 414 1467 460 censet,
1508 411 1589 450 iam
1628 421 1723 454 vero
1753 408 1830 451 do:

223 481 329 519 vitae
370 491 461 517 suae
501 474 786 515 consuetudine
825 484 1033 523 exponere.
1074 482 1214 510 versus
1252 472 1348 509 sunt
1383 468 1543 519 Priapei
1578 468 1716 520 primi.
1748 468 1828 496 —'

225 539 262 575 3.
283 548 353 586 pro
374 538 510 587 πρῶτα
529 529 603 583 μὲν
623 533 790 571 fortasse
811 529 1065 570 scribendum
1085 527 1268 579 πρῶτον
1287 520 1362 574 εἷς.
1394 526 1446 566 cf.
1464 526 1614 566 Athen.
1631 526 1671 574 6,
1689 525 1806 566 2300

225 587 313 631 οἶδα
350 589 395 630 δέ
433 605 521 629 τινα
546 621 554 630 .
578 620 585 628 .
611 620 620 629 .
649 586 947 639 πτωχαλαζόνα,
977 583 1021 633 ὃς
1054 584 1234 638 δραχμῆς
1265 582 1368 635 ἔχων
1396 580 1443 622 τὰ
1474 579 1595 623 πάντ’
1627 575 1807 636 ἄργυρό-
1836 627 1843 635 Α

225 663 326 701 ματα
357 645 451 700 ἐβόα
480 649 615 686 καλῶν
644 638 713 685 τὸν
743 642 901 695 οἰκέτην
930 641 1015 683 ἕνα
1055 641 1177 682 ὄντα
1217 639 1302 681 καὶ
1339 639 1520 692 μόνον,
1557 636 1731 693 ὀνόμασι
1758 634 1806 678 δὲ

226 702 426 758 χριόμενον
455 702 750 756 ψαμμακοσίοις
782 705 863 741 κτλ.
896 701 1083 741 Menand.
1115 700 1235 738 Phot.
1271 696 1562 751 Στρατοφᾶνη·
1594 699 1715 751 Στρ.,
1745 697 1804 736 λι·-
1846 738 1848 743 ‚

224 765 295 802 τόν
325 759 412 801 ποτ’
447 756 546 813 εἶχες
578 758 795 812 χλαμύδιον
825 757 891 798 καὶ
921 754 1039 798 παῖδ’
1073 755 1156 796 ἕνα.
1201 756 1408 807 Aristoph.
1443 756 1551 796 Eccl.
1584 755 1668 796 593
1703 747 1803 806 μηδ’

225 817 491 873 ἀνδραπόδοις
514 816 582 857 τὸν
602 815 677 868 μὲν
704 819 880 870 χρῆσθαι
900 818 1071 867 πολλοῖς,
1092 811 1165 853 τὸν
1185 811 1223 852 δ’
1247 807 1338 852 οὐδ’
1363 809 1590 867 ἀκολούθῳ.
1668 813 1708 854 4.
1727 806 1806 851 d).-
1852 824 1862 866 ’-

226 876 421 930 λότριος
454 874 505 915 τὰ
538 874 662 914 πολλοί
693 878 766 923 est,
798 874 904 925 quod
935 886 1122 924 magnam
1155 875 1312 922 partem
1344 871 1393 910 ab
1425 871 1515 911 aliis
1545 869 1742 920 nutritur,-
1759 871 1807 909 ut
1852 868 1872 892 5

229 936 435 974 minimum
467 947 581 972 curae
613 933 772 972 domino
804 945 876 982 pro
907 944 952 971 eo
983 929 1258 980 suscipiendae
1290 929 1553 979 relinquatur.
1611 940 1707 968 nam
1733 937 1808 979 pro
1859 952 1872 960 .

230 991 359 1042 κάμον
389 991 641 1031 scribendum
671 992 768 1040 puto
799 984 977 1040 κήδομ’
1011 983 1149 1027 αὐτοῦ.
1210 989 1343 1026 cetera
1379 988 1486 1026 certe
1524 997 1627 1037 quae
1662 996 1807 1036 propo·
1864 1025 1870 1031 ,

228 1052 395 1089 suerunt
426 1049 605 1087 homines
627 1048 734 1086 docti
757 1047 902 1085 mirum
922 1047 964 1085 in
989 1045 1155 1084 modum
1177 1046 1363 1084 contorta
1387 1045 1494 1083 sunt.
1525 1042 1577 1083 cf.
1599 1041 1808 1093 Aristoph.
1864 1033 1872 1066 ²

228 1107 325 1145 Ach.
371 1106 492 1145 1028.
535 1106 606 1155 Eq.
651 1105 771 1143 1342.
801 1103 908 1142 Nub.
945 1104 1039 1142 106.
1075 1102 1198 1141 1410.
1282 1102 1320 1141 5.
1354 1095 1524 1141 τούτω.
1563 1098 1808 1142 Primohiua

202 1164 426 1214 ·parasitos
456 1176 579 1201 unum
621 1162 727 1212 quod
766 1161 969 1200 habebant
1005 1159 1173 1211 pallium
1204 1159 1447 1198 ‘invertisse’
1481 1169 1608 1209 eoque
1643 1156 1724 1198 duo
1761 1168 1810 1196 ex

228 1233 308 1259 uno
349 1220 489 1259 fecisse
529 1219 748 1258 arbitratur
787 1219 890 1257 conl.
923 1218 1056 1257 Schol.
1089 1215 1298 1266 Aristoph.
1330 1215 1438 1256 Nub.
1472 1215 1526 1255 88
1565 1216 1606 1254 et
1638 1214 1808 1265 interpr.

228 1278 306 1317 Av.
342 1279 462 1316 1567.
502 1280 544 1315 at
580 1283 667 1315 tum
706 1276 919 1315 dicendum
958 1277 1044 1314 erat
1082 1272 1206 1323 τώδε,
1243 1286 1325 1312 non
1364 1270 1510 1322 τούτω,
1546 1284 1676 1323 neque
1713 1283 1810 1312 vero

231 1334 398 1373 eandem
428 1336 582 1373 vestem
612 1334 777 1372 alternis
809 1333 949 1372 diebus
981 1333 1179 1371 invertere
1201 1331 1237 1371 ei
1257 1331 1473 1382 quicquam
1502 1329 1693 1381 prodesse
1720 1330 1810 1381 pote

230 1395 331 1439 erat,
375 1391 443 1442 qui
482 1404 637 1442 semper
666 1393 866 1430 recentem
897 1390 1019 1429 vellet
1047 1392 1203 1430 vestem
1232 1389 1373 1428 videri.
1434 1388 1570 1439 itaque
1608 1385 1810 1426 habebant

236 1449 331 1486 duas
363 1450 492 1488 vestes
523 1445 680 1487 diverso
712 1449 797 1487 sine
829 1447 951 1486 dubio
983 1447 1114 1487 colore
1144 1459 1242 1497 quas
1275 1448 1322 1485 ut
1352 1458 1511 1496 semper
1540 1445 1722 1485 recentes
1750 1442 1809 1483 vi·

234 1505 422 1544 derentur
452 1506 616 1544 alternis
646 1505 813 1553 vicibus,
846 1505 914 1544 sed
942 1517 1162 1555 numquam
1182 1507 1395 1554 utramque
1416 1502 1644 1554 gestabant.
1674 1501 1811 1552 itaque

232 1563 483 1601 scribendum
514 1566 573 1601 est
612 1558 679 1600 δύ’
722 1554 837 1600 ἐστὸν
874 1558 1101 1613 χαρίενθ’
1143 1558 1342 1611 ἕτοίμω,
1382 1553 1446 1599 οἶν
1488 1561 1570 1599 κτλ.
1617 1558 1667 1599 cf.
1705 1557 1809 1598 Plat.

234 1619 335 1658 Tim.
369 1620 420 1657 72
439 1632 472 1658 c.
502 1619 613 1669 Reip.
646 1620 683 1667 8,
718 1620 799 1667 552
817 1620 856 1658 b.
895 1619 1017 1659 Thuc.
1051 1619 1090 1667 6,
1123 1620 1161 1667 9,
1195 1619 1233 1659 3.
1324 1619 1361 1657 6.
1395 1614 1670 1668 ἐξελαύνω,
1708 1617 1810 1655 tam-

233 1689 355 1726 quam
386 1677 435 1714 ad
466 1677 666 1716 militiam.
756 1678 792 1715 7.
826 1675 896 1723 εἰς
926 1672 1140 1728 ἀγοράν,
1171 1675 1220 1714 cf.
1252 1675 1384 1714 Plaut.
1408 1673 1567 1725 captiv.
1600 1675 1638 1722 3,
1674 1675 1709 1720 1,
1744 1672 1810 1712 18.

233 1734 299 1771 31.
330 1733 475 1783 quibus
495 1747 742 1784 nequaquam
768 1734 1005 1773 adversatur
1034 1733 1198 1773 Lucian.
1240 1732 1410 1772 Parasit.
1443 1733 1510 1772 51.
1591 1732 1630 1771 9.
1661 1723 1808 1769 πλού·
1849 1775 1854 1780 ,

234 1790 328 1837 ταξ.
365 1790 535 1829 Lobeck.
558 1791 714 1830 Pathol.
738 1791 841 1841 prol.
863 1792 959 1830 447.
993 1794 1168 1830 ceterum
1190 1790 1240 1829 cf.
1260 1789 1423 1829 Terent.
1447 1788 1627 1828 Eunuch.
1650 1787 1735 1828 250
1749 1799 1810 1839 sq.

235 1848 292 1898 (2,
318 1849 353 1895 2,
382 1849 428 1886 19
444 1845 536 1901 sq.).
620 1849 684 1887 10.
709 1847 889 1897 δοκῶν,
928 1851 974 1886 ut
995 1848 1176 1887 Pherecr.
1204 1849 1297 1887 163.
1382 1849 1446 1886 11.
1477 1843 1688 1892 ἄλλυδις
1717 1840 1809 1883 ὅλ-

233 1906 325 1951 λΙος.
358 1904 475 1943 Hom.
506 1905 554 1943 Il.
590 1907 654 1953 ll,
686 1906 782 1944 486.
820 1907 914 1944 745.
952 1906 1014 1950 17,
1049 1905 1143 1944 729.
1226 1905 1292 1943 14.
1325 1903 1374 1943 de
1404 1902 1585 1943 Acestore
1620 1902 1725 1942 Saea
1759 1900 1810 1941 ef.

233 1963 401 2010 interpr.
445 1962 651 2012 Aristoph.
690 1962 767 2002 Av.
807 1964 873 2003 31.
912 1961 1064 2001 Cratin.
1105 1962 1171 2000 85.
1214 1959 1529 2012 στιγματίαν.
1574 1959 1625 2000 cf.
1658 1957 1811 1999 eratin.

235 2019 328 2058 333.
359 2018 567 2068 Hermipp.
587 2019 654 2067 63,
675 2021 739 2058 19.
822 2019 886 2058 15.
908 2015 1130 2071 ἀσελγές.
1163 2019 1213 2058 cf.
1238 2019 1286 2057 fr.
1311 2018 1406 2067 244,
1432 2018 1471 2057 2.
1557 2019 1623 2057 16.
1646 2015 1810 2064 Oeneus,

235 2075 392 2124 spurius
433 2074 647 2115 Pandionis
690 2076 797 2116 filius
835 2075 971 2128 (Faus.
1007 2079 1050 2123 1,
1085 2076 1131 2124 5,
1165 2073 1229 2127 2),
1278 2076 1394 2115 heros
1433 2071 1643 2126 ἐπώνυμος
1680 2073 1812 2113 tribus

236 2131 435 2179 Oeneidis,
467 2132 507 2170 in
529 2133 638 2171 cuius
668 2146 772 2184 pago
794 2130 1026 2184 Κειριάδαις
1058 2140 1145 2172 erat
1182 2129 1224 2171 τὸ
1255 2127 1478 2184 βάραθρον.
1520 2131 1572 2171 cf.
1605 2129 1810 2181 Aristoph.

234 2189 339 2227 Nub.
377 2189 495 2228 1449.
530 2189 806 2230 Waehsmuth.
838 2191 986 2231 Athen.
1019 2190 1038 2228 1
1070 2191 1165 2229 349.
1198 2190 1295 2229 350.
1328 2201 1373 2228 ac
1403 2190 1488 2229 veri
1520 2189 1649 2228 simile
1678 2189 1741 2228 est
1769 2187 1812 2226 in

237 2246 325 2296 ipsa
356 2246 530 2284 barathri
561 2247 706 2286 vicinia
736 2250 908 2287 statuam
950 2247 1075 2287 Oenei
1120 2247 1293 2297 positam
1331 2247 1470 2291 fuisse.
1510 2247 1648 2296 itaque
1688 2243 1814 2284 Oeneo

235 2304 386 2342 tradere
417 2303 520 2341 idem
551 2306 613 2342 est
634 2306 751 2354 atque
781 2307 828 2344 in
858 2305 1090 2344 barathrwm
1118 2304 1403 2348 detrudendum
1433 2315 1583 2344 cwrasre.
1636 2301 1810 2341 Meinek.

216 2360 411 2409 *Alciphn
456 2361 549 2399 152.
590 2361 870 2401 Wilamowitz.
909 2361 1046 2400 Herm.
1086 2360 1167 2399 VH
1206 2361 1286 2398 142
1325 2360 1416 2399 adn.
1447 2360 1486 2402 4.
1537 2360 1586 2399 de
1625 2358 1814 2409 parasitis

236 2417 416 2523 qqngivio
441 2417 622 2512 fxpullgis
653 2418 701 2457 cf.
742 2418 905 2457 Lucian.
939 2418 1058 2459 Merc.
1091 2417 1207 2457 cond.
1241 2417 1308 2459 30.
1345 2417 1541 2456 Fritzsch.
1572 2416 1662 2455 Ind.
1697 2415 1812 2456 Rost.

367 2486 407 2523 p.
497 2504 505 2512 .
596 2503 604 2512 .

990 2585 1071 2628 160

379 2661 492 2719 φημὶ
523 2664 573 2708 δὲ
602 2667 807 2721 βροτοῖσι
838 2663 957 2706 πολὺ
987 2666 1176 2706 πλεῖστα
1206 2639 1419 2718 παρέχειν
1451 2661 1539 2718 ἐγώ

382 2730 455 2772 καὶ
485 2731 602 2774 πολὺ
632 2730 803 2788 μέγιστ’
835 2731 1004 2787 ἀγαθά.
1065 2733 1208 2773 ταῦτα
1238 2728 1282 2773 δ’
1314 2728 1625 2786 ἀποδείξομεν.

355 2814 593 2864 Hephaestio
628 2817 692 2865 13,
720 2818 748 2855 4
777 2812 963 2867 κέχρηται
992 2811 1037 2853 δὲ
1066 2810 1175 2868 αὐτῷ
1207 2811 1467 2868 (τετραμέτρῳ
1495 2810 1755 2868 παιωνικῷ).
1774 2844 1784 2854 .
1802 2843 1812 2853 .

239 2868 305 2908 καὶ
336 2868 512 2917 Εὔπολις
542 2870 584 2910 ἐν
616 2869 765 2922 Κόλαξι
794 2874 876 2912 κτλ.
909 2872 958 2911 dc
989 2885 1033 2912 se
1063 2873 1159 2911 haec
1179 2871 1355 2921 Eupolin
1376 2871 1507 2911 dicere
1528 2874 1666 2911 monet
1686 2871 1811 2922 Berg-
