1872 3224
765 249 768 250 γ
821 222 899 257 ΔΑΙ
907 224 1070 260 ΔΑΛΟΣ
1628 237 1709 281 437

83 314 278 366 ·”’τ;αὕθ’»
305 315 448 360 ἑκόντα
480 324 599 364 316b
629 324 748 366 PVL.
780 327 927 377 σηπίας
957 328 1025 370 καὶ
1059 331 1291 382 πουλύπους
1328 338 1453 378 323ο.
1543 342 1579 380 2.
1609 340 1706 393 μοῦ-

82 402 88 423 ;
122 376 253 428 vm
291 376 458 433 Bergk]
502 394 568 432 μοι
612 379 744 435 ἔθηκε.
791 386 885 426 ‘nisi
938 387 1042 428 forte
1086 394 1262 441 praestat
1309 407 1342 433 τ.
1386 408 1427 434 π.
1473 395 1705 450 παρέθηκέ.

67 457 99 499 5-
139 435 182 477 Β.
210 434 362 489 πληγαὶ
392 437 444 476 Α.
475 440 601 489 partis
640 454 663 480 a
700 442 810 482 Leda
843 444 978 486 liberis
1009 447 1300 490 solemnitatem
1330 455 1371 492 in
1415 455 1574 495 modum
1614 458 1705 496 Am·

23 506 31 538 1
68 497 90 548 3]
138 493 460 548 phidssomiorum
505 497 731 538 institutam
770 500 985 552 significari
1022 504 1215 557 Bergkius
1252 509 1478 552 arbitratur.
1538 514 1706 554 Aristot.

54 548 89 599 ’Ῐ
114 607 118 609 μ
139 547 195 593 Εἰ
234 564 296 592 an.
344 554 389 602 9,
423 554 496 602 25,
542 556 594 595 10
632 553 898 610 (πουλύπους)
920 555 1058 609 ’φύσει
1095 564 1359 615 συντηκτικόν
1396 565 1487 607 ἐστι.
1546 573 1707 621 σημεῖον

138 605 207 649 δέ·
236 607 544 663 πιλούμενος
585 610 660 665 γὰρ
689 610 856 666 ἀφίησιν
884 612 950 656 άεί
981 631 1036 663 τι,
1075 618 1140 659 καὶ
1170 618 1275 669 τέλος
1305 619 1545 672 ἀφανίζεται.
1605 628 1705 668 ‘cae-

137 667 264 708 dendo
303 669 412 708 enim
458 669 505 708 fit
541 671 692 712 mollior
728 676 985 724 teneriorque,
1023 678 1129 727 quod
1166 679 1343 718 hodierni
1379 695 1532 734 quoque
1568 683 1704 724 Graeci

32 741 57 777 ἢ
137 724 292 766 faciunt
327 728 432 766 teste
470 727 726 769 Chandlero’.
797 731 1024 773 Schneider.
1063 737 1220 786 egregio
1258 737 1307 776 fr.
1349 739 1422 778 191
1469 740 1704 781 inlustratur

39 792 79 840 ᾗ,
136 784 179 823 et
208 784 423 835 suppletur
454 785 600 826 Zenob.
633 788 670 835 3,
703 788 757 826 24
789 785 987 841 (Apostol.
1021 792 1060 840 6,
1093 792 1164 843 23)
1196 793 1307 833 Suid.
1339 793 1417 842 δὶς
1448 793 1563 836 ἑπτὰ
1594 802 1701 850 πλη-

35 842 73 870 ’Ἀ
134 842 252 893 γαιῐς
295 837 530 890 πουλύπους
575 840 812 895 πιλούμενος
845 877 853 886 .
885 882 893 889 .
926 877 934 886 .
975 846 1150 898 παρόσον
1190 846 1210 888 ὁ
1245 850 1445 900 πολύπους
1486 854 1701 906 θηρευθεὶς

135 892 322 953 τύπτεται
351 898 541 948 πολλάκις
565 897 779 957 (πολλᾶςῗ)
809 896 928 956 πρὸς
960 902 1007 944 τὸ
1037 904 1169 946 πίων
1204 905 1464 961 γενέσθαι,
1503 925 1602 962 quae
1633 913 1698 951 ad-

132 959 250 1010 paret
280 958 332 998 ad
361 958 451 1010 ipsa
480 959 763 1010 Aristophanis
794 963 914 1001 verba
942 964 1151 1013 pertinere.
1183 966 1316 1016 itaque
1346 969 1544 1008 sententia
1572 970 1699 1009 redin-
1727 992 1732 995 -

133 1015 364 1067 tegrabitur
394 1017 606 1056 scribendo
639 1016 716 1066 δὶς
747 1016 868 1058 ἑπτὰ
899 1018 992 1072 γὰρ
1019 1019 1024 1073 Ι
1050 1020 1195 1074 πληγαὶ
1224 1025 1257 1061 λ.
1288 1036 1328 1060 π.
1351 1037 1391 1065 π.
1422 1024 1462 1063 in
1492 1027 1700 1075 proverbio

131 1072 242 1113 enim
270 1076 335 1113 est
365 1074 424 1114 bis
451 1076 619 1125 septenis
646 1077 778 1128 plagis
808 1090 905 1128 opus
936 1091 1021 1118 esse
1051 1079 1099 1118 ad
1129 1080 1320 1131 polypum
1349 1082 1620 1122 molliendum.
1652 1084 1701 1123 os.

130 1128 238 1170 Plin.
269 1131 316 1172 N.
350 1131 389 1170 h.
424 1132 492 1185 32,
526 1134 619 1172 121.
650 1133 755 1173 Plat.
789 1136 885 1184 173,
919 1137 984 1174 17.

885 1270 966 1312 192

549 1348 654 1403 περὶ
683 1351 766 1392 τοῦ
795 1347 882 1405 γὰρ
913 1346 1020 1406 ὑμῖν
1050 1348 1074 1393 ὁ
1106 1351 1298 1407 πόλεμος

0 1388 25 1460 l
542 1420 632 1460 νῦν
664 1413 780 1468 ἑστι;
813 1418 916 1474 περὶ
946 1407 1055 1462 ὄνου
1086 1422 1224 1470 σκιᾶς.

24 986 31 1003 1

242 1513 412 1554 Photius
433 1516 474 1554 et
495 1513 637 1554 Suidas
667 1511 764 1552 ὄνου
795 1510 905 1553 σκιά·
934 1505 1220 1566 Ἀριστοφάνης
1261 1513 1445 1567 Δαιδάλῳ
1481 1517 1559 1554 κτλ.
1600 1512 1696 1566 ὑμῖν

124 1572 219 1622 post
257 1575 338 1610 νῦν
375 1572 419 1611 in
458 1571 644 1611 omnibus
675 1571 758 1611 cod.
794 1572 938 1612 Suidae
967 1574 1124 1623 praeter
1159 1572 1209 1611 A.
1239 1572 1361 1611 verba
1397 1575 1491 1611 sunt
1525 1573 1696 1612 hominis

127 1628 229 1669 alios
260 1642 311 1668 ne
341 1629 524 1671 rixentur
553 1629 764 1678 monentis,
796 1643 842 1668 ex
873 1631 1090 1681 systemate
1121 1629 1290 1669 iambico
1320 1631 1515 1679 excerpta.

880 1764 959 1806 193

332 1846 576 1900 κογχυλίας
608 1845 738 1894 λίθος

239 1925 285 1967 ἐν
310 1924 624 1981 Ἀριστοφάνους
659 1922 854 1980 Δαιδάλῳ.
886 1927 1029 1966 Pollux
1061 1928 1098 1977 7,
1132 1927 1222 1966 100.

875 2060 954 2102 194

331 2117 581 2162 Δαιδάλεια

233 2200 527 2256 Ἀριστοφάνης
574 2195 643 2241 τὸν
687 2197 767 2240 ἀπὸ
805 2195 1010 2239 Δαιδάλου
1047 2195 1422 2238 κατασκευασθέντα
1460 2193 1687 2249 ἀνδριάντα.

123 2257 178 2309 ὥς
214 2256 282 2300 διὰ
311 2252 355 2299 τὸ
383 2253 697 2311 ἀποδιδράσκειν
734 2256 957 2310 δεδεμένον.
997 2256 1168 2308 Hesyoh.
1201 2257 1344 2317 ζωοὶ).
1378 2257 1415 2303 3,
1448 2257 1470 2294 7
1503 2259 1582 2294 τῶν
1608 2268 1684 2292 πα-

119 2321 252 2359 λαιῶν
281 2317 534 2370 δημιουργῶν
564 2313 818 2356 πλαττόντων
846 2311 894 2354 τὰ
935 2314 1012 2369 ζῷα
1049 2310 1179 2362 τυφλὰ
1209 2326 1230 2350 ο
1263 2310 1458 2378 Δαίδαλος
1493 2309 1558 2350 καὶ
1580 2308 1685 2379 ποὺς

120 2372 361 2428 ὀφθαλμοὺς
390 2370 528 2422 αὐτοῖς
557 2370 813 2419 άνεπέτασεν,
844 2369 900 2420 ὥς
931 2370 999 2410 καὶ
1028 2368 1151 2420 δόξαν
1185 2372 1393 2419 κατασχεῖν
1426 2382 1489 2407 οτι
1524 2382 1590 2437 και
1620 2366 1683 2430 ἔμ-

120 2429 236 2486 ψυχά
274 2431 357 2473 ἐστι
394 2431 461 2472 καὶ
499 2435 709 2471 κινοῦνται
745 2428 811 2469 καὶ
848 2426 1104 2481 φθέγγονται.
1172 2425 1271 2475 φασὶ
1297 2431 1406 2492 Χγοῦν
1433 2439 1548 2493 οτινα1
1592 2438 1684 2490 των

119 2490 507 2543 δαιδαλουργῶν
534 2485 791 2539 ἀνδριάντων
820 2484 1065 2526 δεδέσθαι
1103 2489 1185 2523 τοῦ
1214 2482 1384 2530 ποδος,
1415 2496 1469 2528 ως
1499 2496 1552 2532 μη
1580 2493 1682 2519 απο-

73 2538 76 2541 ’
121 2547 282 2601 δράμοι,
314 2549 385 2588 ubi
415 2549 465 2588 cf.
500 2560 601 2599 quae
632 2547 763 2586 editor
793 2544 1012 2584 adnotavit.
1044 2542 1189 2582 cratin.
1222 2541 1287 2579 74.

872 2677 951 2719 195

326 2762 663 2818 ἀρχιτεκτονεῖν

258 2854 548 2909 Ἀριστοφάνης
604 2853 763 2907 εἴρηκεν
812 2850 856 2892 ἐν
908 2847 1103 2902 Δαιδάλῳ.
1170 2847 1312 2887 Pollux
1363 2847 1413 2893 7,
1466 2845 1559 2884 117.
1627 2843 1676 2882 cf.

116 2915 209 2956 Pac.
241 2916 338 2955 305.
