1872 3224
184 196 271 237 390
842 188 1105 223 ΦΡΤΝΙΧΟΤ

185 268 367 350 iungitur
398 298 517 337 etiam
548 296 651 346 apud
692 296 877 334 comicos.
938 294 988 332 cf.
1021 292 1229 343 Aristoph.
1260 291 1383 342 Vesp.
1417 292 1511 332 729.
1541 291 1636 332 Pac.
1670 291 1765 334 148.
1848 332 1851 334 ,

188 359 284 397 390.
315 356 423 395 Eccl.
460 355 554 392 120.
588 355 686 400 200,
717 365 807 391 cum
838 350 1061 402 participiis
1089 350 1195 389 haud
1226 362 1318 388 raro
1350 349 1456 400 apud
1486 349 1683 401 tragicos,
1721 350 1768 389 ut
1851 347 1853 351 ’

189 413 377 463 Sophocl.
406 411 471 453 Ai.
505 411 600 450 588.
634 409 717 449 OR.
750 409 846 448 957.
878 407 1046 447 Philoct.
1082 409 1179 458 773,
1212 406 1263 447 cf.
1295 407 1417 446 etiam
1454 406 1558 446 Plat.
1590 405 1766 457 Sophist-

188 472 269 509 217
280 470 319 520 b,
350 469 485 518 ibique
515 466 739 514 Heindorf„
770 465 868 517 Leg.
903 466 982 514 10,
1013 465 1094 504 908
1112 464 1159 516 b;
1197 463 1304 514 apud
1343 463 1516 504 comicos
1551 476 1635 503 non
1667 463 1767 503 item

190 526 255 578 (cf.
293 524 549 564 Herwerden.
590 523 686 564 Obs.
724 523 814 562 crit.
859 522 954 573 28):
1001 534 1094 561 nam
1138 521 1347 571 Aristoph.
1385 520 1484 562 Ach.
1525 521 1608 560 451
1647 523 1770 572 γενοῦ

188 582 366 635 γλίσχρος
396 585 603 633 παραιτῶν
632 580 890 631 participium
921 591 1002 618 non
1040 592 1130 618 cum
1168 582 1289 630 γενοῦ
1327 577 1654 629 coniungentium
1692 580 1768 618 eet.

190 641 324 690 itaque
354 639 480 678 miror
515 638 742 678 Nauokium
778 637 928 677 comico
966 635 1194 687 Phrynicho
1234 635 1331 674 haec
1367 635 1630 684 tribuentem,
1667 647 1768 686 quae

190 698 274 737 sine
305 696 427 736 dubio
457 696 601 747 tragici
632 697 737 735 sunt.
798 695 920 733 etiam
950 689 1153 744 ἀτιμάζειν
1183 693 1305 732 semel
1335 692 1441 743 apud
1471 691 1643 732 comicos
1662 691 1770 743 quod

190 755 310 794 sciam
340 754 505 805 legitur,
534 752 743 803 Aristoph.
776 751 884 790 Nub.
919 751 1041 790 1121.
1610 751 1613 754 ’

960 862 1010 904 81

398 940 486 997 ἐγώ
518 942 581 997 δέ,
613 950 737 997 μισεῖ
763 941 850 997 γάρ
880 940 944 997 μ’,
977 938 1127 996 ἄπειμ’
1162 939 1207 991 ἐξ
1239 937 1467 996 ὀμμάτων.

309 1027 480 1066 Zonaras
519 1027 599 1065 757
641 1022 680 1074 ἐξ
719 1022 945 1076 ὀφθαλμῶν
983 1017 1031 1063 οὐ
1068 1020 1274 1076 λέγουσιν,
1312 1015 1401 1062 οὐδ’
1451 1021 1495 1062 ἐκ
1540 1021 1771 1076 προσώπου.

192 1082 396 1136 Φρύνιχος
427 1084 507 1121 κτλ.
554 1080 711 1134 ἄπειμι]
743 1080 881 1133 ἆ’μειμι
910 1082 1017 1133 apud
1039 1081 1260 1120 Tittmann.
1300 1081 1354 1120 ‘K
1382 1077 1571 1132 ἄμειμοι.’
1594 1093 1676 1122 non
1695 1083 1774 1121 tra-

197 1142 275 1193 giei
305 1141 444 1190 videri,
478 1140 549 1179 sed
581 1141 720 1179 comici
751 1139 957 1179 Nauckius
987 1138 1268 1190 pronuntiavit
1306 1139 1426 1190 Trag.
1459 1151 1522 1190 gr.
1554 1139 1601 1180 fr.
1630 1138 1701 1178 XI.
1732 1141 1777 1179 at

195 1199 357 1238 nomine
387 1195 494 1248 ὄμμα
525 1197 666 1236 comici
696 1199 838 1247 poetae
868 1209 949 1236 non
979 1197 1152 1235 utuntur
1181 1196 1258 1235 nisi
1287 1195 1329 1234 in
1349 1195 1503 1236 melicis
1533 1195 1776 1236 carminibus

196 1259 236 1294 et
264 1253 673 1308 παρατραγῳδοῦντες
707 1253 929 1305 (Aristoph.
961 1253 1069 1293 Eccl.
1104 1254 1124 1291 1
1159 1255 1200 1292 et
1228 1252 1329 1294 Aah.
1365 1253 1494 1301 1184,
1533 1265 1653 1304 quem
1689 1265 1776 1294 ver-

198 1326 286 1351 sum
317 1312 495 1363 spurium
530 1324 615 1351 esse
645 1311 797 1351 iudicat
827 1308 1087 1364 Meinekius).
1116 1311 1253 1361 itaque
1285 1309 1406 1349 dubia
1435 1322 1500 1350 res
1531 1312 1604 1351 est.

404 1478 651 1535 οἷθύρωτον
681 1479 824 1536 στόμα

318 1560 449 1610 οὕτως
478 1558 714 1615 άθύρωτον,
743 1558 817 1602 οὐκ
847 1558 1071 1602 ἀπύλωτον.
1103 1558 1390 1614 Ἀριστοφάνης
1414 1560 1632 1615 Βατράχοις
1657 1558 1780 1615 (838)

201 1619 270 1660 καὶ
308 1618 522 1672 Φρύνιχος.
565 1620 721 1660 Suidas.
767 1621 815 1660 cf.
855 1620 961 1660 idem
999 1615 1223 1659 ἀπύλωτον.
1262 1620 1553 1671 ‘Phrynichum
1583 1632 1779 1671 gramma-

201 1680 325 1718 ticum
356 1678 590 1728 intellegere
620 1679 831 1728 praestat.'
863 1678 1035 1717 Meinek.

406 1843 652 1901 ἀκίβδηλος
681 1843 797 1902 ἀνήρ
970 1788 1025 1831 83

150 1971 155 1975 .
318 1924 339 1967 ὁ
371 1926 424 1980 μὴ
455 1927 659 1980 κίβδηλος,
690 1924 788 1967 άλλᾶ
819 1926 983 1980 δόκιμος
1013 1927 1080 1968 καὶ
1100 1931 1248 1968 πολλοῦ
1277 1926 1401 1977 ἄξιος.
1432 1925 1536 1967 οὕτω
1566 1926 1780 1980 Φρύνιχος.

203 1987 374 2026 Bekker.
409 1987 558 2025 Anecd.
592 1988 686 2034 371,
720 1987 787 2025 22.

972 2064 1028 2106 84

410 2129 621 2186 ἄκομψον
653 2131 727 2172 καὶ
759 2133 941 2186 φαῦλον

320 2207 406 2252 οἷον
435 2212 632 2264 κομψείας
664 2211 731 2252 καὶ
758 2213 1005 2267 πανουργίας
1026 2208 1348 2267 ἀπηλλαγμένον.
1379 2211 1484 2254 οὕτω
1505 2213 1580 2266 Φρ.
1612 2212 1781 2254 Bekker.

210 2271 359 2310 Anecd.
392 2271 490 2319 308,
522 2271 589 2312 31.
621 2270 672 2310 cf.
705 2273 743 2319 6,
779 2273 842 2311 19.

411 2402 608 2459 ἀκρατής
636 2403 794 2459 γάμων
975 2348 1031 2390 85

323 2479 464 2537 σεμνὸς
495 2484 562 2525 καὶ
594 2480 792 2538 εὐπρεπὴς
822 2483 843 2526 ὁ
864 2485 978 2540 λόγος
1009 2484 1074 2527 ἐπὶ
1101 2485 1294 2541 γυναικὸς
1325 2484 1532 2538 τνθέμενος
1561 2482 1783 2526 ἀκολάστου

209 2541 276 2581 καὶ
303 2548 497 2594 μοιχικῆς.
529 2541 633 2582 οὕτω
663 2544 739 2595 Φρ.
772 2545 941 2584 Bekker.
973 2546 1126 2588 Anecd.
1159 2547 1256 2596 369,
1288 2547 1356 2585 22.
1387 2546 1438 2586 cf.
1471 2546 1539 2594 28,
1572 2545 1639 2583 24.

977 2667 1032 2709 86

415 2719 762 2776 ἄκροτελεύτιον
790 2725 896 2773 ἔπος

327 2801 370 2842 τὸ
401 2802 564 2854 ἔσχατον
593 2806 812 2854 κεφαλαίου
843 2803 948 2854 τινὸς
978 2806 1205 2857 ποιητικῶς.
1235 2805 1384 2859 κυρίως
1413 2802 1488 2858 γὰρ
1508 2802 1783 2858 άκροτελεύτια

215 2858 279 2899 ἐπὶ
308 2859 540 2911 ποιημάτων
571 2860 757 2902 τεθέασιν
781 2859 963 2903 Ἀττικοί.
1005 2860 1108 2903 οὕτω
1137 2864 1212 2916 Φρ.
1234 2864 1403 2904 Bekker.
1424 2863 1576 2903 Anecd.
1598 2864 1693 2911 369,
1715 2864 1784 2903 31.
