1872 3224
197 172 282 214 350
830 166 1131 201 ΕΤΠΟΑΙΔΟΣ

195 273 290 323 όσος
320 277 402 314 κτλ.
437 274 602 314 Bekker.
635 273 787 314 Aneed.
821 273 886 319 30,
922 272 975 311 28
1006 268 1204 324 βρυγμός·
1235 266 1261 322 ἡ
1294 268 1490 319 σύντονος
1522 266 1678 323 ἕδωδή,
1709 266 1811 318 ἐπὶ,

198 339 278 373 τῶν
309 329 479 384 τραχέως
510 325 744 375 ἐσθιόντων
776 326 884 382 παρὰ
916 327 958 368 τὸ
989 327 1179 381 βρύκειν,
1211 324 1310 383 ὅπερ
1341 325 1450 368 ἐστὶν
1481 325 1673 369 ἐσθίειν»,
1692 326 1776 370 He-
1813 326 1817 334 ”

198 391 305 443 sych
337 385 534 442 βρυγμός·
569 419 577 427 .
611 419 619 428 .
655 419 662 427 .
694 383 774 426 ἀπὸ
807 391 878 426 τοῦ
907 384 1093 438 βρύχειν,
1125 382 1149 424 0'
1190 383 1271 425 ἔστι
1300 388 1383 434 τοῖς
1414 381 1557 426 ὀδοῦσι
1594 367 1810 434 πιέζονται-ῳ

197 447 339 497 ψόφον
375 444 600 495 ἀποτελεῖν,
641 441 694 492 ὡς
738 443 782 484 ἐν
822 443 924 497 ῥίγει
962 442 1175 495 συμβαίνει
1206 475 1215 483 .
1293 441 1362 495 ,ἢ
1392 441 1554 496 τρισμὸς
1585 438 1789 484 ὀδόντων-

196 508 330 556 itaque
361 505 479 543 etiam
518 501 689 542 κοπετόν
732 503 962 542 cenantium
1004 502 1217 552 strepitum
1249 502 1329 541 dici
1366 505 1515 552 putans
1554 501 1780 546 Meinekiufl

198 564 469 613 fragmentum
502 561 551 599 ad
583 560 827 600 Adulatores
857 560 1030 600 rettulit.
1061 561 1203 599 eontra
1233 559 1477 599 Fritzschius
1508 558 1616 610 apud
1647 558 1789 610 Toep-.

196 620 274 670 pel.
298 621 349 659 69
381 615 551 657 κοπετόν
579 618 681 657 nihil
712 618 791 658 nisi
819 619 1136 657 lamentationem
1167 616 1393 668 significare
1423 619 1466 656 et
1494 613 1678 669 βρυγμόν
1696 628 1787 657 non-
1832 633 1836 638 ²

198 691 221 716 a
251 674 389 729 βρύκω
419 689 511 716 eum
541 676 836 727 grammaticis,
881 674 950 714 sed
988 688 1011 714 a
1040 672 1178 727 βρύχω
1209 675 1412 715 deducens
1450 674 1509 714 ita
1538 673 1788 722 interpretas-¹

197 738 263 774 tur
294 736 484 784 ‘quantus
513 737 567 773 est
596 733 779 782 fremitus
810 737 844 772 et
874 736 1026 781 quanta
1056 733 1283 772 lamentatio
1312 734 1358 772 in
1388 732 1583 772 aedibus’.

946 821 1030 864 348

404 889 555 947 ὥσπερ
580 889 672 946 γὰρ
705 891 768 941 εἰς
798 893 1001 946 ζητρεῖον
1033 891 1245 946 ἐμπεσών

312 976 492 1027 Etymol.
530 989 583 1014 m.
615 976 719 1023 411,
753 975 806 1013 35
845 974 1042 1025 ζητρεῖον*
1081 971 1124 1013 τὸ
1165 977 1247 1013 τῶν
1292 969 1451 1012 δούλων
1494 970 1779 1027 δεσμωτήριον.

199 1032 380 1080 Εὔπολις
420 1034 501 1071 κτλ.
553 1032 669 1071 Phot.
709 1031 818 1072 Suid.
855 1031 1052 1084 ζητρεῐον·
1100 1029 1143 1071 τὸ
1189 1035 1269 1070 τῶν
1307 1028 1465 1070 δούλων
1502 1027 1779 1083 κολαστήριον.

200 1089 395 1138 Εὔπολις.
447 1090 584 1129 eadem
623 1091 708 1128 sine
745 1091 890 1139 poetae
927 1090 1089 1128 nomine
1130 1089 1302 1140 Hesyeh.
1344 1089 1530 1129 Eustath.
1571 1090 1669 1142 837,
1709 1089 1781 1131 44.
1862 1116 1872 1142 ;

199 1149 302 1189 Poll.
335 1150 373 1195 3,
407 1149 458 1187 78
491 1145 559 1185 ἵνα
589 1144 821 1194 κολάζονται
851 1146 893 1185 οἵ
926 1145 1084 1192 δοῦλοι,
1122 1148 1304 1198 μυλῶνες
1335 1144 1404 1185 καὶ
1433 1147 1602 1199 ζητρεῖα.
1655 1145 1788 1187 Herm
1865 1159 1872 1162 ·

202 1207 305 1247 dian.
336 1206 355 1244 1
388 1205 482 1252 372,
519 1206 555 1244 7.
594 1204 636 1242 11
667 1205 762 1252 515,
796 1205 864 1242 24.
911 1204 1119 1255 Aristoph.
1151 1204 1199 1243 fr.
1232 1206 1298 1243 93.
1344 1204 1589 1257 Theopomp.
1623 1203 1692 1245 63.
1738 1204 1782 1244 in
1863 1183 1872 1214 ⁴³

200 1265 310 1303 exitu
341 1263 498 1302 iambus
531 1262 656 1310 deest,
691 1262 759 1312 qui
791 1261 912 1301 variis
944 1261 1073 1301 modis
1104 1262 1280 1312 suppleri
1310 1263 1458 1312 potest.
1865 1262 1872 1267 ”

951 1350 1037 1392 349

405 1431 480 1473 καὶ
511 1428 599 1485 γὰρ
632 1427 821 1485 αἰσχρὸν
853 1427 1081 1484 ἅλογίου’
1086 1427 1154 1472 στ’
1175 1418 1366 1486 ’ὀφλεῖν

315 1516 487 1554 Bekker.
510 1514 660 1552 Anecd.
686 1514 783 1566 436,
806 1515 830 1553 3
861 1509 1110 1552 ἆποστασιον
1139 1511 1207 1552 καὶ
1238 1511 1516 1564 λιποστροὲτιον
1545 1511 1614 1553 καὶ
1643 1511 1780 1553 πάντα

201 1565 247 1612 τοὶ
278 1577 442 1611 τοιαῦτα
463 1566 682 1623 οὐδετέρως
704 1569 1026 1622 σχηματίζουσιν.
1060 1567 1241 1617 Εὔπολις
1263 1573 1343 1610 κτλ.
1376 1566 1566 1623 ἆλογίου’
1571 1566 1632 1610 στ’
1657 1571 1781 1623 Berg-

201 1628 311 1682 kius]
343 1626 529 1681 ἆλογίους
561 1642 597 1666 τι
628 1629 713 1668 cod.
746 1624 908 1680 ἇλογίου
940 1642 976 1666 τι
1007 1627 1178 1670 Bekker.
1227 1628 1326 1667 talia
1356 1628 1443 1668 solo
1475 1629 1557 1668 fere
1590 1628 1789 1695 genetivo.

203 1701 295 1729 casu
327 1687 563 1727 efferuntur.
596 1685 645 1724 ef.
677 1685 822 1755 Pollux
853 1686 1099 1735 6,153.4.
1159 1685 1412 1751 Hesyeh.e1:
1443 1685 1587 1726 Suidas
1617 1679 1782 1738 ἅλογίου

201 1743 313 1795 δίκη·
354 1740 410 1795 ἣν
447 1740 671 1795 φεύγουσιν
708 1741 749 1781 οἱ
773 1739 962 1808 ἄρχοντες
1001 1740 1123 1796 λόγον
1152 1738 1200 1782 οὐ
1217 1737 1411 1793 διδόντες
1442 1741 1523 1782 τῶν
1552 1747 1624 1794 τῆς
1649 1739 1782 1811 ἀρχῆς

203 1799 483 1852 διοικημάτων.
534 1800 678 1840 Pollux
709 1801 761 1848 8,
794 1801 849 1839 54
886 1794 1047 1853 ἆλογίον
1078 1799 1170 1851 δίκη
1207 1793 1260 1850 ἧν
1288 1797 1389 1839 κατὰ
1419 1801 1502 1839 τῶν
1531 1796 1606 1839 οὐκ
1635 1796 1779 1840 ἀποδι-

202 1857 361 1898 δόντων
375 1854 587 1910 λογισμοὺς
610 1871 671 1896 ων
686 1871 741 1895 αν
759 1856 1066 1911 ὃιαχειρίσωσιν
1098 1858 1150 1897 ef.
1173 1857 1360 1908 Append.
1381 1858 1566 1919 proverb.
1588 1858 1780 1898 Leutsch.

207 1919 244 1966 1,
279 1917 346 1955 23.
377 1915 516 1955 Meier.
548 1917 588 1954 et
620 1915 881 1955 Schoemann.
915 1917 1004 1955 Att.
1035 1915 1149 1955 Proe.
1183 1915 1278 1964 363,
1311 1917 1348 1954 5.

951 2005 1037 2048 350

409 2085 464 2138 τῆ
495 2084 583 2125 νῦν
614 2085 917 2140 καταδέχεσθε
950 2082 1055 2135 τοὺς
1085 2083 1277 2139 φακούς.

318 2167 575 2207 Herodianus
606 2165 782 2208 Cramer.
815 2168 965 2208 Aneed.
991 2167 1064 2208 Ox.
1088 2167 1151 2206 III
1173 2167 1254 2219 253
1278 2165 1517 2218 (Hermann.
1541 2165 1646 2220 309)
1675 2164 1782 2206 οὕτω
1806 2178 1808 2180 ’

207 2222 368 2278 (φακοὶ)
408 2225 586 2262 καλεῖται
615 2220 726 2275 ὠμὸν
756 2223 799 2264 τὸ
829 2223 1021 2276 ὄσπριον,
1061 2220 1116 2271 ὥς
1157 2222 1337 2271 Εὔπολις
1368 2227 1450 2265 κτλ.
1510 2221 1782 2276 καταδέχεσθε

204 2279 396 2333 Meinek]
429 2278 737 2332 καταδέχεσθαι.
789 2279 1035 2321 κατέδεσθαι
1075 2282 1179 2332 apud
1211 2282 1349 2321 Herm.
1380 2278 1599 2321 κατέδεσθε
1633 2281 1781 2334 Bergk.

201 2341 249 2379 R.
282 2353 314 2379 e.
350 2340 437 2378 Att.
471 2340 566 2377 159.
601 2339 650 2378 cf.
684 2338 834 2379 Oratin.
874 2340 971 2379 141.

950 2429 1031 2471 351

319 2513 483 2548 ΑΛΚΙΒ.
517 2513 636 2562 μισοῖ
666 2510 946 2563 λακωνίζειν,
977 2509 1231 2563 ταγηνίζειν
1261 2507 1310 2548 δὲ
1342 2504 1430 2548 κᾶν
1461 2507 1693 2561 πριαίμην.

321 2590 362 2621 Β,
397 2574 567 2626 πολλὰς
597 2574 641 2619 δ’
678 2613 685 2620 .
719 2610 727 2618 .
760 2573 884 2633 οἶμαι
914 2579 1004 2619 νῦν
1034 2576 1308 2631 βεβινῆσθαι
1341 2609 1350 2617 .
1385 2607 1395 2617 .
1427 2607 1437 2616 .
1473 2607 1482 2616 .

322 2652 351 2684 A
356 2676 538 2687 .....
572 2643 621 2694 ὂς
653 2645 702 2689 δὲ
733 2647 911 2700 πρῶτος
942 2643 1127 2698 ἐξεῦρεν
1157 2641 1208 2685 τὸ
1238 2641 1337 2698 πρῴ
1362 2640 1608 2694 ’πιπίνειν;

322 2721 360 2752 Β.
394 2712 569 2768 πολλήν
599 2729 651 2768 γε
682 2714 1060 2769 λακκοπρωκτίαν
1089 2711 1202 2767 ἡμῖν
1233 2708 1439 2754 ε’πίστασ’
1472 2707 1636 2766 εὑρών.

271 2789 291 2821 5
322 2787 364 2820 A.
397 2777 511 2833 εἶεν.
535 2783 603 2831 τίς
634 2779 760 2825 εἶπεν
789 2780 951 2836 (ἀμίδα
981 2780 1079 2823 παῖ’
1111 2781 1289 2833 πρῶτος
1317 2776 1484 2834 μεταξύ
1515 2780 1683 2829 πίνων;

321 2856 362 2888 Β.
397 2850 726 2905 Παλαμηδικόν
756 2866 808 2906 γε
838 2849 972 2892 τοῦτο
1001 2846 1285 2904 τούξεύρημα
1315 2846 1390 2890 καὶ
1421 2846 1571 2903 σοφόν
1601 2857 1700 2890 σου.
