1872 3224
634 221 847 256 ΑΔΗΛῼΝ
873 222 1143 258 ΔΡΑΜΑΤΩΝ
1599 225 1682 269 223

0 374 46 458 ἔ·
307 379 589 437 ἑργολήπτας
871 326 928 368 56

0 458 31 475 ‘⁵
212 461 307 512 τοὺς
339 461 583 518 ἐργολάβους
617 464 881 517 Τηλεκλείδης
913 462 934 505 ὁ
964 466 1152 520 κωμικός.
1184 469 1328 508 Pollux
1360 472 1398 520 7,
1433 470 1527 510 182.

870 580 924 623 57

302 632 562 692 Εὐτρηῖους

211 716 304 768 τοὺς
333 712 414 759 «inb
446 715 711 786 Εὐτρήσεως,
750 719 820 771 τῆς
858 718 1011 768 πόλεως
1043 726 1112 773 τῆς
1140 716 1364 773 Ἀρκαδίας.
1415 723 1595 776 δωρικως
1637 722 1680 764 δὲ

0 783 21 832 ‘2
95 770 182 817 εἶπε
206 776 484 829 Τηλεκλείδης.
516 775 627 817 θέλει
647 770 722 831 γὰρ
750 777 880 818 εἰπεῖν
907 774 1158 831 Εὐτρησίους
1189 780 1427 831 Hesychius.
1450 778 1678 834 Εὐτρηῖυυς

15 874 18 875 ⁷
95 835 254 876 Ahrens
292 836 394 875 Dial.
433 835 454 875 Ι
493 837 587 876 232.
623 836 665 875 H
705 834 779 905 751
813 832 1053 888 Εὐτρηίους.
1111 833 1351 890 Εὕτρησεως
1390 839 1435 878 L.
1475 838 1676 892 Dindorf.]

13 887 28 900 ’
94 890 251 947 εὕτρης.
285 893 336 934 cf.
358 894 533 934 Meinek.
556 893 594 931 V
616 895 683 934 31.
718 893 970 947 Ευτρησίους
1001 893 1211 948 Musurus]
1245 891 1511 948 εὐστρίστους.
1546 898 1679 948 itaque

94 951 312 1004 δωρίζοντα
342 951 518 1003 aliquem
549 951 713 992 fecerat.
746 952 794 992 cf.
826 953 892 995 50.
925 954 990 993 60.
1022 953 1167 1004 Eupol.
1200 954 1268 993 56.
1310 954 1496 994 Bursian.
1529 954 1677 1007 Geogr.

93 1023 155 1062 gr.
187 1009 230 1050 H
260 1011 358 1051 225.
391 1010 546 1061 230sq.

302 1120 382 1178 ιβύ

208 1203 321 1258 μέγα.
359 1220 450 1246 αντι
488 1211 560 1245 τοῦ
598 1202 955 1273 ἆναφθεγξάμενοι
993 1204 1105 1259 μέγα.
1145 1204 1272 1254 οὕτως
1317 1209 1515 1259 Τηλεκλῆς
1559 1206 1679 1262 (corr.

97 1262 395 1333 Τηλεκλείδης).
425 1264 608 1313 Photius,
641 1265 710 1315 qui
741 1258 809 1317 ἰβὺ
839 1261 938 1317 μέγα
960 1266 1182 1306 continuat.
1214 1265 1388 1316 Hesych.
1420 1263 1681 1318 ἰβυκινήσαν-

93 1333 177 1369 τες·
278 1318 391 1365 ,ἀπὸ
421 1319 497 1375 γὰρ
528 1321 598 1361 τοῦ
630 1321 702 1374 ι’βῦ
731 1327 934 1375 παρῆκται
963 1318 988 1374 ἡ
1011 1319 1125 1371 λέξις.
1158 1319 1225 1361 καὶ
1248 1320 1354 1362 ἔστιν
1370 1319 1593 1362 Ἰωνικὸν’
1575 1323 1679 1375 επί-ρ

93 1392 200 1431 ρημα
230 1376 299 1419 καὶ
331 1378 449 1432 δηλοῖ
476 1377 520 1419 τὸ
549 1377 653 1419 πολὺ
684 1377 753 1419 καὶ
781 1377 893 1433 μέγα.
925 1381 1032 1420 idem
1064 1378 1152 1432 ι’βύ·
1193 1377 1298 1427 τινὲς
1337 1378 1380 1419 τὸ
1410 1380 1530 1433 βοᾶν·
1570 1380 1611 1420 οἱ
1635 1378 1680 1420 δὲ

92 1432 137 1476 τὸ
166 1435 284 1478 πολύ.
316 1431 431 1490 ἶβυξ·
464 1433 606 1490 ὀρνέου
637 1431 755 1485 εἶδος.
787 1439 837 1478 cf.
871 1437 1164 1478 Schneidewin.
1196 1438 1307 1489 Ibyc.
1339 1452 1378 1489 p.
1398 1441 1436 1478 3.
1467 1439 1604 1490 Etym.
1626 1453 1678 1478 m.

93 1496 190 1544 464,
222 1496 278 1535 45
310 1494 561 1548 ἰβυκηνίσαι
605 1496 743 1547 Etym.
778 1495 882 1536 Gud.
917 1496 1013 1545 268,
1036 1497 1089 1535 47
1123 1494 1359 1564 ἰβυκινίσαι.
1406 1497 1543 1547 Etym.
1576 1496 1681 1536 Gud.

93 1550 257 1604 ἴβυκος·
304 1551 413 1593 ἐστιν
450 1551 577 1605 ὄνομα
625 1551 770 1606 κύριον
818 1585 825 1592 .
860 1583 870 1593 .
913 1582 922 1591 .
961 1550 1069 1605 παρὰ
1115 1550 1158 1592 τὸ
1206 1551 1322 1605 ἴβυξ,
1373 1551 1537 1605 ι’βυκος,
1584 1551 1680 1605 ὅπερ

93 1607 203 1650 ἐστιν
233 1604 359 1659 εἶδος
370 1608 514 1663 ὀρνέου
545 1615 763 1663 κρακτικοῦ
796 1640 805 1649 .
829 1641 838 1650 .
863 1642 871 1650 .
904 1608 1025 1650 ἔνθεν
1057 1607 1209 1663 ἐγένετο
1239 1608 1282 1649 τὸ
1312 1610 1549 1662 ι’βυκινίσαι,
1582 1608 1678 1663 ὅπερ

92 1666 193 1707 κατὰ
233 1666 401 1721 φθορὰν
438 1666 593 1722 λέγεται
630 1668 870 1720 βουκινίσαι.
922 1669 972 1708 cf.
1005 1669 1222 1709 Herodian.
1253 1668 1274 1707 I
1305 1669 1552 1716 44‚13.II
1585 1670 1679 1717 742,

91 1727 233 1766 4.15.
286 1727 558 1767 confuderunt
597 1727 850 1778 grammatici
883 1726 1050 1766 verbum
1081 1727 1294 1777 antiquum
1324 1739 1414 1766 cum
1456 1727 1679 1766 recentiore

91 1782 340 1836 βυκανίζειν,
371 1783 608 1837 βυκινίζειν,
641 1785 829 1824 ‘latinum
861 1785 1049 1824 bucinare
1078 1783 1294 1823 reddentes
1333 1785 1375 1823 et
1404 1781 1565 1835 βυκᾶνη
1603 1797 1676 1834 pro

92 1842 260 1891 bucina,
308 1843 416 1893 quod
454 1856 478 1881 a
516 1842 617 1881 buca
655 1842 820 1882 ductum
858 1842 948 1882 est.’
996 1841 1096 1881 Lob.
1128 1840 1287 1880 Pathol.
1327 1841 1377 1879 el.
1408 1841 1429 1880 I
1461 1842 1527 1880 72.
1574 1842 1678 1881 sicut

91 1903 166 1951 μῦ,
200 1904 297 1952 γρῦ,
330 1901 387 1939 ita
418 1898 488 1952 ἰβῦ
519 1902 605 1938 erat
634 1899 810 1938 imitatio
840 1900 967 1947 vocis,
1000 1899 1171 1938 fortasse
1201 1899 1298 1937 avis.
1331 1899 1381 1937 ab
1411 1897 1480 1949 ι’βῦ
1502 1898 1677 1938 derivari

91 1959 250 2008 poterat
280 1954 446 2009 ι’βύζειν,
479 1957 528 1996 ab
560 1957 644 1996 avis
675 1958 838 1996 nomine
869 1955 1075 2008 ι’βυκίζειν.
1117 1957 1254 2006 itaque
1293 1955 1398 2006 apud
1430 1955 1676 2006 Hesychium
1726 1956 1731 1962 '

91 2014 262 2054 fortasse
294 2014 552 2054 scribendum
582 2013 729 2066 ι’βυκί
734 2023 794 2052 σα
806 2026 927 2061 ντες.

298 2182 586 2239 καθεδοῦμαι
864 2124 921 2168 59

208 2266 480 2328 Τελεκλείδης.
513 2267 656 2308 Zonar.
692 2267 813 2308 1170.

864 2355 921 2398 60

298 2416 573 2470 λυχνοκῶσα

205 2499 545 2550 λυχνοκαυτοῦσα.
595 2494 722 2544 οὕτως
778 2494 1055 2548 Τηλεκλείδης.
1116 2495 1340 2547 Hesychius
1390 2497 1670 2546 λυχνοκῶσαν’

91 2555 481 2607 λυχνοκαυστοῦσαν.
514 2557 584 2595 aut
614 2556 747 2596 dorice
766 2555 1001 2606 loquentem
1022 2554 1118 2594 fecit
1143 2553 1363 2593 Teleclides
1396 2551 1469 2605 (cf.
1492 2555 1559 2594 50.
1584 2554 1671 2605 57),

91 2615 162 2652 aut
192 2614 447 2655 scribendum
479 2615 752 2665 λυχνοκοοῦσα
783 2625 873 2652 cum
904 2611 1103 2652 Lobeckio
1134 2611 1284 2662 Phryn.
1319 2611 1416 2649 523.

863 2724 917 2767 61

297 2781 447 2841 μανόν

206 2861 370 2935 ἆραιόν.
392 2865 571 2919 βραχέως
601 2864 771 2919 λέγουσι.
808 2863 1066 2917 Τηλεκλείδης
1096 2859 1186 2903 ἆντι
1216 2863 1285 2902 τοῦ
1307 2859 1471 2916 ἀκριβὲς
1498 2859 1525 2913 ἢ
1544 2858 1672 2915 ὀρθὸν

91 2920 120 2976 ἢ
139 2920 319 2974 ἀσφαλὲς
349 2920 378 2976 ἢ
397 2922 568 2964 πυκνόν.
602 2925 776 2964 Zonaras
798 2923 922 2963 1334.
955 2921 1062 2973 quod
1092 2922 1268 2972 priorem
1298 2920 1493 2973 syllabam
1526 2920 1671 2970 corripi
