1872 3224
239 171 290 212 75
887 161 1139 196 KPATmor

237 288 342 325 ρους.
377 272 550 324 Δίδυμος
579 268 621 314 δὲ
651 267 697 308 τὰ
728 265 888 321 τραγικὰ
918 268 1159 318 προσωπεῖα,
1190 260 1299 314 παρὰ
1320 261 1521 317 Κρατίνῳ,
1543 256 1631 302 οἷον
1658 261 1802 315 βροτο·
1848 272 1855 277 ’

238 332 376 382 ἴκελοι,
414 327 456 368 ἐν
494 326 708 380 Σεριφίοις.
756 327 922 365 fortasse
959 323 1211 364 scribendum
1250 314 1334 370 αἶρ’
1367 313 1455 371 αἶρε
1484 318 1521 358 δ.
1562 320 1680 385 mk,-
1705 331 1802 360 nam
1855 330 1858 334 ’

236 402 370 429 versus
399 386 608 426 manifesto
639 384 830 423 iambicus
860 385 933 422 est.
972 378 1064 427 τοὺς
1095 376 1302 431 βρικέλους
1342 391 1433 417 oum
1464 375 1722 429 grammatici
1749 372 1799 417 τὰ

237 442 396 497 τραγικὰ
432 444 657 494 προσωπεῖα
693 454 777 480 esse
814 440 1146 490 interpretentur,
1187 439 1306 487 caput
1336 435 1595 487 Gorgoneum
1626 433 1708 475 diei
1736 447 1800 484 ar,-

237 503 372 550 bitror,
404 500 509 552 quod.
539 500 721 539 attollere
752 498 918 538 Perseus
949 493 1138 550 (fortasse
1168 508 1192 533 a
1222 489 1378 545 Danae)
1409 492 1586 533 iubetur.

972 607 1056 650 206

236 690 350 734 οὕτω
389 692 619 746 σταθερῶς
654 696 746 740 τοῖς
783 687 1062 738 λωποδύταις
1092 684 1116 729 ὁ
1146 686 1286 742 πόρος
1323 687 1515 728 πεινῶσι
1557 664 1798 742 παφλάζει.
1848 646 1872 719 i

347 775 510 814 Photius
549 777 588 813 et
627 774 767 813 Suidas
804 769 1024 822 σταθερόν·
1057 799 1097 808 ..
1122 800 1130 808 .
1169 771 1368 822 Κρατῖνος
1407 766 1452 808 ἕν
1490 766 1696 822 Σεριφίοις
1732 765 1802 811 ἐπὶ

235 836 305 871 τοῦ
335 827 452 879 ὀξέως
483 827 625 885 (ὀξέος)
655 827 682 881 ἢ
712 829 885 881 ἰσχυροῦ.
926 831 1128 881 σταθερῶς
1159 825 1294 881 Phot-.]
1335 822 1532 879 σταθερὸς
1570 825 1688 868 Suid.
1716 822 1799 868 'foi‘-

233 892 336 929 tasse
357 885 563 940 σταθερὸν.
595 886 787 939 σερεφίοις
805 887 889 926 cod.
911 887 1044 936 Phot.‚
1066 884 1243 937 σερίφοις
1261 885 1419 925 codices
1437 883 1549 924 Suid.
1570 905 1624 915 —-
1641 885 1689 924 ut
1705 896 1799 937 pro—
1863 878 1872 928 ἒ

234 947 318 996 prio
345 942 371 997 ἡ
401 943 522 997 χύτρα
550 941 744 995 παφλάζει
774 945 828 983 eis
868 944 937 995 qui
976 943 1195 983 esurientes
1235 942 1396 982 iamiam
1433 941 1697 994 cupiditatem
1733 954 1799 998 ex-
1868 942 1872 963 ¹

234 1004 379 1053 pleturi
409 1005 510 1052 sunt,
543 1003 600 1042 ita
628 1004 746 1053 poeta
774 1001 1039 1052 praedonibus
1070 1001 1218 1040 fretum
1249 1014 1295 1040 oa
1324 1012 1424 1051 quae
1447 1011 1550 1051 opus
1570 1001 1668 1040 sunt
1685 1003 1798 1052 proe-

234 1060 325 1099 bere
355 1060 464 1099 dicit.

966 1147 1047 1190 207

347 1227 392 1279 ἐς
421 1230 599 1283 Συρίαν
629 1222 668 1270 δ’
703 1226 884 1271 ἐνθένδ’
915 1221 1104 1283 ἄφικνεῖ
1127 1226 1350 1282 μετέωρος
1379 1223 1456 1270 ὑπ’
1490 1223 1650 1284 αὔρας.

344 1301 395 1340 B.
429 1292 602 1352 ι”μᾶτιον
631 1295 878 1352 μοχθηρόν,
910 1295 1020 1339 ὅταν
1049 1298 1221 1352 βορρᾶς
1251 1294 1558 1354 καταπνεύσῃ.

344 1392 486 1431 Pollux
518 1394 554 1441 7,
588 1393 638 1431 69
670 1390 813 1443 συρίαν
842 1388 885 1430 δὲ
916 1389 1070 1443 ἱμάτιον
1102 1388 1295 1443 Κρατῖνός
1326 1401 1429 1443 φησι
1458 1388 1680 1444 Σεριφίοις.
1710 1403 1798 1434 vor·

233 1463 321 1488 sum
351 1450 565 1489 seeundum
597 1449 710 1488 alteri
747 1462 939 1499 personae
976 1449 1121 1488 tribuit
1156 1449 1400 1499 Meinekius‚
1440 1449 1505 1490 cui
1543 1449 1642 1491 haee
1677 1448 1798 1502 Poly-

196 1537 200 1542 .
234 1506 365 1545 dectae
394 1507 513 1546 verba
541 1507 727 1546 videntur
756 1507 899 1546 Perseo
930 1510 1068 1546 contra
1100 1505 1308 1556 Gorgonas
1339 1506 1611 1557 proficiscenti
1639 1506 1799 1548 itineris

233 1564 421 1602 rationem
453 1564 685 1613 explicantis
724 1560 948 1616 (Menandr.
980 1564 1106 1614 praef.
1138 1563 1277 1603 XVIII
1307 1561 1422 1615 adn.)
1452 1563 1556 1604 Poll.
1589 1565 1626 1614 7,
1659 1565 1711 1605 61
1741 1560 1798 1617 ἢν

235 1617 278 1657 δὲ
307 1619 480 1672 συρίαν
510 1620 550 1659 οἱ
574 1619 719 1670 πολλοί,
749 1620 899 1672 ταύτην
928 1618 1153 1660 αὐτόποκον
1174 1619 1331 1673 ἱμάτιον
1351 1620 1392 1660 οἱ
1407 1619 1588 1673 κωμικοί.
1619 1621 1796 1674 Hesych-

235 1675 367 1728 συρία·
400 1680 542 1728 παχεῖα
571 1679 721 1728 χλαῖνα.
764 1679 831 1717 sed
862 1682 907 1718 ut
937 1682 1023 1719 erat
1053 1692 1204 1729 crassa,
1245 1680 1302 1718 ita
1340 1679 1462 1719 etiam
1499 1680 1621 1720 vento
1658 1679 1798 1732 μανία
1869 1700 1872 1704 ·

234 1736 272 1772 et
299 1736 506 1784 propterea
535 1729 687 1786 ἱμάτιον
715 1734 934 1788 μοχθηρόν.

959 1847 1044 1891 208

373 1920 464 1966 εἶτα
495 1924 648 1976 Σάκας
677 1924 864 1982 ἀφικνεῖ
889 1927 964 1970 καὶ
995 1929 1241 1980 Σιδονίους
1270 1927 1346 1972 καὶ
1373 1926 1632 1986 Ἐρεμβούς,

372 1993 415 2041 ἔς
443 2007 490 2034 τε
519 1990 651 2036 πόλιν
681 1995 876 2050 δούλων,
908 1994 1092 2052 ἀνδρῶν
1121 1997 1609 2055 νεοπλουτοπονήρων,
1662 2037 1666 2040 .

373 2061 582 2116 αἰσχρῶν,
610 2060 937 2118 Ἀνδροκλέων,
959 2065 1431 2123 Διονυσοκουροόνων.

346 2168 385 2193 v.
405 2157 439 2198 1.
459 2156 496 2195 2.
514 2156 733 2207 Stephanus
747 2159 841 2210 Byz.
875 2158 1044 2200 Δούλων
1063 2155 1198 2209 πόλις·
1229 2159 1331 2212 φασὶ
1351 2158 1396 2202 δὲ
1416 2157 1486 2201 καὶ
1506 2158 1607 2202 κατὰ
1628 2152 1798 2216 Κρήτην

237 2209 480 2250 Δουλόπολιν
509 2207 609 2251 εἶναι
645 2214 881 2268 χιλίανδρον.
937 2216 1173 2269 σημειωτέον
1214 2215 1255 2259 δ’
1295 2216 1360 2259 ὅτι
1395 2220 1596 2273 Κρατῖνος
1634 2217 1692 2260 ἐν
1716 2218 1794 2261 Σο·
1832 2242 1834 2244 ·

236 2266 378 2317 ριφίοις
422 2268 537 2309 πόλιν
580 2269 735 2311 δούλων
777 2273 922 2325 φησίν,
957 2271 1225 2316 Ἀπολλωνίου
1263 2275 1470 2330 φήσαντος
1505 2274 1560 2330 μὴ
1598 2275 1688 2318 δεῖν
1723 2273 1796 2327 τὰς

235 2322 470 2375 παραθέσεις
502 2325 755 2368 ἐναλλάσσειν
784 2330 875 2383 δίχα
905 2339 1114 2386 ποιητικῆς
1143 2329 1348 2387 ἀνάγκης,
1378 2331 1435 2382 ὥς
1465 2344 1567 2404 φησι
1595 2335 1796 2388 Κρατῖνος

238 2374 332 2418 εεἶτα
350 2380 499 2430 Σάκας’
529 2387 607 2424 κτλ.
639 2383 718 2424 ἔστι
748 2384 791 2426 δὲ
821 2388 966 2442 χωρίον
993 2388 1037 2429 ἐν
1066 2389 1272 2446 Αἰγύπτῳ,
1296 2389 1352 2439 ὥς
1373 2402 1498 2444 φησιν
1521 2389 1794 2444 Ολυμπιᾱνός.

235 2450 270 2477 v.
294 2438 330 2477 3.
353 2439 519 2490 Hesych.
547 2443 1050 2498 Διονυσοκουροπυρώνων.
1083 2450 1282 2501 Κρατῖνος
1309 2447 1354 2488 ἐν
1369 2447 1576 2501 Σεριφίοις
1607 2447 1796 2503 Αίσχροῖν

233 2488 490 2560 Ἀνδροκλέων
508 2498 908 2561 Διονυσοκουρώνων.
942 2502 1043 2544 ἔνιοί
1070 2517 1197 2556 φασιν
1218 2503 1263 2544 ἕν
1282 2511 1336 2561 τῷ
1365 2501 1475 2562 αὐτῷ
1504 2503 1623 2548 πέντε
1651 2519 1791 2562 κωμφ·

236 2548 393 2615 δεισθαι
423 2553 605 2606 Αἰσχρον,
633 2552 880 2610 Ἀνδροκλέα,
913 2561 1145 2614 Διονύσιον,
1173 2565 1327 2615 Κῦρον,
1350 2563 1508 2616 Πυραῖν
1527 2561 1637 2619 (sic),
1666 2558 1795 2616 ἆμαρ-

237 2619 433 2655 τανοντες·
465 2607 591 2659 οὐδεὶς
610 2611 683 2665 γὰρ
700 2611 931 2667 Ἀθηναίων
942 2615 1224 2681 ἱᾶναγράφεται
1244 2622 1398 2674 Κῦρος·
1431 2620 1498 2661 δεῖ
1520 2615 1597 2661 οὖν
1624 2617 1796 2674 γράφειν

240 2664 738 2734 Διονυοοκουροπυρώνων.
797 2671 866 2713 τὸν
904 2690 978 2728 γαρ
1019 2675 1224 2717 Διόνυσον
1261 2675 1408 2730 κουρέα
1438 2676 1537 2718 ὄντα
1566 2677 1795 2733 κωμῳδεῖν·

237 2732 400 2785 ssve-’⁸¹²5'
429 2722 472 2760 δε
500 2725 552 2775 ἠν
579 2724 676 2778 πρὸς
713 2726 879 2770 πάππου
920 2729 973 2779 ὥς
1013 2733 1128 2784 δηλοῖ
1163 2731 1185 2773 ὁ
1221 2727 1291 2782 τοὶς
1330 2731 1574 2784 Ἀταλάντας
1610 2733 1794 2783 συνθείς.

237 2778 397 2845 tertmrn
426 2793 580 2847 versuni
610 2796 696 2823 oum
726 2788 865 2836 primis
896 2790 1103 2830 coniunxit
1133 2792 1331 2844 Bergkius
1362 2793 1491 2844 Epist.
1516 2793 1662 2835 Schill.
1697 2793 1793 2834 118.

242 2835 275 2871 l·
306 2833 462 2887 Σακας]
494 2839 628 2891 Σαβας
658 2841 891 2885 Holstenius
924 2848 1025 2886 conl.
1058 2848 1225 2900 Dionys.
1257 2849 1414 2902 Perieg.
1435 2852 1518 2892 958
1544 2847 1793 2904 Ἐρυθραίης
