1872 3224
207 160 290 202 754
834 158 1160 193 ΘΕοΠοΜΠοΤ

207 266 290 311 ker.
321 265 473 304 Aneed.
506 264 601 313 385,
635 264 701 302 14.
733 260 886 309 ἄλυπος
917 274 969 301 an
1000 259 1202 313 ἅλύπητος
1234 263 1287 302 sit
1316 262 1565 313 Theopompi
1604 275 1686 303 non
1714 262 1782 302 ad-

206 324 330 372 paret.
361 335 442 360 non
472 323 579 360 reete
609 321 801 359 historico
839 320 1015 359 tribuere
1045 320 1205 360 videtur
1234 319 1415 362 Mueller.
1446 319 1511 362 Fr.
1543 319 1638 360 hislz.
1670 332 1730 371 gr.
1760 318 1782 358 Ι
1862 330 1872 335 “

209 380 289 418 331
324 379 379 430 (11.
413 375 527 430 329).

418 519 442 535 ῃ
973 465 1029 507 82

415 537 546 578 ανεχε

324 603 418 645 ἀντὶ
447 610 517 644 τοῦ
547 603 707 658 πάρεχε.
757 601 886 651 οὕτως
919 579 1167 656 Θεόπομπος.
1199 605 1370 647 Bekker.
1400 605 1551 645 Aneed.
1583 606 1681 656 399,
1712 606 1782 648 20.

211 665 238 703 7
244 677 354 703 onar
388 664 484 703 210.
517 662 671 710 Suidas,
703 662 773 701 ubi
803 659 922 724 ἄνεχέ
950 675 1017 713 μοι
1047 659 1121 713 τὴν
1150 665 1272 714 χεῖρα.
1314 663 1383 702 sed
1414 663 1568 702 omilztilz
1597 664 1647 702 A.
1680 664 1783 702 welze-

211 735 300 759 rum
332 721 383 760 ef.
415 721 594 760 Mueller.
626 720 694 759 Fr.
726 720 822 759 hist.
852 722 914 771 gr.
947 720 967 758 I
998 720 1078 759 331
1110 716 1170 772 (n.
1204 715 1320 771 330).
1513 729 1534 745 ⁴

977 853 1032 896 83

422 910 643 967 ἄνθήλιος

327 991 353 1045 ἡ
385 993 531 1046 σελήνη
561 992 629 1033 καὶ
659 991 701 1032 τὸ
731 989 992 1044 ἀποσκίασμα
1023 997 1092 1044 τῆς
1123 997 1195 1032 τοῦ
1224 989 1343 1044 ἡλίου
1375 989 1630 1046 ἆνταυγείας.
1660 990 1785 1033 ἐνίοτε

208 1050 276 1091 καὶ
305 1049 348 1090 τό
381 1050 535 1103 μίμημα
565 1048 593 1102 ἢ
621 1047 901 1103 ἀντάλλαγμα.
935 1047 990 1097 ὡς
1022 1045 1272 1101 Θεόπομπος.
1304 1051 1476 1091 Bekker.
1509 1051 1662 1091 Anecd.
1685 1051 1784 1104 403,

210 1111 279 1149 23.
313 1111 453 1149 Zonar.
488 1110 581 1149 184.
613 1122 693 1148 non
724 1111 833 1148 recte
869 1109 1061 1148 historico
1093 1108 1270 1148 tribuere
1311 1108 1471 1148 videtur
1501 1109 1683 1148 Mueller.
1713 1107 1786 1148 Fr.

210 1167 308 1207 hist.
338 1180 403 1218 gr.
434 1167 454 1205 I
486 1167 566 1206 331
604 1165 661 1218 (n.
694 1164 811 1217 331).

416 1332 769 1390 ἅπωνηθήσεται
979 1276 1035 1319 84

327 1415 371 1456 τὸ
413 1413 656 1469 πεπράσεται
689 1415 923 1469 Θεόπομπος
953 1416 1113 1470 εἴρηκεν
1149 1413 1170 1456 ὅ
1207 1405 1396 1469 κωμικός.
1440 1417 1585 1456 Pollux
1616 1418 1657 1469 3,
1691 1417 1787 1457 124.

211 1473 254 1514 τὸ
282 1472 528 1527 πεπράσεται
558 1473 627 1527 K]
659 1473 726 1514 καὶ
756 1473 1014 1527 πεπράσεται.

419 1641 682 1699 ἀρύβαλλος
980 1586 1036 1629 85

326 1721 373 1766 σι’)
402 1724 530 1778 μόνον
559 1724 666 1779 παρὰ
699 1724 931 1781 Στησιχόρῳ
961 1724 1029 1765 καὶ
1058 1724 1195 1773 ἄλλοις
1227 1727 1476 1778 Δωριεῦσιν,
1515 1718 1613 1765 ἄλλο)
1643 1723 1714 1765 και
1743 1722 1789 1766 ἔν

207 1782 415 1824 Ἱππεῦσιν
454 1780 764 1837 Ἀριστοφάνους
795 1766 961 1844 (1094).
1011 1782 1257 1835 Θεόπομπος.
1305 1784 1475 1823 Bekker.
1507 1783 1658 1824 Aneed.
1688 1783 1787 1834 444,

215 1844 283 1882 23.
315 1843 523 1882 Bekkerus
553 1855 643 1882 cum
674 1842 808 1882 codice
829 1855 901 1882 suo
922 1837 1147 1894 ἆρίβαλλος.
1180 1841 1228 1881 ef.
1246 1841 1408 1881 Becker.
1428 1837 1784 1880 Oharikl 211180.

463 2020 474 2036 ‚
520 2022 530 2035 Ι
981 1964 1036 2007 86

420 2036 660 2077 αυτοχειροι

330 2101 378 2144 οὐ
423 2101 496 2144 τὸν
534 2102 678 2143 ἑαυτὸν
713 2100 907 2144 ἀνελόντα
944 2102 1091 2155 μόνον,
1130 2100 1228 2143 ἀλλὰ
1265 2101 1333 2142 καὶ
1364 2100 1427 2142 ἐπὶ
1456 2107 1528 2143 τοῦ·
1559 2101 1786 2156 πράξαντος

214 2159 350 2202 ὁτιοῦν
381 2167 428 2216 τῇ
459 2159 604 2201 ἑαυτοῦ
633 2160 743 2214 χειρί.
766 2159 871 2201 οὕτω
899 2160 1132 2213 Θεόπομπος
1153 2159 1220 2200 καὶ
1233 2156 1527 2212 Ἀριστοφάνης
1550 2160 1639 2214 (Av.
1665 2163 1788 2202 1135.

215 2221 312 2271 Lys.
347 2221 458 2269 269).
490 2220 658 2261 Bekker.
689 2220 839 2259 Anecd.
870 2219 966 2268 468,
1000 2220 1040 2261 6.

981 2308 1035 2351 87

421 2364 757 2420 δουλοπρέπεια

334 2444 568 2500 Θεόπομπος
598 2444 620 2487 ὃ
651 2444 840 2499 κωμικός.
871 2447 1014 2488 Pollux
1045 2449 1084 2500 3,
1117 2447 1184 2487 75.

976 2581 1031 2624 88

421 2641 613 2694 κατᾶραι

333 2718 421 2760 ἀντὶ
452 2727 524 2760 τοῦ
555 2720 704 2761 ἐλθεῖν.
736 2719 985 2773 Θεόπομπος.
1017 2721 1187 2761 Bekker.
1217 2721 1370 2761 Anecd.
1394 2721 1490 2772 104,
1516 2721 1580 2760 15.
1630 2716 1785 2774 ἐλθεῖν]

217 2780 432 2818 κατελθεῖν
462 2779 632 2819 Meinek.
665 2792 746 2819 non
775 2781 882 2818 reete
911 2792 1045 2817 rerum
1075 2779 1263 2828 scriptori
1282 2778 1460 2818 tribuere
1480 2778 1642 2819 videtur
1662 2778 1785 2817 Muel-

218 2836 290 2876 ler.
323 2836 387 2875 Fr.
420 2836 513 2875 hist.
546 2850 606 2887 gr.
638 2837 657 2875 I
689 2838 773 2877 330
803 2835 861 2888 (n.
892 2832 1008 2890 327).
