1872 3224
217 199 302 242 580
805 195 1194 230 ΑΡΙΣΤΟΦΑΝΟΤΣ

967 309 1050 351 817

421 368 679 423 μελαναίων

331 456 402 490 τοῦ
430 448 570 488 πλοίου
601 442 643 488 τὸ
673 446 980 501 πεπιττωμένον,
1011 446 1054 488 τὸ
1085 446 1238 488 ἔναλον.
1267 445 1572 501 Ἀριστοφάνης.
1610 449 1794 490 Photius.

222 509 453 555 Dindorfius
483 505 699 560 μελάνεων,
729 507 928 558 Bergkius
957 504 1183 559 μελανεών,
1214 508 1260 545 ut
1287 503 1460 557 ποδεών,
1491 501 1736 559 πρηγορεῶν.

586 682 591 684 ι
963 641 1047 683 818

421 695 622 755 μελῳδός

328 777 617 834 Ἀριστοφάνης
647 780 796 834 εἴρηκε.
829 782 970 820 Pollux
1001 782 1040 830 4,
1074 782 1139 821 64.
1172 794 1253 821 non
1284 782 1459 832 pertinet
1488 781 1539 821 ad
1567 781 1644 822 Av.
1670 781 1794 822 1381.

967 916 1053 958 819

425 972 799 1030 μικροπολιτικόν

334 1057 477 1096 Pollux
509 1059 548 1107 9,
582 1058 634 1096 25
673 1053 693 1095 ὁ
725 1053 801 1107 μὲν
829 1050 999 1109 μεγάλης
1030 1051 1180 1103 πόλεως
1210 1054 1372 1107 πολίτης
1402 1053 1712 1108 μεγαλοπολίτης
1740 1052 1797 1098 οἲιι

218 1111 380 1166 λέγοιτο,
414 1111 435 1152 ὁ
465 1111 510 1152 δὲ
539 1119 683 1166 μικρᾶς
713 1112 1006 1166 μικροπολίτης.
1037 1111 1139 1153 ὅθεν
1168 1111 1235 1152 καὶ
1261 1109 1538 1166 Ἀριστοφάνει
1569 1111 1723 1166 εἴρηται
1753 1113 1796 1152 τὸ

220 1170 556 1224 μικροπολιτικόν.
607 1172 656 1213 cf.
686 1172 761 1222 Eq,
793 1173 890 1212 817.

972 1283 1056 1325 820

410 1375 413 1377 .
422 1339 571 1396 μύξαν

332 1418 457 1463 αὐτὸν
488 1421 559 1463 τὸν
587 1426 769 1475 μυκτῆρα
800 1425 1012 1474 καλοῦσιν,
1044 1419 1132 1474 οὐχὶ
1161 1420 1204 1462 τὸ
1231 1419 1371 1476 ὑγρόν.
1405 1419 1534 1470 οὕτως
1562 1418 1796 1476 Ἀριστοφά-

115 1489 120 1494 “
221 1497 308 1533 νης.
360 1482 538 1523 Photius.

668 1598 670 1600 ’
747 1580 844 1624 821.
895 1581 991 1623 822.
1044 1581 1140 1623 823.
1192 1581 1277 1623 824

334 1677 654 1727 μυροπωλεῖν
699 1673 745 1713 δὲ
778 1671 1069 1727 Ἀριστοφάνης
1107 1673 1207 1726 ἔφη,
1250 1668 1592 1727 μυροπώλιον,
1638 1671 1798 1727 μύρου

220 1729 245 1770 ά
258 1735 279 1771 λ
289 1747 314 1770 α
307 1730 354 1784 ’β
369 1747 393 1770 α
405 1742 429 1770 σ
438 1747 457 1770 τ
467 1747 488 1784 ρ
499 1745 519 1770 ο
530 1747 574 1783 ν,
616 1747 641 1782 μ
654 1746 679 1770 υ
689 1746 711 1784 ρ
723 1731 740 1770 ί
745 1731 766 1770 ὁ
778 1747 802 1769 α
812 1763 821 1781 ,
859 1730 1016 1784 μυρηρὰ
1054 1729 1252 1785 λήκυθος,
1290 1728 1657 1785 ἆλαβαστροθῆκαι.
1706 1733 1798 1772 Pol-

221 1791 289 1829 lux
322 1792 362 1840 7,
396 1792 445 1829 17
453 1792 490 1829 7.
522 1803 611 1828 cum
643 1790 722 1828 duo
753 1792 930 1829 extrema
961 1791 1151 1829 vocabula
1181 1790 1263 1830 sint
1283 1790 1583 1829 Daetalensium
1604 1786 1671 1844 (fr.
1694 1786 1796 1843 205)

224 1849 265 1885 et
296 1847 348 1885 Tr
352 1848 537 1897 iphaletis
567 1843 703 1900 (548),
744 1848 864 1886 etiam
894 1847 1051 1897 reliqua
1080 1850 1186 1886 recte
1216 1847 1264 1885 ad
1295 1846 1608 1898 Aristophanem
1640 1847 1799 1887 rettulit

219 1904 428 1954 Bergkius.

970 1992 1055 2034 825

425 2048 636 2104 ναύτριαι

290 2186 301 2200 Ι
335 2132 479 2171 Pollux
511 2134 548 2180 7,
575 2134 653 2171 139
687 2131 852 2171 ναῦται·
885 2126 944 2179 οἷς
967 2130 1216 2185 προσήκουσι
1246 2130 1312 2171 καὶ
1332 2131 1380 2171 αἱ
1393 2128 1489 2184 παρ’
1519 2128 1796 2186 Ἀριστοφάνει

222 2202 419 2241 ναυτριαι.

971 2277 1055 2320 826

425 2334 580 2382 νεαλές

337 2417 505 2459 Bekker.
543 2417 693 2457 Anecd.
726 2417 801 2465 52,
835 2418 887 2455 22
926 2413 1218 2469 Ἀριστοφάνης
1256 2414 1298 2457 τὸ
1330 2414 1465 2464 νεαλές
1497 2446 1506 2456 .
1538 2447 1546 2457 .
1580 2447 1590 2457 .
1634 2418 1682 2457 fr.
1714 2419 1792 2457 361

222 2476 354 2513 exstat
385 2473 540 2526 νεαλή-ς.
573 2477 816 2529 quapropter
844 2477 1033 2513 neutrum
1063 2487 1220 2525 quoque
1251 2475 1301 2514 ad
1332 2477 1518 2514 comicum
1547 2475 1695 2513 referre
1714 2486 1796 2515 non

225 2531 420 2580 dubitavi,
455 2546 543 2570 eum
576 2532 810 2582 praesertim
842 2532 1092 2583 Phrynichus
1114 2531 1286 2571 Bekkeri.
1316 2532 1488 2582 plurima
1518 2544 1564 2570 ex
1592 2531 1796 2571 comoedia

223 2588 402 2638 exempla
432 2590 634 2638 petiverit.

970 2676 1052 2719 827

427 2733 747 2776 νεανιεύεσθαι

334 2811 622 2867 Ἀριστοφάνης
663 2814 706 2855 τὸ
737 2817 884 2867 τολμαν
923 2813 1012 2867 ἔφη
1062 2816 1207 2855 Pollux
1244 2817 1289 2863 2,
1322 2816 1388 2858 20.
1439 2815 1608 2856 Bekker.
1641 2816 1792 2873 Auecd.

224 2873 375 2921 52,17
408 2871 712 2912 νεανιεύεσθαι·
745 2870 908 2924 ὑψηλόν
938 2887 973 2912 τι
1002 2887 1069 2911 και
1099 2870 1312 2925 ἕλευθερον
1342 2872 1554 2926 φρονῆσαι.
