1872 3224
437 186 714 223 ΜΑΓΝΗΤΟΣ
740 187 1057 222 ΒΑΡΒΙΤΙΣΤΑΙ
1077 207 1125 243 μ-
1151 188 1411 223 ΔΙΟΝΤΣΟΣ
1692 190 1715 232 7

903 290 930 333 9

230 363 393 404 Vitruv.
440 365 464 403 6
503 364 628 415 praef.
663 365 688 403 3
732 364 939 414 Epicurus
973 394 981 402 .
1015 395 1023 403 .
1057 397 1066 405 .
1095 367 1152 405 ait
1182 377 1352 415 panea
1388 367 1717 416 sapientibus

116 423 373 473 fortunam
412 423 650 474 tribuere,
692 435 816 472 qnae
864 426 1030 463 autem
1069 425 1288 464 maxima
1335 427 1379 464 et
1421 425 1717 464 necessaria

115 485 232 523 sunt
261 482 423 521 animi
451 483 730 530 mentisque
771 482 1171 531 coyitationibus
1206 482 1488 532 ynbernari
1521 512 1565 524 ..
1589 511 1598 521 .
1630 494 1714 522 non

115 541 252 581 minas
274 543 414 590 poetae
444 540 514 588 qui
542 541 733 589 antiquas
763 540 980 579 comoedias
1005 551 1145 590 graece
1174 542 1417 589 seripserunt
1448 541 1604 580 easdem
1623 552 1710 580 sen-

78 628 81 629 ⁷
116 599 260 639 tentias
288 598 466 638 versibus
495 598 537 636 in
567 610 713 638 scaena
744 598 1136 649 pronuntiaverunt,
1167 601 1212 637 ut
1240 598 1455 646 Euerates,
1490 597 1713 645 Chionides,

65 687 67 689 .
115 654 404 706 Aristophanes
417 686 427 705 ,
458 657 630 695 maxime
660 657 779 696 etiam
810 668 899 695 eum
928 656 990 695 his
1018 654 1166 696 Alexis.
1219 669 1310 695 cum
1340 656 1533 696 Eueratis
1564 669 1714 696 nomen

117 714 258 754 comici
289 714 343 754 sit
371 726 538 764 prorsus
570 714 757 765 ignotum
788 735 844 740 ——
866 713 1099 764 Epicratem
1120 713 1283 754 videtur
1305 714 1532 765 significare
1555 737 1630 764 --,
1662 728 1712 754 ne

117 770 325 812 chionidis
357 771 523 823 quidem
553 785 701 812 nomen
733 771 988 811 dubitatione
1019 774 1143 811 caret.

733 1001 1088 1052 ΜΑΓΝΗΣ

232 1107 360 1149 Arist.
400 1109 476 1160 Eq.
509 1109 598 1149 520
621 1121 682 1159 sq.
721 1109 895 1148 Meinek.
926 1109 947 1148 I
980 1110 1032 1148 29
1051 1122 1111 1160 sq.
1154 1108 1396 1159 Anonymus
1435 1108 1496 1147 De
1527 1109 1707 1158 comoed.

114 1179 157 1218 p.
189 1166 360 1215 XIIHb,
396 1167 451 1205 24
496 1167 657 1206 Duebn.
697 1166 747 1206 de
785 1167 934 1207 fabulis
973 1167 1059 1206 eius
1096 1166 1200 1205 nihil
1246 1179 1456 1217 superesse
1499 1166 1609 1206 dicit.
1660 1167 1711 1205 cf.

115 1224 266 1265 Athen.
316 1226 363 1274 9,
403 1226 485 1264 367
502 1225 532 1264 f.
584 1226 657 1274 14,
699 1226 782 1265 646
799 1238 833 1264 e.
887 1227 1020 1265 exstat
1065 1237 1213 1264 nomen
1254 1224 1339 1264 eius
1391 1225 1433 1263 in
1484 1224 1713 1276 fragmento

116 1282 370 1332 didascalico,
403 1283 510 1334 quod
541 1283 609 1323 Fr.
639 1283 724 1322 Leo
754 1283 884 1323 edidit
915 1283 1019 1323 Mus.
1052 1282 1180 1322 Rhen.
1214 1282 1391 1321 XXXIII
1415 1283 1510 1331 142,
1542 1282 1712 1322 obscuro

116 1341 254 1380 tamen
284 1342 328 1380 et
358 1341 504 1381 dubiae
535 1340 642 1381 fidei.

617 1431 932 1467 ΒΑΡΒΙΤΙΣΤΑῙ
958 1431 1211 1480 ΒΑΤΡΑΧΟΙ

230 1502 441 1555 Aristoph.
473 1503 549 1554 Eq.
583 1504 680 1543 522.
713 1505 737 1543 3
779 1501 849 1543 καὶ
877 1500 1050 1553 ψάλλων
1077 1534 1086 1542 .
1110 1533 1118 1541 .
1145 1532 1155 1541 .
1176 1498 1246 1549 καὶ
1277 1499 1530 1555 βαπτόμενος
1560 1502 1710 1556 βατρα-

115 1558 255 1612 χείοις,
287 1561 359 1601 ubi
391 1561 441 1601 cf.
477 1561 611 1603 Schol.
644 1561 769 1602 Mein.
802 1562 823 1602 I
854 1563 922 1602 33.
956 1562 996 1600 4.
1029 1561 1263 1614 fragmenta
1295 1562 1458 1601 exstant
1485 1561 1612 1600 nulla.

788 1663 1046 1699 ΔΙΟΝΤΣΟΣ

230 1734 404 1775 Meinek.
434 1735 456 1774 I
486 1735 556 1775 34.
589 1736 736 1788 duplex
766 1737 853 1776 eius
885 1737 1222 1776 commemoratur
1250 1735 1444 1775 recensio.

899 1815 920 1856 1

390 1884 609 1939 ταγηνίας
637 1881 727 1939 ἤδη
759 1882 974 1926 τεθέασαι
1005 1879 1222 1938 χλιαρούς

392 1954 621 2008 σίζοντας,
654 1950 766 1995 ὅταν
797 1950 1009 1996 αὐτοῖσιν
1041 1951 1222 2008 ἐπιχέῃς
1251 1951 1374 2007 μέλι;

230 2036 462 2076 Athenaeus
489 2038 554 2088 14,
575 2038 688 2076 646e
708 2033 953 2088 μνημονεύει
976 2032 1236 2106 (ταγηνίτου)
1253 2034 1433 2088 Μάγνης
1454 2033 1482 2088 ἢ
1497 2032 1518 2075 ὁ
1535 2034 1708 2087 ποιήσας

114 2091 185 2142 τὰς
217 2093 273 2141 εἰς
303 2090 431 2133 αὐτὸν
460 2089 766 2147 ἀναφερομένας
797 2093 1008 2149 κωμῳδίας
1040 2091 1084 2133 ἐν
1106 2091 1296 2147 Διονύσῳ
1318 2091 1502 2148 δευτέρῳ.
1540 2094 1643 2134 Poll.
1668 2097 1708 2142 6,

115 2154 167 2192 79
199 2149 554 2224 πρρσαριθμητέον
583 2149 629 2191 δὲ
660 2150 764 2202 (τοῖς
794 2150 1015 2205 πλακοῦσι)
1050 2149 1118 2191 και
1148 2149 1195 2190 τὰ
1225 2150 1468 2223 μελίπηκτα,
1509 2148 1584 2191 οὐκ
1615 2146 1708 2190 οἷὸα

113 2206 193 2264 (δ’)
225 2209 262 2249 εἰ
287 2224 355 2249 και
385 2207 432 2248 τὰ
463 2208 570 2263 ἴτρια
600 2208 669 2250 καὶ
700 2204 792 2258 τούς
823 2209 1040 2263 ταγηνίας·
1073 2207 1151 2250 εἰσὶ
1181 2206 1226 2248 δὲ
1258 2209 1300 2249 οἵ
1315 2205 1429 2249 αὐτοι
1461 2212 1549 2257 ταῖς
1581 2207 1707 2262 ἐγκρί-

113 2278 198 2306 σιν·
217 2266 409 2320 ταγηνίας
427 2270 508 2308 κτλ.
527 2266 735 2321 Κράτητος
756 2284 782 2320 η
803 2265 917 2318 λέξις.
935 2267 1140 2309 Cratetem
1158 2268 1368 2307 Mallotam
1389 2267 1449 2318 (in
1469 2268 1585 2308 libris
1602 2280 1704 2318 quos

115 2325 165 2365 de
186 2325 358 2366 dialecto
380 2326 518 2366 Attica
539 2324 720 2382 scripsit)
742 2327 948 2378 intellegit
968 2326 1207 2375 Meinekius,
1241 2325 1480 2365 adversatur
1501 2325 1706 2364 Nauckius

114 2383 259 2422 Philol.
284 2383 343 2423 VI
365 2384 463 2424 412.
495 2397 626 2436 neque
660 2385 769 2424 enim
800 2398 971 2436 usquam
1002 2383 1210 2424 Cratetem
1241 2383 1451 2423 Mallotam
1482 2397 1505 2421 a
1535 2383 1702 2422 Polluce

115 2443 432 2482 commemorari.
486 2443 625 2494 itaque
663 2442 852 2482 librarios
892 2442 1069 2482 Pollucis
1107 2441 1302 2482 erravisse
1341 2441 1584 2492 arbitratur3
1625 2454 1700 2492 ego

113 2498 315 2539 Athenaei
345 2500 494 2551 potius.

891 2577 919 2620 2

365 2644 442 2688 καὶ
470 2647 612 2689 ταῦτα
643 2647 728 2702 μέν
757 2662 834 2702 μοι
865 2646 958 2690 τῶν
989 2647 1148 2688 κακῶν
1179 2644 1444 2700 παροψίδες.

230 2731 461 2770 Athenaeus
493 2731 537 2780 9,
569 2731 684 2770 367f
710 2727 775 2770 ε’πὶ
804 2734 877 2769 τοῦ
907 2725 1076 2776 σκεύους
1109 2723 1184 2767 οὐν
1214 2727 1378 2781 εἴρηκεν
1398 2725 1615 2783 (παροψὶς)

113 2783 134 2826 ὁ
167 2784 215 2826 τὰ
246 2787 304 2835 εἰς
335 2785 543 2840 Μάγνητα
572 2785 858 2841 ἀναφερόμενα
878 2783 1052 2839 ποιήσας
1085 2784 1126 2825 ἐν
1151 2786 1338 2841 Διονύσῳ
1359 2784 1515 2841 πρώτῳ.
1547 2787 1705 2826 fallitur

114 2845 361 2885 Athenaeus.
393 2847 501 2884 recte
532 2846 776 2886 Meinekius:
812 2846 922 2886 ‘sunt
940 2847 1036 2885 haec
1063 2846 1261 2885 malorwm
1288 2857 1466 2885 meorwm
1496 2846 1702 2884 addita-

113 2902 309 2943 menta'.
341 2903 383 2943 cf
423 2902 549 2943 Arist.
583 2903 632 2943 fr.
668 2905 764 2944 187.
795 2904 901 2943 Plat.
934 2904 1002 2952 42,
1034 2902 1074 2942 4.
1105 2901 1257 2954 Metag.
1296 2903 1358 2941 14.
1392 2902 1537 2944 Sotad.
1571 2903 1606 2941 3.
