1872 3224
235 189 315 231 140
879 183 1143 218 ΚΡΑΤΗΤΟΣ

233 307 368 334 omnes
404 306 541 333 versus
579 291 727 335 eisdem
763 290 939 329 numeris
979 287 1176 327 contineri
1215 289 1255 326 et
1291 287 1529 338 paeonicum
1565 287 1719 327 exitum
1746 282 1798 330 ei
1824 324 1827 327 ,

232 351 394 402 parodia
409 349 699 399 Aristophanea
716 346 785 399 (fr.
804 343 905 400 333)
926 346 1094 384 inlatum
1115 357 1200 384 esse
1222 346 1530 384 consentaneum
1549 346 1626 384 est.
1658 344 1805 401 itaque*

234 408 360 447 scribo
382 404 430 445 ἐν
454 404 576 459 χύτρᾳ
603 400 922 455 ’λεφάντινον
951 401 1187 454 ταρίχιον.
1220 398 1488 453 τανυπτέρους
1517 396 1665 449 λύκους
1693 401 1798 445 dixit

232 464 482 515 proverbium
511 464 680 511 secutus,
712 461 759 500 de
788 474 866 512 quo
905 461 1141 511 Diogenian.
1176 461 1214 508 6,
1235 460 1263 498 4
1292 458 1419 498 λύκου
1445 455 1589 511 πτερά·
1622 455 1688 500 ἐπὶ
1715 463 1799 502 νῦν
1838 471 1840 474 ’

231 517 453 559 ἀδυνάτων.
486 524 570 566 πῶς
590 516 665 571 γὰρ
685 515 738 557 ἂν
757 516 923 570 πτηνός..
935 531 992 564 τις
1013 515 1164 570 γένοιτο
1193 513 1329 564 λύκος;
1360 531 1399 557 v.
1421 516 1448 555 4
1467 516 1682 558 manifesto
1713 529 1796 559 cor-
1827 566 1830 571 ,

231 579 371 628 ruptus
401 578 473 616 est.
504 577 714 627 proverbio
744 576 814 615 illo
846 573 890 614 έν
911 571 999 629 Κέῳ
1025 573 1083 622 τίς
1103 570 1229 626 ἡμέρα
1258 576 1379 625 poeta
1398 586 1552 614 morem
1571 575 1618 615 ut
1636 573 1798 616 videtur
1840 573 1843 576 ”

233 635 437 685 vulgarem
466 634 645 673 imitatus
674 634 733 672 ita
751 634 894 681 utitur,
925 635 970 671 ut
991 633 1110 672 simul
1131 634 1371 682 spectatores
1391 631 1615 683 interroget
1643 631 1797 683 ‘eequis

233 694 410 730 vestrum
438 691 569 741 griphi
600 690 677 730 mei
707 690 944 729 sententiam
965 689 1218 729 intellexit?'
1250 689 1291 728 id
1322 689 1428 740 quod
1447 688 1565 729 hodie
1585 690 1692 729 certe
1711 701 1796 730 non
1846 688 1849 692 Ὗ

231 749 361 787 minus
392 747 552 787 difficile
582 749 644 787 est
671 761 791 798 quam
822 747 920 787 seire
949 749 1095 798 quotus
1133 746 1217 786 dies
1255 746 1309 786 sit
1345 747 1388 785 in
1420 745 1501 787 Ceo
1538 745 1684 787 insula.
1726 745 1796 788 ali-

231 818 308 856 quo
339 806 470 843 tamen
501 805 616 844 modo
655 805 939 844 obscuritatem
977 805 1103 845 levari
1138 816 1253 854 posse
1292 804 1476 844 existimo
1514 803 1725 845 scribendo
1752 804 1797 845 in

231 876 268 902 v.
301 863 324 900 2
355 860 575 902 πευκίνοισι
603 859 859 913 καύμασιν
887 862 914 901 i.
947 874 981 902 e.
1009 864 1180 911 flammis
1202 862 1337 912 piceis.
1735 910 1738 911 ⁷
1860 858 1872 892 ξ·

989 996 1046 1039 30

453 1087 574 1143 ἵππῳ
603 1082 879 1142 γηράσκοντι
908 1085 962 1129 τά
991 1088 1149 1142 μείονα
1180 1082 1310 1130 κύκλ’
1345 1086 1576 1143 ἐπίβαλλε.

346 1181 539 1221 Zenobius
576 1181 622 1229 4,
662 1181 712 1219 41
755 1179 863 1235 ἵππῳ
899 1178 1137 1235 γηράσκοντι
1176 1179 1223 1220 τὰ
1261 1181 1401 1234 μείονα
1430 1177 1548 1222 κύκλ’
1591 1179 1795 1236 ἐπίβαλλε·

232 1236 375 1288 ταύτης
405 1234 596 1289 μέμνηται
625 1232 783 1290 Κράτης
813 1235 834 1277 ὁ
863 1237 1040 1290 κωμικὸς
1070 1236 1114 1279 έν
1144 1238 1327 1289 Σαμίοις.
1359 1232 1535 1279 τάττεται
1564 1236 1610 1280 δὲ
1631 1237 1801 1281 ἐπὶτῶν

233 1292 298 1333 διὰ
327 1300 450 1347 γῆρας
481 1292 678 1346 δεομένων
707 1293 915 1349 ῥᾳστώνης
945 1294 1049 1344 τινὸς
1070 1294 1136 1336 καὶ
1158 1293 1406 1347 ἆναπαύλης.
1439 1301 1629 1349 μετῆκται
1649 1295 1696 1338 δὲ
1714 1293 1805 1339 ἀπὸ,

233 1351 517 1403 στρατιωτικῶν
546 1350 700 1402 ἵππων,
732 1347 790 1400 οἷς
820 1349 1090 1406 γηράσκουσιν
1121 1352 1338 1407 ἐπέβαλλον
1367 1350 1411 1394 τὸ
1431 1353 1683 1407 καλούμενον
1701 1369 1796 1409 τρυ-

233 1407 416 1447 σίππιιον·
449 1407 528 1447 ἔστι
558 1406 602 1448 δὲ
631 1413 745 1448 τοῦτο
774 1410 962 1462 σιδηροῦς
992 1410 1191 1465 τροχίσκος
1225 1441 1233 1450 .
1258 1443 1266 1452 .
1290 1443 1299 1453 .
1331 1408 1380 1451 ὃν
1407 1409 1675 1465 ε’κπυροῦντες
1705 1409 1796 1453 ἐπέ·

232 1466 377 1517 βάλλον
405 1469 490 1513 ταῖς
520 1464 675 1519 σιαγόσι
704 1471 785 1506 τῶν
814 1466 962 1508 ἵππων.
1013 1470 1134 1509 verba
1165 1470 1329 1509 zenobii
1366 1469 1532 1521 praebui
1562 1471 1609 1511 ut
1636 1471 1797 1512 exstant

233 1523 336 1572 apud
372 1523 571 1562 Millerum
613 1523 832 1576 (Melanges
871 1523 987 1580 370).
1039 1528 1088 1569 cf.
1129 1527 1366 1579 Diogenian.
1407 1528 1447 1577 5,
1479 1529 1549 1567 27.
1589 1524 1795 1569 Plutarch.

234 1579 348 1622 Prov.
384 1582 420 1632 1,
456 1581 519 1621 13.
552 1581 694 1631 Eupol.
727 1582 821 1622 318.

988 1672 1041 1715 31

434 1748 754 1805 περιπόρφυρα
788 1749 936 1806 ἱμάτια

344 1824 502 1882 Κράτης
532 1828 577 1870 ἐν
604 1831 782 1883 Σαμίοις.
813 1834 956 1874 Pollux
988 1837 1025 1884 7,
1059 1838 1126 1875 63.

916 1959 1109 1994 ΤΟΛΜΑΙ

988 2038 1043 2080 32

422 2126 577 2178 πρώτα
606 2125 688 2180 μὲν
719 2113 1001 2180 ταλαντιαῖος
1029 2128 1152 2181 ὅστις
1181 2128 1273 2174 ἔστ’
1307 2128 1462 2173 αὐτῶν
1492 2131 1606 2187 λέγε.

347 2217 487 2256 Pollux
518 2220 556 2267 9,
589 2220 642 2258 53
673 2218 715 2258 τὸ
745 2218 789 2260 δὲ
819 2219 863 2261 έν
892 2227 978 2271 ταῖς
1011 2223 1212 2277 Κράτητος
1237 2224 1430 2278 Τόλμαις·
1460 2226 1600 2278 πρῶτα
1618 2222 1694 2279 μὲν
1712 2228 1792 2267 κτλ.

232 2269 384 2324 ἄδηλον
413 2272 490 2313 εἴτε
520 2273 636 2327 τιμὴν
664 2275 742 2317 εἴτε
772 2277 902 2331 ῥοπὴν
931 2278 1043 2334 λέγει.

986 2416 1042 2459 33

702 2506 929 2559 ποιμαίνει
959 2504 1002 2548 δ’
1035 2505 1272 2564 ἐπισίτιον,

702 2570 842 2626 ρἰγῶν
871 2571 916 2615 δ’
949 2573 1000 2617 ἐν
1028 2574 1139 2631 μετὰ
1169 2576 1328 2632 βύξου,

702 2638 838 2691 δέξετ’
873 2641 947 2684 ἐπὶ
976 2647 1126 2701 μισθῷ

706 2714 839 2758 σῖτος.

348 2796 573 2861 Athenaeus
596 2802 637 2848 6,
661 2802 771 2842 247e
799 2803 1039 2854 μνημονεύει
1069 2803 1112 2845 δὲ
1131 2811 1202 2847 τοῦ
1221 2805 1295 2859 μὲν
1317 2805 1493 2848 ἐπισίτου
1515 2807 1674 2862 Κράτης
1700 2806 1791 2849 Τόλ-

234 2865 337 2902 μαις.
369 2866 424 2893 sic
436 2854 541 2911 libri.
564 2853 770 2912 ἐπισίτιον]
789 2857 965 2900 ἐπίσιτον
978 2862 1181 2905 Porsonus
1194 2867 1315 2914 ,recte
1331 2866 1417 2906 sine
1432 2866 1568 2907 dubio.
1586 2865 1712 2920 ῥιγῶν
1726 2862 1792 2919 δ’]
