1872 3224
289 186 371 228 732
648 188 959 223 ΣΤΡΑΤΤΙΔΟΣ
999 190 1205 226 ΑΔΗΛΩΝ
1232 191 1502 228 ΔΡΑΜΑΤΩΝ

282 289 523 343 κροκωτόν’,
575 290 710 344 ἐπειδὴ
747 294 850 345 γαλῆ
888 292 989 333 κατὰ
1028 293 1229 347 πρόνοιαν
1260 290 1499 350 Ἀφροδίτης
1536 292 1642 352 γυνη
1669 298 1861 367 γενομένη

282 345 327 386 ἐν
357 348 494 399 χιτῶνι
524 354 709 404 κροκωτῷ
739 345 840 389 οὖσα
872 348 1068 404 ἐπέδραμε
1105 352 1189 404 μυί.
1239 352 1435 406 μέμνηται
1471 354 1618 407 ταύτης
1655 358 1858 411 Στραττις.

280 406 329 444 cf.
363 406 601 457 Diogenian.
635 408 673 456 3,
707 409 774 447 82.
806 408 914 448 Plut.
946 410 1137 450 Proverb.
1173 413 1267 454 101.
1298 413 1463 463 plenum
1493 414 1663 455 fortasse
1691 418 1780 458 erat
1805 413 1856 458 οὗ

279 459 419 514 πρέπει
448 464 550 518 γαλῇ
579 463 804 516 κροκωτόν,
835 461 883 505 οὐ
915 465 1101 518 χιτώνιον
1129 470 1247 523 γαλῇ.

486 664 770 724 ἀπεμυθήσω
1049 614 1103 656 72

391 745 483 788 ἀντὶ
513 750 583 789 τοῦ
612 747 858 803 άπελογήσω.
889 751 1096 805 Στράττις.
1128 755 1299 795 Bekker.
1333 756 1484 797 Anecd.
1507 758 1604 808 421,
1629 761 1682 800 14
1702 762 1745 801 et
1765 761 1855 802 Suis

277 806 359 845 das.
411 805 622 861 Στράττις]
656 822 775 861 κρατ;
807 811 893 851 cod.
925 811 1114 851 Bekkeri.
1148 810 1338 864 στράττης
1368 814 1585 858 Eudemus.
1793 847 1803 855 .

478 1011 727 1066 γελάσιμον
1046 957 1100 1000 73

388 1093 540 1144 Phryn.
571 1095 656 1134 Ecl.
699 1097 780 1134 226
820 1094 1018 1148 Στράττιν
1053 1094 1129 1147 μέν
1165 1109 1267 1148 φασι
1303 1097 1376 1139 τὸν
1411 1100 1714 1156 κωμῳδιοποιὸν
1748 1103 1852 1158 εἰρη-

272 1145 385 1187 κέναι
415 1148 606 1202 τοῦνομα,
637 1148 724 1191 ἀλλ’
757 1148 871 1204 ἡμεῖς
910 1149 958 1193 οὗ
989 1157 1070 1202 τοῖς
1100 1152 1211 1205 ἅπαξ
1247 1154 1467 1210 εἰρημένοις
1503 1157 1746 1212 προσέχομεν
1782 1159 1853 1202 τὸν

270 1203 511 1316 ἷέῗέθξλλξ
543 1212 632 1306 1;·202ι’“ς7
655 1208 845 1258 πολλάκις
875 1209 1150 1264 κεχρημένοις·
1184 1211 1368 1267 κέχρηται
1397 1213 1442 1254 δὲ
1473 1213 1516 1256 τὸ
1545 1218 1761 1270 γελοῖον.
1799 1220 1850 1263 of.

1041 1358 1098 1401 74

477 1411 720 1467 ὃιατράμιν

383 1493 527 1533 Pollux
557 1496 597 1545 2,
622 1497 703 1535 184
735 1495 803 1536 καὶ
833 1495 1082 1550 λισπόπυγοι,
1115 1494 1183 1550 ἕφῖ
1216 1493 1250 1554 ᾧ
1277 1497 1443 1552 μάλιστα
1470 1498 1682 1554 Ἀθηναῖοι
1710 1518 1795 1557 κωμ

272 1546 450 1592 ὃοῦνται.
492 1549 566 1602 τὴν
596 1549 641 1590 δὲ
671 1547 750 1593 οἶδε
781 1552 952 1605 ἔχουσαν
981 1554 1196 1607 ὃιατράμιν
1217 1553 1409 1610 Στράττις
1439 1555 1635 1611 ὠνόμασε.
1667 1519 1830 1614 Ηθεγοῖ

268 1604 495 1658 ὃιάτραμις·
527 1607 751 1662 διερρωγώς
782 1609 856 1662 τὴν
876 1610 1040 1663 τράμιν,
1073 1611 1142 1652 τὸν
1160 1609 1240 1653 άπὸ
1261 1610 1401 1666 ὀσχέου
1423 1613 1487 1655 ἐπὶ
1515 1614 1561 1655 τὰ
1582 1617 1688 1669 ἰσχία
1709 1617 1844 1660 τόπον.

268 1662 407 1714 τράμις
437 1657 511 1717 γάρ
542 1664 589 1704 τὰ
621 1666 739 1719 ἰσχία.
791 1669 1062 1720 ‘descripsisse
1083 1671 1244 1711 videtur
1266 1672 1432 1714 Strattis
1463 1687 1583 1714 anum
1614 1675 1679 1715 cui
1708 1677 1846 1717 hiabat

268 1722 400 1772 turpis
431 1722 536 1763 inter
565 1724 695 1765 aridas
726 1728 841 1766 nates
872 1727 1013 1778 podex·
1045 1727 1146 1767 Hor.
1177 1729 1304 1780 Epod.
1338 1731 1376 1780 8,
1401 1731 1458 1770 5.’
1507 1732 1682 1774 Meinek.

1037 1873 1091 1915 75

471 1925 693 1982 ὃυσόμοια

380 2001 561 2059 ἀνόμοια.
611 2008 815 2063 Στράττις.
867 2012 1022 2052 Suidas.

1034 2147 1088 2190 76

379 2223 550 2266 Bekker.
582 2226 736 2267 Anecd.
769 2229 836 2277 85,
869 2230 894 2268 8
934 2226 1103 2281 ἐκβῆσαι
1140 2228 1185 2270 δέ
1222 2241 1321 2281 φασι
1351 2230 1438 2272 δεῖν
1467 2229 1595 2285 λέγειν
1623 2232 1692 2273 καὶ
1720 2249 1837 2275 κατα-

262 2280 409 2332 βῆσαι,
450 2277 524 2320 οὐκ
564 2280 582 2321 ἕ
592 2284 650 2335 κβ
659 2298 673 2322 ι
683 2285 709 2336 β
719 2282 747 2322 α’
757 2295 849 2325 σαι.
901 2284 1107 2339 Στράττις.
1166 2288 1282 2339 ‘post
1319 2283 1528 2341 ἐκβιβάσαι
1567 2292 1836 2345 supplendum

261 2337 427 2444 {3313
457 2337 524 2378 καὶ
562 2340 866 2394 καταβιβάσαι.’
918 2344 1154 2385 Meinekius.
1204 2348 1339 2386 utrum
1381 2347 1528 2386 dixeriss
1558 2347 1723 2389 Strattis
1752 2348 1837 2390 non

467 2554 806 2610 λελεπασμένον
1029 2501 1081 2543 77

374 2633 638 2686 πεπεμμένον.
669 2635 796 2685 οὕτως
823 2637 1029 2691 Στράττις.
1061 2641 1240 2681 Photius.
1274 2642 1496 2693 Hesychius
1517 2641 1828 2694 λελεπασμένον·

260 2689 316 2736 εἰς
342 2688 471 2740 πέψιν
498 2686 614 2743 ἧκον.
651 2693 930 2746 λελεπισμένον
957 2697 1145 2736 Pearson.
1171 2698 1343 2738 Advers.
1367 2699 1409 2738 II
1434 2700 1531 2740 468.
1573 2698 1827 2752 λελεμμένον·

260 2745 536 2799 λελεπισμένον
575 2750 713 2790 Cobet.
745 2753 892 2791 Mnem.
923 2753 1024 2792 VIII
1055 2755 1120 2793 30.
1162 2757 1203 2793 at
1233 2756 1486 2795 scribendum
1523 2758 1588 2797 est
1616 2758 1827 2798 λελοπα-

259 2801 459 2853 σμένον·
480 2805 753 2858 πεπεμμένον.
786 2810 939 2849 8011ἰοοῇ
975 2807 1160 2858 λοπάζειν
1196 2811 1415 2851 formatum
1454 2817 1515 2853 est
1544 2827 1568 2853 a
1596 2812 1744 2867 λοπάς,
1781 2819 1827 2856 ut

258 2860 481 2911 ταγηνίζειν
511 2859 768 2917 (τηγανίζειν)
799 2879 823 2905 a
852 2865 1027 2918 τάγηνον
1057 2864 1279 2923 (τήγανον).
