1872 3224
185 171 212 213 3
217 171 271 213 70
840 164 1104 200 ΦΡΤΝῙΧΟΤ

187 272 372 329 (ἠπίαλος
385 272 424 328 P)
456 268 628 344 ἕτερόν-
617 286 653 310 τι
684 269 887 323 σημαίνει,
925 267 968 309 τὸ
1010 266 1261 321 καλούμενον
1298 267 1600 339 ρνγοπύρετρον.
1635 269 1785 323 1-,Ἂ189
1820 291 1821 295 =

185 336 235 373 31
270 331 348 372 εἶσί
375 346 463 370 τινα
494 330 549 377 εἰς
580 344 627 380 ης
662 359 671 367 .
695 359 703 367 .
733 360 740 368 .
774 326 893 368 άτινα
933 325 1000 367 διὰ
1038 331 1110 366 τοῦ
1139 342 1204 375 τος
1235 326 1423 373 κλίνεται.
1456 321 1545 366 οἷον
1570 298 1780 392 ’Moti'
1814 351 1827 366 -‚

179 387 433 440 Ἐπιάλητος.
456 387 672 427 Herodian.
690 387 730 426 II
748 387 911 436 514,11
931 386 1070 425 Lentz.
1087 381 1347 437 Ἐφιάλτης”
1323 398 1452 457 ονομα
1471 382 1633 436 κύριον·
1653 397 1781 436 παραυ
1806 411 1812 416 ·

184 441 226 486 τὸ
258 445 377 487 ι’άλλω
407 443 449 484 τὸ
480 442 641 484 ἐκτείνοι)
671 441 836 496 γέγονεν
860 438 995 495 ἰάλτης
1024 440 1093 481 καὶ
1124 441 1312 509 ἔπιάλτης
1341 441 1409 482 καὶ
1439 440 1644 494 ἕφιάλτης.
1676 441 1767 484 Βαί-
1776 467 1793 488 ·,
1820 462 1826 467 *

184 506 252 544 das
280 500 516 566 Ἐπιάλτην·
565 499 784 553 Όμηρος
842 530 850 539 .
881 499 951 540 καὶ
987 500 1029 539 οἱ
1055 494 1224 540 Ἀττικοὶ
1262 495 1331 540 τὸν
1368 499 1554 553 δαίμονα.
1614 496 1683 539 διὰ
1716 495 1766 541 ἃ
1827 550 1830 554 ⁴

183 567 254 600 τοῦ
283 576 314 612 φ
345 553 413 599 τὸν
441 557 572 612 ἄνδρα
599 555 834 610 Ἐφιαλτην.
884 558 992 610 quod
1033 558 1245 598 discrimen
1283 558 1422 599 fictum
1461 571 1548 599 esse
1578 570 1602 597 a
1631 570 1764 610 gram-

182 620 338 658 maticis
370 617 592 657 Meinekius
625 619 761 657 censet
790 617 809 656 I
842 618 937 656 152.
969 617 1009 655 4.
1041 616 1093 655 cf.
1127 617 1248 656 etiam
1270 616 1444 656 Lobeck.
1478 614 1639 656 Pathol.
1659 614 1764 667 prol.

186 679 279 716 130.
312 676 482 726 denique
513 674 657 714 addam
697 675 776 713 duo
813 674 1046 714 testimonia
1089 674 1321 726 singularia.
1373 674 1564 715 Eustath.
1596 673 1705 723 561,
1737 673 1764 714 8

183 731 227 772 ἐν
256 730 300 772 δὲ
338 735 419 780 τοῖς
460 729 713 784 “Ηρωδιανοῦ
758 734 885 771 κεῖται
930 729 998 770 καὶ
1036 727 1232 782 Ἠπιάλης
1273 727 1518 783 Ἠπιάλητος
1554 725 1765 801 (Emeum

175 788 411 859 Ἐπιάλητος
443 790 661 830 Herodian.
695 789 713 828 I
746 791 811 838 69,
847 786 918 843 13)
956 803 1004 828 ου
1046 793 1184 841 χρῆσις
1222 786 1330 841 παρὰ
1369 787 1586 841 Σώφρονι·
1619 784 1764 842 e-H‘wt
1834 793 1838 799 '

182 851 303 900 κλῆς
331 844 607 944 Ἠπιά1λητα
637 845 856 899 πνίγων,
888 850 929 886 et
956 847 1070 887 Phot.
1108 842 1286 897 Τιφύς·
1319 843 1608 899 ὁκαλούμενος
1628 842 1766 886 §uaea-
1827 863 1865 908 ,J

181 920 264 956 της.
295 906 347 946 cf.
381 906 430 945 fr.
495 936 503 944 .

966 1018 987 1059 l

386 1095 533 1153 ὄνομα
565 1098 617 1141 δέ
643 1114 704 1155 τῳ
735 1094 862 1140 τοῦτ’
894 1088 952 1152 ἦν
984 1098 1159 1146 ἔσωθεν
1190 1098 1278 1152 γῆν
1308 1112 1356 1140 τε
1386 1094 1446 1153 μὴ

387 1168 500 1210 ἔστω
532 1164 723 1223 φιάλτης
753 1164 1068 1220 ἀνδραγαθίας
1099 1163 1284 1221 οὕνεκα,

387 1237 451 1278 ἔτι
484 1233 671 1286 ἐπιαλάς
701 1232 870 1290 χρηστὰ
902 1236 945 1276 λ’
979 1232 1240 1291 ἀπωλόμην.

296 1331 427 1371 Schol.
461 1331 668 1381 Aristoph.
701 1330 823 1381 Vesp.
859 1331 968 1371 1348
1001 1332 1179 1381 φιαλεῖς·
1220 1334 1274 1385 τῷ
1314 1328 1413 1383 ἔργῳ
1453 1326 1654 1383 ἐπιβαλεῖς
1686 1360 1696 1371 .
1719 1357 1730 1370 .
1753 1359 1764 1371 .

179 1387 382 1440 Φρύνιχος
409 1385 602 1442 Ἐπιάλτῃ
632 1390 714 1427 κτλ.
762 1388 818 1428 sic
858 1388 964 1428 libri.
1005 1401 1154 1428 nomen
1192 1401 1309 1428 suum
1357 1388 1567 1439 Ephialtes
1605 1388 1692 1440 ipse
1721 1388 1765 1428 in

181 1447 348 1498 prologo
380 1450 426 1485 ut
457 1447 619 1486 videtur
648 1445 807 1485 fabulae
838 1445 1149 1497 interpretatur,
1191 1446 1241 1485 ab
1272 1446 1412 1485 inferis
1443 1447 1486 1485 in
1516 1448 1667 1486 terram
1697 1458 1762 1486 re-

180 1505 341 1544 missus.
401 1505 536 1554 itaque
567 1503 668 1543 falsa
698 1504 792 1543 sunt
830 1516 932 1554 quae
971 1504 1219 1554 scripserunt
1256 1503 1301 1542 L.
1333 1502 1566 1544 Dindorfius
1598 1505 1638 1543 et
1666 1502 1763 1543 Mei·

179 1561 320 1600 nekius
350 1558 405 1612 ἤν
434 1574 474 1600 τε
505 1562 633 1599 σωθῶ
670 1556 710 1612 γ’
751 1557 806 1612 ἤν
843 1573 883 1599 τε
920 1556 994 1612 μή,
1035 1574 1137 1612 quae
1175 1562 1271 1601 sunt
1307 1574 1501 1613 magnum
1536 1561 1764 1612 periculum

184 1619 373 1658 audacter
403 1619 610 1670 adeuntis,
649 1630 731 1657 non
769 1618 944 1658 nominis
989 1619 1186 1659 rationem
1225 1619 1464 1669 exponentis
1502 1621 1573 1658 aut
1615 1617 1765 1659 mortui

182 1670 452 1728 (ἀπωλόμην).
489 1676 587 1715 mihi
618 1675 831 1726 Ephialtae
861 1676 1023 1715 nomine
1054 1676 1175 1716 simul
1207 1676 1326 1715 etiam
1348 1676 1448 1717 civis
1472 1676 1620 1728 aliquis
1641 1675 1781 1716 Athe-s

182 1734 333 1772 niensis
365 1733 580 1784 significari
611 1733 782 1778 videtur,
814 1733 898 1784 qui,
919 1735 966 1772 ut
986 1733 1196 1784 Ephialtes
1218 1734 1304 1784 ipse
1335 1747 1426 1773 cum
1457 1733 1640 1782 Hercule,
1672 1745 1764 1773 cum

183 1791 365 1841 principe
397 1791 588 1843 civitatis,
620 1804 655 1830 e.
687 1803 720 1829 c.
754 1789 914 1843 Cleone,
946 1793 1102 1830 certans
1135 1792 1264 1831 victus
1286 1791 1352 1830 sit.
1386 1791 1627 1831 sententiam
1658 1792 1764 1831 certe

183 1850 223 1886 et
254 1862 293 1887 v.
317 1849 341 1886 3
374 1848 497 1887 etiam
527 1849 650 1888 verba
680 1850 820 1899 poetae
850 1849 1010 1888 restitui
1040 1861 1158 1918 posse
1189 1849 1362 1888 arbitror
1393 1848 1605 1888 scribendo
1635 1845 1763 1899 ὄνομα

181 1901 221 1942 δ’
254 1903 365 1956 ἐμοὶ
397 1901 534 1944 ταῦτ’
540 1934 550 1956 ,
572 1903 632 1957 ἥν
652 1903 785 1944 κάτω
807 1901 841 1944 τ’
863 1919 894 1944 ω
917 1901 1012 1945 κᾶν
1039 1903 1154 1955 άνω,
1185 1902 1359 1959 Ιὲστὶν
1382 1901 1596 1957 Ἐφιάλτης
1616 1901 1763 1972 ἄνδρα·

180 1961 332 2013 γαθίας
353 1960 516 2014 εἵνεκα,
544 1963 550 2012 Ι
576 1959 665 2015 ὁτιὴ
686 1958 843 2014 ’πιήλας
860 1958 1097 2015 Ἡρακλεῖ
1120 1959 1387 2015 διωλόμην.
1419 1964 1467 2004 de
1486 1963 1610 2005 verbo
1633 1957 1763 2002 ἕπιάλ·

180 2021 264 2059 λειν
293 2020 343 2060 cf.
375 2020 581 2072 Aristoph.
613 2021 719 2061 Nub.
757 2022 879 2061 1299.
911 2016 1120 2073 διόλλυμαι
1150 2022 1249 2061 Ach.
1284 2022 1409 2061 1192.

959 2156 988 2198 2

387 2232 442 2277 οὐ
471 2235 655 2278 τουτονὶ
684 2234 838 2290 μέντοι
868 2233 926 2278 σύ
959 2238 1212 2293 κιθαρίζειν
1242 2235 1350 2281 ποτὲ

388 2301 549 2345 αὐλεῖν
578 2301 618 2346 τ’
653 2303 884 2355 ἐδίδαξαςς

296 2398 527 2438 Athenaeus
565 2399 767 2450 4,184f
803 2394 1006 2451 Φρύνιχος
1041 2395 1246 2454 Ἐφιάλτῃ.
1285 2392 1319 2438 τ’
1363 2396 1548 2448 ἐδίδαξας
1589 2395 1682 2452 Vb]
1722 2411 1763 2438 τε

182 2451 428 2563 ῗίιέἷξὶἔὲι,
379 2456 428 2506 A,
459 2458 567 2496 recte
596 2456 778 2506 fortasse,
810 2457 843 2496 si
875 2457 1044 2497 verbum
1087 2457 1236 2498 excidit
1266 2471 1290 2497 a
1318 2470 1398 2508 quo
1435 2457 1638 2508 pendebat
1672 2469 1762 2507 par

955 2626 983 2668 3

243 2715 366 2757 ἕστιν
387 2714 433 2758 δ’
456 2714 623 2766 αὐτούς
643 2732 694 2772 γε
716 2717 1030 2772 φυλάττεσθαι
1050 2719 1143 2760 τῶν
1163 2719 1252 2760 νῦν
1272 2705 1589 2774 χαλεπώτατον
1609 2717 1759 2772 ἔργον.

241 2784 394 2838 ἔχουσι
424 2784 583 2839 γάρτι
614 2785 806 2842 κέντρον
837 2785 888 2828 ἐν
916 2791 1013 2835 τοῖς
1042 2785 1301 2840 δακτύλοις,

241 2851 572 2908 μισάνθρωπον
603 2852 750 2905 ἄνθος
778 2853 912 2910 ἥβης·
