1872 3224
195 205 278 248 292
837 195 1133 231 ΕΤΠοΛῙΔοΣ

195 324 281 361 μοις
319 305 383 348 ὅτι
418 304 459 345 τό
499 301 771 357 πυριατήριον.
823 300 1151 351 interrogationis
1183 300 1345 349 signum
1383 299 1478 348 post
1514 293 1538 335 ’ὅ
1569 309 1606 335 τι
1633 292 1794 348 poluit]

197 368 375 417 Raspius.
406 363 728 404 Hemsterhusius
759 357 878 398 ὅπου.
914 381 964 387 -
1004 355 1026 396 ὅ
1063 371 1120 399 u:
1148 355 1368 407 repetentis
1399 357 1462 394 est
1490 350 1795 406 interrogatio-57

195 437 285 463 nem
329 424 378 462 ab
418 423 541 460 altero
579 419 839 470 propositam.
891 417 940 456 cf.
988 428 1091 466 quae
1138 413 1418 454 adnotavimus
1464 411 1515 452 ad
1558 409 1803 464 Αιὶείοιᾌὶι,Ι

194 481 300 520 Nub.
324 481 418 518 214.
451 477 630 528 suppleri
660 478 795 527 potest
824 473 932 514 τουτὶ
964 473 1002 511 τί
1031 470 1158 516 ἕστιν;
1189 471 1234 512 Β.
1255 467 1340 517 ὅτις
1371 470 1454 509 κτλ.
1486 469 1536 509 de
1554 466 1783 521 pyriffstol'it)¹
1808 480 1810 482 ’

195 538 244 580 cf.
275 537 439 576 Becker.
472 532 662 575 Charikl.²
694 533 756 572 III
787 535 838 572 75
852 545 913 582 sq.
1759 527 1770 560 .'
1808 559 1811 561 .

943 642 1023 684 129

401 725 614 782 ἐγχώριος
645 722 784 780 ἀνήρ,
817 721 1040 778 ἐγχώριον
1070 722 1255 776 πρᾶγμα

309 809 486 856 Εὔπολις
519 804 683 860 Δήμοις.
714 807 888 847 Bekker.
920 806 1070 847 Anecd.
1102 806 1167 852 95,
1200 804 1241 843 8.
1274 804 1389 842 ‘num
1418 802 1525 842 forte
1553 801 1630 842 hoe
1657 798 1774 844 vol'u'-

197 873 316 908 erunt
354 880 453 919 quos
495 867 694 917 inpugnat
732 864 1014 916 grammaticus
1048 862 1272 907 Atticistae,
1305 857 1492 912 ἐγχώριος
1523 859 1572 899 de
1601 858 1772 908 homiui-

196 927 270 965 bus
300 928 407 964 recte
439 924 528 972 dici,
559 936 641 963 non
671 927 803 962 autem
836 922 884 960 de
909 920 984 960 ra?
1014 921 1072 959 ita
1103 919 1221 970 plena
1250 918 1395 957 fuisset
1425 917 1555 957 oratio
1587 913 1774 971 ἐγχώριος

196 980 300 1034 ἀνὴρ
329 980 494 1034 λέγεται,
526 978 715 1033 ἐγχώριον
743 982 904 1030 πρᾶγμα
937 974 984 1016 οὐ
1018 974 1182 1029 λέγεται.
1224 976 1299 1015 hoc
1336 977 1586 1026 postremum
1622 973 1775 1014 refutat
1831 1000 1834 1004 ·

200 1040 412 1090 Eupolidis
444 1038 658 1088 exemplo)
690 1037 862 1076 Meinek.

946 1124 1027 1166 130

405 1182 688 1239 ἀριστητικός

310 1264 399 1306 ἀντὶ
430 1271 500 1305 τοῦ
530 1263 624 1313 ἔθος
657 1263 757 1316 ἔχων
788 1261 969 1316 ἀριστᾶν.
1006 1261 1184 1310 Εὔπολις
1217 1260 1386 1314 Δήμοις.
1418 1261 1588 1303 Bekker.
1617 1259 1772 1301 Anecd'.

200 1327 264 1373 79,
298 1326 363 1363 22.
395 1325 577 1374 cf.-quae
608 1323 657 1362 ad
687 1323 895 1373 Aristoph.
937 1322 1013 1372 Eq.
1050 1322 1158 1360 1378
1197 1320 1491 1360 adnotavimus.
1541 1318 1591 1358 ad
1621 1330 1776 1359 morem

183 1387 268 1479 ἱἔέῦ
285 1379 384 1479 2π9ρ7ᾠ
415 1378 615 1449 ἐπιπίνειν
635 1381 684 1419 ab
711 1380 919 1419 Alcibiade
942 1380 1151 1419 inventum
1173 1378 1300 1417 refert
1319 1377 1603 1416 Wilamowitz.
1634 1374 1775 1425 Herm.

947 1514 1024 1556 131

401 1570 587 1627 ἥσθημα

316 1652 390 1705 τὴν
420 1651 584 1706 ἡδονήν.
637 1653 817 1702 Εὔπολις
853 1650 1017 1705 Δήμοις.
1066 1654 1239 1693 Bekker.
1271 1653 1422 1692 Anecd.
1455 1653 1524 1700 98,
1555 1651 1624 1693 27.
1672 1649 1774 1691 Her-

201 1714 320 1751 werd.
353 1711 448 1752 Obs.
481 1712 568 1753 crit.
604 1714 655 1750 24
686 1706 816 1763 ἧσμα,
847 1711 955 1762 quod
985 1724 1066 1751 non
1095 1712 1227 1750 minus
1266 1710 1506 1750 inauditum.
1557 1707 1694 1760 potuit
1723 1707 1774 1748 ab

201 1767 385 1821 ἡσθῆναι
414 1771 552 1809 comice
581 1769 680 1820 fingi
709 1766 894 1820 ἥσθημα.
925 1781 975 1807 an
1006 1769 1268 1819 depravatum
1299 1769 1362 1807 eat
1380 1781 1428 1807 ex
1447 1761 1515 1821 (οὐ
1535 1758 1630 1819 γὰρ)
1648 1762 1776 1818 ἥσθη,Ἰ

240 1820 248 1833 ἱ

201 1841 253 1876 μα
289 1826 367 1865 Δία
381 1827 402 1865 ?
1768 1849 1770 1853 “

952 1889 1033 1933 132

409 1950 550 2004 θηρία

316 2027 472 2079 ἀξιοῦσι
502 2029 548 2069 τὰ
579 2029 698 2083 ἄγρια
730 2029 940 2083 λέγεσθαι,
973 2029 1101 2070 ἵππον
1129 2027 1175 2068 δὲ
1205 2026 1234 2082 ἢ
1261 2026 1430 2081 ἡμίονον
1458 2026 1656 2072 πολιτικά.
1686 2025 1776 2067 Et’t'-
1844 2043 1848 2046 ’

203 2091 313 2135 πολις
346 2084 509 2139 Δήμοις.
541 2089 709 2127 Bekker.
742 2089 891 2128 Anecd.
926 2090 991 2136 99,
1027 2089 1093 2127 28.
1144 2089 1171 2127 i.
1204 2101 1237 2127 e.
1271 2085 1415 2138 Ἧηρία
1447 2087 1661 2126 Atticistae
1691 2098 1775 2125 non

203 2146 282 2184 nisi
311 2146 359 2184 de
389 2147 525 2185 bestiis
556 2147 634 2184 dici
664 2146 818 2195 volunt,
851 2159 996 2196 equum
1027 2158 1121 2185 vero
1152 2145 1356 2184 malumve
1385 2143 1626 2183 domesticos
1646 2142 1774 2183 nomi-

203 2204 302 2241 nari.
335 2203 568 2242 adversatur
605 2203 769 2253 Eupolis
800 2203 951 2242 Demis.
991 2203 1027 2242 is
1058 2203 1184 2253 igitur
1214 2211 1364 2252 equum
1394 2201 1598 2240 mulumve
1627 2197 1776 2252 θηρίον

207 2272 364 2298 vocasse
394 2260 597 2309 putandus
628 2262 719 2299 est?
750 2260 802 2299 H.
834 2260 967 2299 Iacobi
998 2260 1106 2310 apud
1137 2259 1310 2298 Meinek.
1342 2257 1380 2295 V
1412 2259 1479 2298 37.

950 2371 1032 2412 133

408 2427 698 2482 καπνοδόκην

210 2562 212 2564 v
317 2510 459 2549 Pollux
481 2512 516 2552 7,
543 2511 621 2548 123
653 2506 814 2560 κάπνην
843 2507 889 2548 δὲ
918 2508 986 2548 καὶ
1014 2506 1273 2559 καπνοδόκην
1293 2505 1475 2554 Εὔπολις
1507 2504 1551 2545 τὸ
1571 2504 1647 2557 μὲν
1666 2504 1772 2558 εἴρη-

204 2579 275 2603 κεν
305 2563 347 2603 ἐν
379 2564 568 2616 Βάπταις,
598 2564 642 2604 τὸ
673 2563 717 2605 δὲ
748 2565 792 2606 ἐν
825 2562 989 2618 Δήμοις.
1042 2567 1093 2606 cf.
1126 2567 1176 2605 fr.
1209 2567 1277 2608 88.
1715 2563 1719 2567 ’

953 2677 1034 2720 134

409 2733 679 2788 καυχήσεται
955 2769 958 2772 .

319 2814 461 2853 Pollux
493 2808 542 2864 9,
577 2817 653 2855 146
695 2815 738 2855 ἐν
775 2815 819 2855 δὲ
855 2812 1083 2862 Εὐπόλιδος
1123 2812 1275 2866 Δήμοις
1312 2811 1401 2853 ἔστι·
1431 2812 1499 2853 καὶ
1537 2810 1580 2852 τὸ
1615 2811 1767 2864 καυχή-

208 2881 329 2910 σεται.
816 2889 818 2892 ·
