1872 3224
221 235 277 278 50
863 219 1113 255 KPATINOT

222 335 300 377 ἀπὸ
327 333 566 386 πεντήκοντα
597 329 766 370 σταδίων
787 327 852 378 τῆς
882 323 1020 376 ἄκρας,
1040 315 1192 371 ὑψηλή,
1224 316 1340 357 πόλιν
1370 311 1780 381 ὁμώνυμονέχουσα·

225 391 363 439 κύκλος
393 389 436 430 δὲ
465 396 532 442 τῆς
561 386 685 438 νήσου
717 381 997 434 τετταράκοντα
1027 377 1192 419 στάδιοι.
1241 373 1356 443 ἄγειν
1393 373 1685 441 sigmficauqne
1713 384 1780 415 ra-

224 453 324 495 riore
359 462 429 499 pro
459 444 651 498 ἡγεῖσθαι.
683 442 800 492 Soph.
831 440 912 480 ΟΒ.
936 439 1016 494 775
1046 433 1200 497 ἠγόμην
1229 429 1267 472 δ’
1290 429 1392 483 ανὴρ
1422 434 1558 498 αστιῦν
1585 438 1779 483 μεγιστος.

226 509 274 548 cf.
306 506 447 545 Heind.
478 504 580 542 Plat.
603 501 762 540 Theaet.
789 497 901 536 l72b
929 491 1007 533 ώὸέ
1036 506 1119 538 πως
1159 505 1230 541 την
1268 487 1417 539 σοφίαν
1452 496 1639 538 αγουσιν.
1659 485 1782 554 'Luta

226 564 326 603 Gall.
360 563 410 600 18
446 557 545 599 θεὸν
573 552 672 610 ἦγόν
700 570 757 607 με.
787 552 1111 604 frequentissima
1141 551 1235 588 sunt
1264 544 1427 597 ἐντίμως
1457 541 1594 597 ἄγειν,
1625 556 1698 596 ουχ
1726 538 1782 591 ὥς

224 613 317 671 παρ’
350 614 469 656 οὐδὲν
494 614 618 667 οἴγειν.
649 614 746 653 Lob.
778 611 927 661 Phryn.
959 609 1040 647 418
1059 621 1117 657 sq.

879 720 970 762 113.
1034 718 1114 759 114

710 800 851 844 τᾶλλα
882 796 1014 841 πάντ’
1047 795 1243 851 ὀρνίθια.

710 869 874 926 ὄρνιθα
905 862 1268 922 φοινικόπτερον.

336 958 560 997 Athenaeus
592 957 628 1004 9,
661 955 740 993 373
752 953 799 992 ed
830 947 991 1002 ὀρνίθια
1022 945 1062 987 δ’
1097 946 1228 999 εἴρηκε
1251 947 1449 998 Κρατῖνος
1471 942 1516 984 ἐν
1536 941 1724 996 Νεμέσει.
1745 938 1782 984 .”.

227 1012 291 1053 ε’πὶ
335 1011 378 1053 δὲ
422 1019 490 1052 τοῦ
527 1008 736 1063 ἀρσενικοῦ
773 1005 820 1047 ού
855 1006 979 1058 μόνον
1016 1004 1148 1058 ὄρνιν,
1186 1001 1284 1043 άλλὰ
1323 1001 1392 1042 καὶ
1431 1000 1579 1055 ὄρνιθα
1610 997 1632 1041 ὃ
1662 997 1784 1049 αὐτὸς

226 1073 420 1124 Κρατῖνος
451 1068 495 1109 ἕν
523 1074 574 1124 τῷ
605 1064 713 1122 αύτῷ
743 1061 911 1118 δράματί
938 1075 1073 1114 φησιν.

966 1175 1043 1217 115

600 1257 649 1301 ἐν
679 1259 738 1314 τῷ
769 1256 948 1310 κύφωνι
978 1253 1057 1296 τὸν
1088 1248 1243 1309 αὐχέν’
1277 1254 1404 1307 ἔχων.

338 1343 476 1381 Pollux
512 1343 574 1390 10,
611 1343 687 1380 177
721 1338 918 1390 Κρατίνου
949 1335 1127 1383 εἰπόντος
1157 1334 1202 1375 ἐν
1232 1332 1405 1387 Νεμέσει
1436 1332 1505 1374 *ἐν
1542 1339 1596 1390 τῷ
1624 1331 1788 1386 κύφωνι

228 1393 297 1437 τὸν
326 1394 465 1450 αὐχέν’
498 1396 622 1449 ἒ’χων’
653 1391 681 1449 ἧ
708 1410 786 1435 που
816 1393 980 1445 νοητέον
1009 1391 1061 1440 ὡς
1092 1398 1232 1439 σκεῦος
1262 1385 1316 1443 ἦν
1346 1407 1380 1430 τι
1411 1387 1723 1446 ἅγορανομικόν,
1753 1384 1788 1447 ᾧ

230 1453 297 1494 τὸν
326 1452 472 1506 αὐχένα
503 1451 670 1494 ἐνθέντα
701 1452 775 1492 ἔδει
807 1450 883 1507 (sie
912 1453 1031 1492 Mein.
1053 1465 1126 1503 pro
1157 1447 1239 1504 δεῖ)
1272 1451 1572 1502 μαστιγοῦσθαι
1601 1447 1672 1489 τὸν
1698 1446 1790 1501 περὶ

231 1510 303 1563 τὴν
330 1505 478 1564 ἀγοράν
506 1511 813 1563 κακουργοῦντα.
845 1510 1019 1549 dubitari
1049 1510 1183 1560 potest
1213 1521 1264 1547 an
1285 1508 1480 1547 erraverit
1509 1506 1668 1547 Pollux.
1689 1519 1784 1547 nm

229 1582 473 1619 nequaquam
502 1569 551 1607 ad
582 1570 710 1608 solum
739 1569 870 1607 forum
901 1569 941 1606 et
970 1567 1168 1606 maleficos
1189 1566 1365 1604 forenses
1385 1561 1406 1602 ὁ
1427 1562 1574 1614 κύφων
1592 1564 1786 1615 pertinet·

231 1626 278 1664 of.
310 1627 431 1665 Arist.
461 1626 566 1667 Plut.
597 1626 691 1664 476.
725 1626 818 1664 606.
850 1625 896 1662 de
927 1626 1092 1663 accentu
1120 1622 1268 1663 Herod.
1297 1622 1318 1661 1
1349 1623 1415 1667 37,
1439 1623 1463 1660 9
1494 1621 1633 1662 Lentz.
1655 1613 1702 1660 τὰ
1731 1618 1788 1668 εἰς

232 1682 322 1730 ᾳΤωῖι
356 1675 540 1734 ἀρσενικὰ
576 1680 622 1732 μα’
666 1679 730 1719 διὰ
771 1686 842 1720 τοῦ
871 1681 918 1719 {fv
957 1675 1170 1731 κλινόμενα
1206 1677 1443 1731 βαρύνεται,
1487 1676 1664 1731 Τρύφων
1693 1708 1705 1719 .
1735 1709 1746 1721 .
1777 1705 1787 1716 .

231 1737 385 1788 κύφων.
415 1740 518 1789 apud
547 1739 748 1778 Pollucem
778 1737 949 1788 κυφῶνι.

956 1849 1042 1892 116

341 1931 400 1983 τῷ
432 1927 479 1971 δὲ
500 1928 700 1985 κοττάβῳ
722 1929 975 1983 προθέντας
997 1926 1047 1970 έν
1069 1934 1327 1982 πατρικοῖσι
1347 1926 1505 1982 νόμοις
1533 1926 1584 1970 τό
1606 1926 1788 1975 κεινέου

233 1993 470 2051 ὀξυβάφοις
505 1996 688 2050 βάλλειν
725 1997 808 2052 μὲν
852 1998 913 2052 τῷ
950 1996 1101 2052 πόντῳ
1146 1995 1196 2038 δὲ
1239 1995 1456 2050 βάλλοντι
1501 1995 1621 2051 νέμω
1661 1997 1790 2040 πλεῦ-

235 2074 314 2105 στα
344 2063 488 2119 τύχης.

344 2146 567 2186 Athenaeus
605 2149 668 2197 15,
708 2149 820 2187 667f
856 2149 1049 2200 Κρατῖνος
1087 2145 1131 2186 ἐν
1170 2144 1359 2199 Νεμέσει.
1391 2148 1451 2187 ita
1479 2148 1531 2187 A.
1565 2149 1791 2189 ceterorum
1839 2188 1842 2190 .

238 2203 411 2241 codicum
439 2204 649 2244 varietates
679 2218 883 2255 excerpere
912 2206 1013 2244 nihil
1045 2206 1200 2245 attinet.
1232 2205 1380 2245 Athen.
1415 2206 1480 2254 15,
1514 2206 1627 2245 6660
1655 2199 1790 2244 κόττα-

236 2259 302 2310 βος
331 2257 396 2297 καὶ
425 2252 465 2296 τὸ
494 2258 612 2312 ἄγγος
641 2260 695 2307 εἰς
723 2258 745 2300 ὃ
774 2259 939 2312 ἔβαλλον
981 2254 1049 2308 τοὶς
1078 2260 1271 2314 λάταγας,
1311 2257 1366 2308 ὥς
1404 2263 1602 2314 Κρατῖνος
1631 2259 1678 2302 ἐν
1705 2261 1791 2302 Νε-

236 2312 342 2364 μέσει
384 2315 595 2355 δείκνυσιν.
641 2320 682 2356 et
719 2320 830 2358 667e
874 2315 1004 2370 ἕτερον
1040 2315 1080 2357 δ’
1122 2316 1228 2358 ἐστὶν
1265 2313 1370 2366 εἶδος
1405 2318 1570 2365 παιδιᾶς
1599 2323 1672 2371 τῆς
1700 2313 1791 2374 (τῆς

237 2370 393 2438 παιδιᾶς
423 2367 480 2421 τὸ)
511 2370 553 2411 ἕν
581 2372 738 2428 λεκάνῃ.
787 2372 890 2426 αὕτη
921 2372 961 2414 δ’
993 2373 1140 2423 ὕδατος
1177 2378 1419 2428 πληροῦται,
1457 2373 1629 2415 ἐπινεῖ
1648 2371 1693 2414 δ’
1726 2371 1789 2415 ἐπ’

239 2428 357 2478 αυτῆς
393 2424 573 2480 ὀξύβαφα
609 2427 724 2483 κενά,
764 2428 831 2481 ἐφ’
872 2429 899 2470 δι’
933 2431 1144 2484 βάλλοντες
1182 2426 1249 2479 τὰς
1291 2429 1461 2485 λάταγας
1491 2430 1535 2472 ἐκ
1564 2431 1795 2485 καρχησίων

241 2481 445 2535 ἐπειρῶντο
473 2484 704 2526 καταδύειν·
743 2485 924 2542 ἀνῃρεῖτο
954 2486 997 2528 δὲ
1029 2488 1073 2528 τὰ
1104 2488 1292 2542 κοττάβια
1332 2486 1353 2528 ὁ
1393 2489 1516 2530 πλείω
1546 2487 1791 2539 καταδύσας.

241 2541 374 2591 ecloga
401 2555 521 2591 paene
551 2544 753 2594 desperata
783 2549 823 2585 et
850 2546 1058 2586 hominum
1095 2548 1305 2587 doctorum
1345 2548 1586 2588 coniecturis
1617 2548 1792 2587 multum

241 2598 440 2663 tem13tata.
483 2600 606 2644 veluti
650 2602 937 2643 Herwerdenus
981 2604 1077 2644 Obs.
1120 2606 1206 2644 erit.
1239 2605 1264 2643 5
1304 2603 1503 2657 πατρίοισι
1541 2607 1582 2644 et
1617 2601 1709 2656 (pro
1745 2601 1790 2643 τὸ

244 2650 415 2719 κεινεου)
455 2658 530 2718 τοῖς
568 2654 789 2697 ἐπινέουσιν
826 2673 872 2698 ex
901 2660 1127 2710 Athenaeo,
1167 2662 1376 2701 Dobraeus
1406 2659 1602 2715 μέτωπον,
1634 2665 1688 2716 τῷ
1716 2673 1792 2712 pro

244 2722 315 2773 μέν
351 2714 402 2763 τῷ
437 2724 564 2773 ποντῳ
601 2712 802 2765 (neutrum
843 2716 1076 2771 intellego),
1120 2718 1290 2758 Bothius
1330 2714 1560 2758 τάπινέοντ’
1600 2714 1793 2771 ὀξύβαφα

245 2764 401 2828 βαλλειν
429 2780 478 2819 τῳ
506 2774 631 2822 ποτῷ,
668 2771 886 2813 Meinekius
921 2773 1084 2825 βαλόντι
1121 2789 1194 2825 pro
1225 2772 1424 2827 βάλλοντι.
1465 2790 1513 2815 ex
1543 2776 1690 2827 quibus
1719 2774 1792 2815 ali-

246 2821 351 2884 quld.
367 2824 499 2861 tamen
522 2824 643 2887 lueis,
686 2828 826 2868 dubiae
857 2843 950 2869 sane
981 2834 1021 2869 et
1051 2832 1221 2881 fallacis,
1269 2833 1460 2884 adfulget.
1506 2834 1642 2883 potuit
1679 2833 1789 2872 certe

248 2875 428 2917 Cratmus
459 2881 622 2921 sembere
652 2879 718 2936 (cf.
750 2899 847 2935 quae
876 2887 992 2926 modo
1015 2889 1271 2938 adposuimus
1292 2889 1490 2929 Athenaei
1512 2891 1634 2930 verba
1655 2890 1738 2929 667
1748 2886 1788 2939 e)
