1872 3224
131 209 166 222 ,
188 181 194 188 ·
801 181 1022 216 ΜΑΡΙΚΑΣ
1616 191 1666 232 31
1679 193 1694 233 l

112 281 189 321 ‘dis
221 293 381 321 versum
412 295 498 321 esse
529 283 752 324 Meinekius
784 286 990 327 indicavit.
1039 292 1178 329 contra
1216 291 1433 342 Bergkium
1465 295 1510 333 R.
1543 308 1574 334 c.
1607 297 1693 335 Att.

127 339 210 379 356
241 339 400 379 Niciam
429 339 491 379 his
521 341 655 380 verbis
684 355 854 392 poenam
876 345 1101 396 Hyperboli
1122 348 1321 398 deprecari
1353 353 1563 401 putantem
1595 357 1700 394 recte

128 395 326 448 Struvius
345 410 386 447 p.
420 398 444 436 7
476 404 613 438 monet
645 401 766 439 verba
795 398 892 453 λέγω
924 413 987 440 σοι
1016 397 1069 455 μὴ
1100 403 1282 452 κολάζειν
1320 420 1400 447 non
1438 422 1522 448 esse
1561 410 1699 460 depre-

126 454 254 494 cantis
271 454 341 494 sed
362 455 499 505 puniri
516 456 690 506 aliquem
707 460 896 498 vetantis.
919 460 968 499 cf.
991 461 1169 502 Pherecr.
1193 465 1259 502 96.
1281 477 1380 514 quae
1400 478 1494 505 vero
1516 481 1555 517 p.
1578 468 1631 506 47
1642 482 1698 519 sq.

123 512 212 563 ipse
242 512 295 551 ad
325 512 611 563 explicandum
641 527 804 554 versum
835 517 966 556 adfert
994 531 1076 558 non
1106 520 1228 571 digna
1259 523 1351 561 sunt
1388 535 1488 573 quae
1526 525 1699 564 refuten-

124 570 206 610 tur.
237 570 498 610 manifestum
529 573 590 611 est
620 572 730 623 loqui
761 573 934 624 aliquem
965 574 1148 628 (fortasse
1179 578 1359 630 chorum)
1399 581 1467 630 qui
1506 581 1697 622 Marican-

114 627 208 668 ‘tem
237 628 288 668 ab
317 628 474 679 impetu
504 629 722 670 adversarii
754 631 953 671 defendat.

879 767 958 809 191

114 864 117 868 ¹
182 842 232 895 ὃς
260 845 475 901 θυμήνας
505 853 597 897 τοῖς
628 846 922 903 στρατιώταις
953 847 1112 903 λοιμὸν
1143 851 1218 892 καὶ
1248 852 1399 903 ψῶζαν
1431 853 1640 909 ἔπεμψεν.

239 929 409 969 Photius
441 932 481 969 et
520 930 664 969 Suidas
701 931 819 981 ψῶζα
858 929 974 979 νόσος
1014 947 1086 980 τις.
1148 931 1326 981 Εὔπολις
1360 936 1528 991 Μαρικᾷ
1560 969 1569 978 .
1593 970 1600 978 .
1623 968 1632 976 .
1664 938 1704 977 οἱ

123 984 170 1027 δέ
199 999 300 1037 φασι
329 985 398 1026 καὶ
431 984 470 1041 τὸ
502 993 571 1039 τῆς
603 986 727 1028 νόσου
758 983 862 1036 εἶδος
884 986 945 1028 ’ὅτι
965 988 1142 1042 κνησμὸς
1162 989 1256 1042 μετὰ
1280 991 1493 1040 δυσωδίας.
1526 994 1697 1045 Hesych.

123 1043 295 1095 ψώιζος·
326 1043 482 1095 ὄίφοδος
512 1042 631 1098 ὑγρά,
662 1043 689 1098 ἢ
718 1043 858 1100 ὄνθος,
889 1046 1082 1099 δυσωδία,
1113 1046 1180 1087 καὶ
1209 1046 1262 1100 ἣν
1291 1051 1457 1088 καλοῦσι
1485 1050 1697 1105 μίνθα(ν)·

122 1102 165 1143 οἵ
197 1099 243 1142 δὲ
278 1099 436 1155 αὐχμὸν
474 1100 503 1154 ἢ
542 1101 740 1156 μόλυσμα.
782 1103 823 1144 et
866 1103 997 1155 ψώια·
1037 1103 1168 1158 σαπρὰ
1207 1106 1400 1146 δυσωδία.
1441 1109 1492 1147 cf.
1523 1109 1696 1149 Lobeck.

122 1160 282 1201 Pathol.
338 1161 387 1201 el.
429 1161 450 1200 I
488 1162 585 1202 441.
642 1162 854 1213 Hermipp.
896 1164 969 1211 63,
1015 1164 1052 1202 7.
1092 1163 1242 1215 Phryn.
1299 1166 1364 1206 26.
1410 1163 1615 1216 θυμήνας,
1654 1171 1700 1207 ut

122 1219 332 1270 Aristoph.
363 1218 472 1258 Nub.
507 1221 602 1260 610.
638 1221 760 1260 1478.
793 1221 878 1260 sine
909 1221 1031 1260 dubio
1062 1221 1159 1260 deus
1191 1222 1335 1273 aliquis
1367 1223 1624 1274 significatur.

880 1355 960 1398 192

344 1436 602 1490 πεπέρακεν
633 1435 716 1492 μὲν
749 1432 772 1478 ὁ
803 1436 1097 1491 περσέπτολις
1125 1435 1213 1493 ἤδη
1247 1439 1458 1492 Μαρικᾶς

236 1519 463 1571 Aeschylus
494 1521 603 1560 Pers.
628 1521 680 1560 65
712 1517 940 1567 πεπέρακεν
969 1516 1043 1571 μὲν
1063 1516 1083 1559 ὁ
1105 1519 1358 1570 περσέπτολις
1391 1519 1468 1573 ἤδη
1499 1521 1697 1572 βασίλειος

122 1575 301 1629 στρατός.
333 1578 405 1616 ubi
437 1578 651 1617 scholiasta
681 1582 806 1617 ταῦτα
828 1574 872 1616 δὲ
911 1577 1098 1632 κωμῳδεῖ
1113 1576 1290 1626 Εὔπολις
1331 1577 1374 1617 ἐν
1406 1580 1596 1633 Μαρικᾷ·
1629 1593 1695 1618 πε-

122 1632 297 1688 πέρακεν
326 1637 409 1673 κτλ.
441 1636 551 1674 chori
583 1635 704 1675 verba
735 1649 821 1675 esse
852 1636 1131 1687 Hyperbolum
1154 1650 1176 1675 a
1195 1637 1327 1675 nescio
1350 1650 1427 1687 qua
1448 1638 1698 1687 expeditione

120 1694 270 1732 reverti
300 1693 514 1744 gaudentis
544 1693 768 1732 Meinekius
799 1694 968 1733 monuit.
1014 1693 1136 1732 fuisse
1173 1694 1334 1733 videtur
1370 1695 1523 1744 primus
1560 1707 1697 1748 versus

121 1751 276 1801 parodi,
310 1751 481 1791 fortasse
511 1751 721 1791 universae
752 1751 924 1790 fabulae.

877 1885 958 1927 193

241 1970 513 2017 Quintilianus
547 1970 582 2018 1,
618 1971 682 2018 10,
718 1970 768 2009 18
808 1970 964 2021 eosdem
992 1971 1196 2018 utriusque
1231 1971 1289 2009 rei
1325 1965 1627 2023 (grammaticae
1657 1972 1698 2009 et

120 2027 312 2078 musicae)
338 2030 608 2076 praeceptores
636 2027 758 2075 fuisse
796 2039 884 2066 cum
921 2026 1101 2076 Sophron
1130 2028 1292 2066 ostendit
1315 2056 1324 2065 .
1348 2057 1357 2066 .
1381 2057 1390 2066 .
1413 2031 1497 2066 tum
1515 2027 1695 2076 Eupolis,

120 2086 230 2135 apud
259 2097 372 2134 quem
403 2115 411 2123 .
436 2115 445 2125 .
469 2114 478 2122 .
510 2084 710 2135 Maricas,
750 2086 818 2133 qui
853 2087 908 2125 est
945 2085 1211 2134 Hyperbolus,
1244 2085 1344 2123 nihil
1378 2097 1418 2125 se
1456 2096 1502 2124 ecc
1538 2085 1697 2124 musicis

119 2143 218 2182 seire
247 2143 328 2182 nisi
357 2143 506 2181 litteras
536 2143 751 2190 confitetur.
783 2142 834 2180 cf.
867 2142 1075 2192 Aristoph.
1107 2141 1181 2192 Eq.
1218 2143 1310 2182 188.
1601 2156 1606 2161 ·

879 2277 960 2319 194

237 2361 368 2401 Schol.
400 2361 607 2412 Aristoph.
639 2361 745 2402 Plut.
779 2362 887 2401 1037
920 2365 1037 2399 τοῦτο
1073 2359 1113 2398 τί
1148 2357 1255 2399 ἐστιν
1292 2355 1365 2397 οὐκ
1401 2352 1511 2408 οἶδα,
1553 2355 1612 2396 ὅτι
1649 2355 1694 2396 δὲ

122 2417 391 2472 συμβάλλεται
422 2411 519 2471 πρὸς
550 2416 595 2458 τὸ
625 2415 670 2457 ἕν
710 2419 886 2473 Μαρικᾷ
919 2411 1145 2462 Εὐπόλιδος
1183 2411 1284 2455 οἶδα.
1344 2411 1464 2454 κᾶκεῐ
1495 2412 1571 2467 γὰρ
1608 2412 1695 2464 τὴν

117 2473 416 2530 Ὑπερβόλου
447 2473 630 2528 μητέρα
660 2475 799 2529 τηλία
838 2472 1025 2522 εἰκάζει
1069 2479 1117 2528 τῇ
1146 2472 1308 2526 πλατείᾳ
1341 2470 1485 2511 σανίδι.
1517 2469 1619 2518 τινὲς
1650 2468 1694 2509 δὲ

122 2533 263 2586 τηλίαν
292 2532 413 2582 ξύλον
443 2532 544 2583 φασὶ
562 2531 724 2585 πλατύ,
757 2532 812 2580 εἰς
844 2530 866 2572 ὃ
896 2529 1078 2571 τιθέασιν
1109 2531 1149 2570 οἱ
1174 2527 1384 2581 ἀρτοκόποι
1423 2526 1515 2575 τοὺς
1545 2526 1692 2579 ἄρτους

122 2589 187 2631 ἐπὶ
218 2596 277 2647 τῷ,
302 2590 566 2644 ξηραίνεσθαι
597 2626 605 2634 ,
630 2620 638 2629 .
663 2621 671 2629 .
704 2590 817 2642 τηλία
848 2588 924 2642 ἔχει
952 2587 1085 2640 μέντοι
1116 2584 1215 2626 καθ’
1256 2583 1373 2625 ἑαυτὸ
1410 2583 1582 2636 ἄπορον·
1623 2582 1694 2623 ἐὰν

122 2647 166 2689 δὲ
197 2647 238 2689 τὸ
270 2647 315 2689 ἐν
337 2651 511 2704 Μαρικᾷ
530 2645 752 2703 προσέλθῃ,
774 2646 876 2686 ἔνθα
907 2646 975 2693 εἰς
1007 2644 1183 2697 τηλίαν
1213 2642 1311 2695 φησὶ
1341 2640 1395 2681 τὰ
1426 2647 1510 2681 τοῦ
1537 2639 1690 2692 Ὑπερ-

122 2703 270 2759 βόλου
302 2703 422 2747 ὀστᾶ
454 2704 815 2758 ἐμβεβλῆσθαι,
846 2701 1097 2757 ἀπορώτερον
1127 2700 1253 2740 ἔσται·
1286 2698 1470 2751 ζητητέον
1490 2693 1579 2739 οὖν.
1612 2713 1690 2738 non

122 2765 331 2815 intellego,
362 2773 414 2804 ne
444 2767 537 2815 post
567 2777 612 2803 ea
643 2763 805 2814 quidem
835 2776 935 2813 quae
966 2760 1292 2800 Hemsterhusius
1330 2756 1458 2812 (Plut.
1494 2758 1620 2807 1037)
1653 2758 1693 2794 et

122 2823 366 2863 Fritzschius
397 2822 491 2862 Act.
525 2834 602 2861 soc.
635 2835 696 2872 gr.
728 2820 748 2858 I
782 2821 861 2859 134
893 2818 1169 2870 exposuerunt.
1219 2829 1312 2855 nam
1348 2815 1592 2854 Fritzschius
1624 2813 1691 2863 qm·

122 2881 164 2919 id
193 2882 353 2930 tempus
384 2879 603 2930 significari
640 2879 776 2918 censet
815 2890 894 2928 quo
926 2877 1052 2915 mater
1089 2873 1368 2925 Hyperbolum
1402 2873 1444 2911 in
1483 2873 1595 2910 utero
1625 2882 1690 2921 ge-
