1872 3224
127 2523 130 2534 ..
116 2444 128 2516 «σθ

223 194 304 237 726
853 194 1163 228 ΣΤΡΑΤΤῙΔΟΣ

225 300 415 349 opinatur
439 299 648 338 Thebanis
678 298 854 338 novandi
883 299 925 337 in
955 298 1016 337 his
1046 298 1167 337 rebus
1199 299 1375 338 studium
1406 299 1657 350 exprobrare,
1689 302 1796 340 reete

223 357 374 395 refellit
403 357 626 396 Lobeckius
657 356 859 406 Aglaoph.
893 356 989 406 849,
1022 355 1246 406 ‘antiquum
1276 358 1318 396 et
1356 357 1601 407 oppidanum
1638 356 1797 397 dicendi

223 414 387 453 morem'
421 426 487 453 eos
517 414 651 463 potius
680 413 896 452 retinuisse
925 425 1105 452 monens.

988 512 1044 555 48

428 589 484 634 οὐ
515 589 692 648 σχοινί’,
725 590 832 635 οὐδὲ
863 591 1190 648 στραγγαλίδες
1219 592 1318 636 εἰσί.

343 676 487 714 Pollux
523 676 700 724 10,183
732 673 862 729 δεσμῷ
893 671 935 714 δ’
967 690 1021 714 αν
1051 672 1218 715 ἐοίκοιεν
1247 674 1294 714 αἱ
1319 674 1613 728 στραγγαλίδες,
1645 670 1798 728 Στράτ-

226 732 331 780 τιδος
363 729 407 771 ἐν
436 730 669 779 Φοινίσσαις
700 727 974 779 εἰπόντος.ου
1004 730 1191 786 Meinek.]
1223 728 1330 771 οὐδὲ.

991 832 1049 875 49

338 878 554 955 Ετοίζὶειῃυε
593 916 667 964 93,
707 917 732 955 8
771 915 902 955 Klein.
952 913 1179 968 λεβηρίδος’
1227 911 1461 967 ὑμενώδους
1503 911 1798 968 ἆποσύρματος,

224 970 324 1024 ὅπερ
356 969 437 1010 ἐστὶ
470 969 510 1011 τὸ
541 976 621 1011 τῶν
651 970 786 1022 ὄφεων
815 970 1027 1025 λεγόμενον
1063 971 1208 1025 γῆρας,
1245 968 1301 1020 ὥς
1339 971 1406 1012 καὶ
1431 969 1723 1024 Ἀριστοφάνης
1754 970 1799 1013 ἐν

221 1026 457 1083 Ἀμφιαράῳ
486 1028 555 1068 καὶ
585 1027 779 1081 Στράττις
811 1026 855 1068 ἐν
883 1029 1132 1077 Φοινίσσαις.
1172 1030 1224 1069 of.
1256 1029 1464 1081 Arisfioph.
1498 1031 1546 1069 fr.
1579 1031 1648 1070 35.
1707 1030 1793 1072 sine

225 1087 345 1126 dubio
377 1087 499 1126 etiam
531 1086 697 1127 Strattis
727 1100 808 1127 uno
839 1100 887 1128 ex
915 1088 1139 1138 proverbiis
1168 1087 1250 1127 illis
1282 1101 1378 1128 usus
1410 1089 1507 1159 erat.

990 1199 1047 1242 50

339 1280 571 1320 Athenaeus
606 1281 671 1330 15,
704 1283 785 1321 699
797 1281 845 1320 ef
870 1277 1040 1333 γράβιόν
1069 1279 1150 1321 ἐστι
1190 1278 1234 1321 τὸ
1262 1280 1449 1334 πρίνινον
1486 1277 1515 1333 ἢ
1544 1275 1710 1333 δρύινον
1739 1277 1801 1330 ξύ-

226 1340 309 1389 λον,
340 1335 437 1389 ὅπερ
468 1335 719 1390 ε’θλασμένον
749 1335 898 1393 (vem.)
931 1336 999 1378 καὶ
1028 1336 1337 1391 κατεσχισμένον
1357 1336 1598 1388 ἐξάπτεσθαι
1618 1336 1686 1378 καὶ
1705 1338 1802 1388 φαί-

227 1409 314 1434 νειν
343 1397 424 1442 τοῖς
454 1391 740 1447 ὁδοιποροῦσιν
771 1429 780 1438 .
803 1394 1119 1447 ..μνημονεύει
1157 1393 1202 1435 δὲ
1238 1395 1418 1449 γραβίων
1447 1409 1493 1435 κο
1523 1429 1532 1439 .
1590 1393 1675 1436 .ἕν
1704 1395 1795 1435 Φοι

227 1451 394 1499 νίσσαις
429 1452 827 1504 Schweighaeuserus
848 1451 915 1492 καὶ
937 1450 1128 1503 Στράττις
1150 1451 1194 1493 ἐν
1214 1452 1466 1501 Φοινίσσαις.
1502 1455 1545 1493 at
1563 1453 1803 1493 Phoenissae

228 1510 348 1548 etiam
371 1510 653 1560 Alistophanis
683 1510 807 1550 fuisse
828 1512 963 1550 monet
983 1511 1218 1551 Meinekius.
1250 1511 1424 1562 Hesych.
1454 1509 1632 1564 γοβρίαι·
1665 1508 1802 1562 φανοί,

229 1568 466 1618 λαμπτῆρες,
497 1567 566 1610 ubi
595 1564 744 1619 γράβια
774 1568 821 1607 L.
853 1567 1039 1607 Dindorf.

842 1691 1143 1726 ΧΡΤΣΙΠΠΟΣ

342 1783 515 1823 Meinek.
546 1783 566 1822 I
597 1784 691 1823 233.
723 1796 940 1834 puerorum
971 1797 1125 1824 amores
1165 1784 1255 1824 Laii
1285 1786 1326 1824 et
1356 1781 1576 1836 Chrysippi
1606 1784 1799 1835 exemplis

230 1841 392 1881 videtur
422 1841 696 1892 exagitavisse.
728 1841 777 1883 of.
809 1841 978 1881 Preller.
1011 1839 1200 1893 Myth01.²
1229 1841 1270 1881 II
1301 1842 1398 1882 343.
1431 1844 1471 1882 7.

995 1952 1050 1996 51

433 2032 474 2074 εἰ
501 2031 614 2087 μηδὲ
645 2030 770 2087 χέσαι
799 2029 845 2087 γ’
879 2030 1001 2089 αὐτῷ
1032 2031 1168 2088 σχολὴ
1200 2031 1452 2088 γενήσεται,

434 2098 540 2157 μηδ’
573 2100 636 2151 εἰς
665 2098 886 2144 ἀσωτεῖον
915 2101 1183 2158 τραπέσθαι,
1214 2098 1318 2157 μηδ’
1354 2099 1436 2144 ἐὰν

434 2167 557 2225 αὐτῷ
587 2169 787 2225 ξυναντᾷ
814 2184 894 2224 τις,
925 2170 1118 2226 λαλῆσαι
1147 2169 1320 2225 μηδενί.

342 2252 575 2292 Athenaeus
606 2253 792 2301 4‚169a
829 2249 872 2291 τὸ
908 2250 983 2302 μὲν
1018 2248 1189 2291 ἀσώτιον
1226 2249 1328 2304 ἔχεις
1364 2249 1472 2304 παρὰ
1512 2249 1722 2303 Στράττιδι
1759 2248 1804 2290 ἐν

233 2308 463 2363 Χρυσίππῳ
493 2306 644 2361 λέγοντι
675 2306 801 2356 οὕτως
830 2310 912 2348 κτλ.
987 2311 1026 2349 2.
1047 2306 1241 2349 άσωτεῖον
1269 2307 1461 2362 Meinek.]
1489 2305 1674 2348 ἀσώτιον.
1705 2302 1803 2359 μηδ’

232 2364 302 2406 ἐὰν
333 2366 519 2409 Dindorf
524 2364 540 2418 ]
572 2362 669 2417 μηδ’
709 2362 764 2405 ἂν
801 2366 880 2406 ΒΡ.
970 2368 1010 2406 3.
1047 2364 1206 2420 μηδενί]
1246 2363 1347 2418 μηδὲ
1385 2380 1430 2406 εν
1474 2366 1643 2406 Meinek
1683 2365 1800 2405 Anal.

231 2424 321 2463 crit.
354 2423 449 2463 Ath.
482 2425 551 2463 80.
611 2437 647 2463 v.
685 2425 706 2462 1
743 2436 817 2474 pro
862 2419 962 2475 μηδὲ
1007 2423 1260 2463 scribendum
1304 2423 1466 2464 videtur
1502 2419 1569 2474 μὴ.
1629 2422 1800 2474 Hesych-

227 2477 444 2519 Ἀσώπιον·
484 2477 600 2528 τόπος
636 2476 847 2532 Ἀθήνησι.
889 2481 1049 2520 videtur
1086 2481 1352 2521 adulescentis
1389 2480 1522 2520 nescio
1559 2480 1671 2520 ouius
1715 2491 1802 2519 sors

232 2538 442 2588 deplorari,
475 2550 498 2576 a
528 2550 665 2578 severo
695 2539 808 2588 patre
838 2537 1007 2577 edueati.

996 2648 1052 2691 52
1096 2660 1102 2662 “

639 2726 841 2783 πρόσαγε
870 2725 951 2770 τὸν
982 2728 1136 2770 πῶλον
1166 2725 1350 2782 ἀτρέμα,
1381 2725 1657 2783 προσλαβών

437 2793 516 2849 τὸν
547 2794 725 2851 ἀγωγέα
752 2795 1056 2851 βραχύτερον·
1087 2792 1171 2850 οὐχ
1202 2793 1310 2851 ὁρᾷς
1339 2793 1407 2837 ὅτι

438 2861 602 2918 ἄβολος
632 2862 691 2906 ἔτ’
726 2862 842 2915 ἑστί;
