1872 3224
222 170 306 212 330
854 163 1153 199 ΕΤΠοΛιΔοΣ

221 275 285 323 ξεν
315 274 569 314 scribendum
609 284 714 320 esse,
762 271 908 310 lemma¹
945 271 1078 310 autem
1109 265 1290 315 Εὔπολις
1325 265 1558 320 Ταξιαρχοις
1597 267 1648 307 ad
1677 266 1798 309 aliam

219 333 392 384 glossam
424 331 594 371 vicinam
623 329 824 379 pertinere
854 328 1084 367 arbitratur.
1125 328 1174 366 ad
1214 325 1469 382 palaestricus
1509 325 1657 365 Bacchi
1685 337 1795 366 mr-

222 389 432 428 citationes
463 388 568 426 recte
599 386 758 426 rettulis
742 399 803 426 sse
836 386 995 426 videtur
1024 383 1265 425 Meinekius.
1831 383 1835 387 '

423 556 650 611 σιδηρῖτιν
679 555 843 610 τέχνην
967 495 1052 539 263

331 637 376 678 ἐν
418 636 658 691 Ταξιάρχαις
697 635 878 685 Εὔπολις
911 636 1044 690 εἴρηκε
1081 651 1156 676 τιν
1193 634 1383 679 Ξανθίου
1414 639 1486 675 τοῦ
1517 630 1711 688 σιδηρέους
1739 625 1792 675 οὗ

219 694 282 737 ε’πὶ
313 702 384 749 τῆς
415 695 569 744 εἰκόνος
601 693 883 748 ἐπιγέγραπται
913 693 1234 748 σιδηρόφυσα
1268 687 1566 746 (σιδηροφύσσα
1597 692 1648 745 A,
1680 689 1797 744 σιδη-

219 754 373 807 ροφυής
404 755 540 806 vulgo,
573 767 649 794 om.
682 751 782 803 BC).
823 753 967 793 Pollux
990 754 1150 802 7,106.
1188 751 1358 803 Hesych.
1398 749 1600 802 σιδηρῖτιν
1628 746 1794 820 τέχνην·

218 810 292 863 τὴν
320 810 553 864 πολεμικήν,
583 808 695 851 ἄλλοι
726 807 771 850 δὲ
801 808 875 862 τὴν
895 809 1083 853 Ξανθίου
1105 808 1244 860 φασίν,
1276 806 1405 861 ἤγουν
1425 806 1497 860 τὴν
1518 803 1796 860 χαλκευτικήν.

215 882 362 909 nomen
393 870 594 910 Xanthiae
624 869 727 908 fabri
757 869 917 908 ferrarii
948 869 1109 908 aliunde
1139 880 1222 907 non
1253 867 1475 918 cognitum.
1864 890 1872 962 ³-

965 980 1051 1023 264

424 1037 799 1094 σκευοφοριεότην

240 1133 248 1146 ·
332 1120 400 1160 τὸν
431 1119 679 1174 σκευοφόρον
710 1119 754 1160 ἐν
787 1119 1021 1174 Ταξιάρχοις
1053 1118 1234 1168 Εὔπολις
1265 1119 1419 1168 παίζων
1458 1116 1655 1160 ἐκάλεσεν.
1704 1117 1797 1159 Pol-

216 1180 285 1218 lux
319 1182 384 1229 10,
419 1181 483 1221 17.
518 1180 759 1230 Dionysum
791 1179 965 1230 adpellat
986 1180 1120 1219 nescio
1143 1179 1266 1230 quis’,
1298 1178 1487 1218 Phormio
1519 1177 1692 1217 fortasse
1722 1171 1793 1230 (of.

217 1237 267 1278 fr.
291 1234 405 1289 256),
439 1237 675 1276 ‘solemnem
707 1237 771 1275 dei
791 1237 1105 1288 adpellationem
1128 1234 1404 1288 eloamtwmg’,
1438 1235 1488 1274 de
1508 1247 1589 1286 qua
1608 1233 1659 1276 cf.
1682 1233 1795 1274 Prel-

217 1294 277 1332 ler
308 1295 436 1345 Myth.
468 1290 549 1345 gr.²
579 1294 599 1333 I
631 1294 726 1333 521.
760 1296 835 1333 561
874 1294 967 1334 adn.
1001 1295 1038 1343 2,
1081 1294 1263 1332 ‘ludibrii
1303 1306 1422 1333 causa
1452 1293 1494 1332 in
1524 1287 1796 1344 σκευοφοριῶ-

218 1364 292 1400 την
320 1351 809 1391 inmutanszMeinek.1
843 1352 938 1390 145.
971 1353 1093 1402 atque
1125 1350 1343 1403 εἰραφιῶτα
1375 1350 1525 1402 Hymn.
1556 1349 1664 1390 hom.
1696 1349 1738 1400 3,
1769 1349 1795 1388 2

216 1409 297 1447 iam
327 1408 658 1448 Hemsterhusius
690 1409 950 1460 comparavit.
985 1410 1035 1448 cf.
1069 1409 1265 1448 Fritzsoh.
1298 1408 1508 1459 Aristoph.
1540 1407 1641 1447 Rau.
1680 1419 1729 1459 p.·
1752 1406 1794 1447 8.

827 1532 1190 1567 ΤΒΡῙΣΤΟΔΙΚΑΙ

332 1603 440 1642 Haec
481 1603 616 1642 fabula
654 1603 730 1643 etsi
769 1605 851 1642 tam
883 1604 1045 1655 egregia
1075 1604 1213 1642 multis
1243 1603 1480 1655 videbatur,
1512 1605 1558 1642 ut
1588 1601 1796 1654 Ephialtes

217 1660 348 1699 nescio
385 1661 475 1710 quis
521 1674 607 1699 eam
644 1673 695 1699 ne
731 1661 905 1700 moriens
951 1661 1109 1711 quidem
1150 1661 1198 1700 de
1238 1660 1423 1699 manibus
1462 1661 1638 1700 voluerit
1676 1659 1795 1711 dopo-

217 1730 325 1767 nere,
359 1719 492 1756 tamen
524 1719 748 1768 fragmenta
775 1729 856 1757 non
877 1720 1049 1758 exstant.
1100 1718 1272 1757 Ptolem.
1296 1718 1516 1767 Hephaest.
1548 1715 1794 1759 Phot.Bib1.
1848 1765 1850 1768 Ι

221 1775 302 1814 190
331 1787 371 1824 p.
407 1777 520 1814 1512
554 1777 606 1815 10
635 1773 941 1826 τελευτήσαντος
974 1774 1205 1827 Δημητρίου
1235 1780 1307 1814 τοῦ
1338 1774 1530 1824 Σκηψίου
1561 1769 1606 1813 τὸ
1635 1772 1794 1827 βιβλίον

220 1828 401 1878 Τέλλιδος
441 1827 500 1886 (P)
544 1829 643 1884 πρὸς
686 1831 736 1899 τῇ
775 1831 929 1887 κεφαλῇ
967 1828 1157 1885 εὑρέθη.
1195 1863 1202 1872 .
1237 1861 1245 1870 .
1284 1829 1376 1879 τοὺς
1414 1828 1454 1871 δ’
1491 1828 1792 1884 Ὑβριστοδίκας

218 1883 448 1935 Εὐπόλιδος
479 1886 582 1940 πρὸς
613 1894 662 1943 τῇ
686 1885 915 1939 Εφιάλτου,
951 1903 1029 1940 qua
1061 1890 1108 1929 de
1138 1889 1276 1929 fabula
1307 1890 1358 1932 cf.
1380 1902 1481 1941 quae
1512 1889 1673 1929 monuit
1692 1889 1793 1929 Her-

217 1946 358 1985 cherus
389 1945 490 1986 Ueb.
525 1947 564 1986 d.
597 1946 854 1987 Glaubwurd.
887 1947 925 1986 d.
957 1947 1099 1987 Neuen
1130 1946 1272 1987 Gesch.
1305 1947 1345 1986 d.
1387 1947 1555 1988 Ptolem.
1605 1946 1795 1987 Chennus

217 2002 365 2041 Annal.
398 2003 541 2053 philol.
573 2004 706 2054 suppl.
739 2004 760 2043 I
793 2005 844 2043 13
877 2002 1000 2057 (279)
1037 2007 1079 2044 et
1115 2018 1217 2055 quae
1246 2005 1527 2045 adnotavimus
1557 2004 1608 2044 ad
1639 2002 1795 2044 Cratini

216 2059 411 2101 Eunidas.
463 2060 606 2099 Pollux
638 2062 679 2111 8,
714 2062 793 2101 126
824 2058 1183 2113 ὖβριστοδίκαι
1219 2057 1264 2100 δὲ
1303 2059 1519 2101 ἐκαλοῦντο
1549 2091 1559 2100 .
1591 2095 1599 2103 .
1631 2091 1641 2101 .
1674 2059 1716 2101 οἰ
1739 2058 1794 2113 μὴ

216 2114 454 2168 βουλόμενοι
485 2115 554 2165 τὰς
586 2116 702 2165 δίκας
733 2116 971 2171 εἰσαγαγεῖν.
1005 2116 1286 2158 ἐπεπόλασε
1317 2115 1370 2158 δὲ
1399 2116 1451 2158 τὸ
1480 2122 1712 2158 τοιοῦτον
1742 2113 1795 2158 ἕν

218 2173 443 2213 Σικελία.
485 2188 585 2225 quae
616 2175 712 2225 quid
743 2176 970 2227 significent
989 2189 1233 2228 quamquam
1255 2177 1469 2217 obscurum
1489 2178 1564 2227 est,
1594 2176 1795 2227 pertinere

216 2233 352 2270 tamen
390 2232 439 2270 ad
477 2232 688 2282 Eupolidis
727 2233 907 2272 fabulam
945 2233 1143 2276 videntur.
1195 2234 1363 2274 Photius
1400 2230 1695 2286 ὑβριστοδίκαι·
1729 2229 1795 2272 ἐπι

216 2292 301 2326 τῶν
329 2285 383 2339 μὴ
412 2286 641 2333 ἐθελόντων
667 2288 845 2353 εἰσάγειν
875 2305 944 2337 τας
976 2289 1105 2338 δίκας.
1137 2291 1311 2343 Hesych.
1343 2287 1639 2343 ὖβριστοδίκαι·
1671 2290 1713 2330 οἱ
1735 2304 1791 2343 μη
1858 2336 1860 2338 ,

215 2343 400 2393 θέλοντες
432 2345 604 2398 εἰσαγειν
633 2361 701 2394 τας
734 2346 848 2395 δίκας
879 2345 987 2398 παρὰ
1015 2343 1219 2396 Ἀττικοῖς,
1252 2349 1423 2388 Meinek.
1454 2349 1475 2388 I
1508 2348 1731 2388 101.145.

927 2471 1072 2505 ΦΙΛΟΙ

331 2539 394 2579 Ol.
413 2541 480 2590 88,
503 2541 528 2578 4
550 2541 753 2592 Dionysiis
770 2543 899 2581 actam
919 2543 961 2581 et
979 2542 1155 2583 incestos
1168 2523 1426 2594 potissimum
1446 2543 1661 2594 puerorum
1681 2555 1788 2582 amo-

215 2608 278 2634 res
309 2598 531 2648 exagitatos
552 2598 804 2650 Domumque
825 2599 930 2650 apud
960 2600 1092 2638 lenam
1112 2601 1154 2639 in
1177 2601 1327 2640 fornice
1357 2602 1605 2652 prostantem
1627 2614 1650 2640 a
1669 2602 1790 2652 poeta

218 2652 442 2692 exhibitum
472 2655 596 2694 fuisse
628 2657 771 2695 statuit
801 2656 1138 2697 Wilamowitzius
1169 2657 1264 2698 obs.
1297 2659 1384 2698 orit.
1418 2658 1602 2697 48—54.

963 2767 1048 2810 265

420 2843 475 2898 νὴ
509 2842 589 2886 τὸν
620 2845 846 2901 Ποσειδῶ,
878 2843 1121 2889 κούδέποτέ
1149 2845 1194 2902 γ’
1228 2851 1342 2902 ἴσχει
1371 2844 1507 2903 θύρα.
