1838 3230
163 168 247 210 794
590 167 721 202 ΣΑΝΝ
730 158 954 201 ΤΡῙΩΝΟΣ
993 166 1164 202 remen
1188 184 1235 192 -
1257 166 1311 201 152

937 270 966 311 5

277 353 407 392 Schol.
440 353 597 392 Platon.
632 353 710 391 331
744 352 873 392 Bekk.
910 346 1204 420 Ἀριστώνυμος
1243 349 1279 390 δ’
1323 349 1396 392 ἐν
1399 347 1525 406 Ἡλίῳ
1561 350 1745 406 ῥιγοῦντι

161 408 228 449 καὶ
251 410 492 462 Σαννυρίων
514 407 555 448 ἕν
574 406 721 448 Γέλωτι
742 407 943 461 τετράδι
966 408 1092 459 φασιν
1112 405 1239 449 αὐτὸν
1267 391 1640 481 (Ἀριστοφάνη)
1669 422 1742 462 γε·

162 465 362 518 νέσθαι,
394 464 457 505 διὸ
479 464 548 506 τὸν
575 466 668 519 βίον
688 463 928 518 κατέτριψεν
961 464 1105 519 ἑτέροις
1135 471 1288 507 πονων.
1320 466 1362 506 οἷ
1383 481 1458 520 γαρ
1479 461 1636 520 τετράδι
1651 479 1743 520 γεν·
1767 506 1771 514 ,

161 538 330 575 νωμενοι
362 524 581 572 πονοῦντες
612 523 746 571 ἄλλοις
779 527 1040 577 καρποῦσθαι
1059 522 1319 577 παρέχουσιν.
1351 525 1403 564 cf.
1426 525 1677 577 Aristonym.
1700 525 1740 564 4.

367 692 628 749 ναύκληρος
935 637 963 680 6

275 775 341 815 καὶ
372 774 436 816 ἐπὶ
467 781 537 816 τοῦ
565 774 876 829 μεμισθωμένον
906 775 972 817 ἐπὶ
1003 782 1061 833 τῷ
1092 775 1138 817 τὰ
1171 775 1323 817 &volum
1354 773 1584 830 ἐκλέγειν’“
1555 792 1582 829 η
1612 775 1743 826 οἰκίας

158 830 186 885 ἢ
217 833 444 883 συνοικίας,
476 830 531 882 ὥς
564 833 682 886 δηλοῖ
707 864 716 873 .
750 865 759 874 .
791 864 800 874 .
832 834 901 875 καὶ
931 834 1174 889 Σαννυρίων
1207 834 1366 876 Γέλωτι.
1413 835 1654 887 Harpocrat.

938 947 962 990 7

365 1028 687 1069 πολιτοκοπεῖν
717 1028 785 1069 καὶ
815 1029 1114 1070 πολιτοκοπία

273 1106 328 1155 ὡς
360 1109 606 1162 Σαννυρίων
637 1108 799 1150 Γέλωτι.
849 1111 994 1152 Pollux
1025 1113 1062 1160 9,
1098 1112 1164 1151 26.
1215 1124 1297 1151 non
1328 1111 1496 1163 adparet
1525 1112 1742 1162 utrumque

158 1180 208 1206 an
240 1168 413 1207 alterum
443 1170 603 1208 tantum
636 1181 683 1207 ex
715 1169 968 1221 Sannyrione
998 1169 1257 1220 excerpserit

862 1305 1030 1340 ΔΔΝΔΗ

277 1375 449 1414 Meinek.
472 1375 491 1413 I
515 1376 609 1415 264.
644 1376 694 1415 ad
727 1375 790 1417 01.
815 1378 867 1415 93
898 1375 1148 1415 referendam
1181 1388 1267 1416 esse
1289 1378 1424 1416 censet
1444 1375 1618 1416 Cobetus
1641 1373 1740 1416 Oba.
1798 1362 1803 1368 ⁴

160 1432 253 1470 crit.
287 1434 336 1471 51
373 1433 474 1472 conl.
508 1432 688 1473 Clinton.
721 1434 830 1474 Fast.
863 1433 968 1473 Hell.
1000 1434 1052 1473 87
1084 1433 1237 1486 Krueg.

933 1545 959 1588 8

364 1626 411 1667 τί
438 1619 524 1668 οὖν
554 1623 802 1681 γενόμενος
832 1625 895 1675 εἰς
925 1623 1044 1682 ὀπὴν
1075 1623 1348 1682 ἐνδύσομαι;

364 1692 595 1750 ζητητέον·
628 1692 733 1751 φέρ’
768 1694 809 1736 εί
837 1695 1057 1750 γενοίμην
1086 1696 1281 1751 μυγαλῆ.

364 1760 467 1804 ἀλλ’
496 1758 736 1818 Ἡγέλοχος
765 1755 900 1814 οὗτός
929 1778 983 1819 με
1014 1762 1262 1820 μηνύσειεν
1293 1757 1351 1806 ἂν

364 1828 387 1873 ὁ
419 1830 631 1887 τραγικὸς
661 1826 916 1887 οἷνακράγοι
947 1829 986 1874 τ’
1021 1831 1082 1874 ἄν
1113 1832 1176 1882 εἰς
1207 1831 1406 1888 ἐχθρούς
1434 1832 1550 1887 μέγα

314 1908 335 1940 5
368 1898 437 1942 ἐκ
469 1900 686 1956 κυμάτων
716 1898 802 1955 γὰρ
834 1892 970 1951 αὖθις
1000 1895 1061 1944 αὖ
1076 1902 1239 1957 γαλῆν
1270 1898 1392 1956 ὁρω.’

273 1994 406 2034 Schol.
438 1995 579 2046 Eurip.
613 1994 746 2036 Orest.
779 1997 860 2036 279
892 1994 1177 2050 κεκωμῴδηται
1215 1991 1236 2036 ὁ
1269 1995 1400 2048 στίχος
1431 1992 1500 2036 διὰ
1525 1991 1740 2049 Ἡγέλοχον

157 2048 228 2089 τὸν
265 2047 508 2104 ὑποκριτήν·
547 2048 596 2091 οὐ
633 2049 707 2105 γὰρ
745 2051 966 2104 φθάσαντα
1004 2052 1152 2093 διελεῖν
1181 2052 1255 2106 τὴν
1285 2049 1560 2106 συναλοιφήν,
1591 2049 1734 2093 ἐπιλεί-

158 2116 311 2157 ψαντος
343 2114 414 2148 τοῦ
444 2107 695 2161 πνεύματος,
727 2113 808 2157 τοῖς
837 2107 1107 2163 ἀκροωμένοις
1138 2109 1215 2184 τὴν
1243 2113 1372 2181 γαλῆν
1401 2109 1516 2161 δόξαι
1545 2107 1676 2163 λέγειν
1695 2104 1738 2152 τὸ

158 2166 279 2219 ζῷον,
319 2162 406 2206 ἀλλ’
448 2162 535 2218 οὐχὶ
574 2164 620 2206 τὰ
660 2163 823 2219 χαληνα.
872 2166 1008 2207 πολλοὶ
1044 2165 1120 2219 μὲν
1155 2162 1233 2209 οὖν
1261 2164 1387 2208 αὐτὸν
1416 2166 1629 2239 διέπαιξαν
1658 2172 1740 2209 τῶν

155 2227 342 2274 κωμικῶν
388 2253 398 2263 .
441 2253 449 2261 .
493 2254 502 2263 .
549 2223 617 2264 καὶ
661 2224 908 2278 Σαννυρίων
947 2223 992 2265 ἐν
1031 2223 1178 2292 Δανάῃ
1211 2228 1292 2267 κτλ.
1423 2229 1459 2266 1.
1500 2224 1540 2265 τί
1570 2218 1645 2264 οὖν
1681 2225 1735 2282 Β]

157 2280 197 2318 τί
221 2277 275 2319 α“ν
305 2281 337 2320 Ι
446 2283 484 2323 2.
516 2279 702 2348 ζητητέον
743 2296 819 2323 0111.
862 2283 895 2322 I.
926 2278 1034 2337 φέρ’]
1076 2281 1178 2337 φέρ
1208 2284 1270 2336 (‘i.
1310 2297 1344 2324 e.
1383 2281 1534 2336 φέρων’
1574 2283 1736 2338 Dindf.)

156 2338 212 2376 M.
262 2340 420 2390 μυγαλῆ
450 2340 584 2379 110εο10
616 2341 706 2391 quis
737 2340 843 2391 apud
874 2338 1028 2394 Dindf.]
1059 2343 1174 2394 γαλῆ.
1201 2339 1318 2408 γαλὴ
1339 2343 1391 2382 M.
1482 2342 1519 2380 3
1551 2333 1668 2389 Οὗτος
1697 2345 1739 2384 et

158 2392 213 2433 ἄν
243 2408 322 2434 0111.
356 2396 401 2435 Β.
435 2396 466 2435 Ι.
499 2400 706 2447 praeterea
735 2394 939 2449 μεμήνυεν
968 2399 1025 2438 Μ.
1115 2400 1155 2438 4.
1186 2394 1407 2452 ἆνακράγοι
1436 2393 1473 2438 τ’
1506 2397 1655 2449 Bergk.
1686 2399 1736 2440 R.

157 2465 190 2491 0.
224 2454 310 2492 Att.
344 2451 444 2506 430]
478 2449 753 2526 ἅνακροὶγοιτῖ
815 2453 870 2503 εἰς
901 2447 1073 2520 ἐχθροὺς
1102 2453 1202 2509 μέγα
1242 2455 1435 2508 (fortasse
1464 2455 1645 2496 ‘Arsenii
1673 2457 1733 2497 in-

155 2510 338 2549 ventum’
370 2508 529 2565 Dindf.)
561 2510 600 2564 I]
641 2505 760 2560 οὗτος
800 2506 962 2552 είσιδων
999 2510 1098 2566 μέγα
1129 2514 1218 2553 ΒΜ.
1271 2515 1320 2553 cf.
1360 2513 1493 2554 Schol.
1524 2513 1736 2566 Aristoph.

155 2566 249 2607 Ald.
281 2567 383 2606 Ran.
418 2569 512 2607 305.
544 2571 703 2621 μυγαλῆ
733 2569 800 2622 (cf.
839 2570 1014 2610 Lobeck.
1047 2571 1220 2622 Paralip
1252 2568 1354 2624 378)
1395 2583 1561 2622 prorsus
1601 2583 1736 2612 neees-

160 2624 332 2663 sarium:
365 2625 454 2672 felis
484 2627 590 2665 enim
622 2639 752 2677 neque
781 2628 823 2666 in
854 2627 1054 2667 foramina
1083 2628 1192 2679 fugit.
1219 2641 1352 2679 neque
1381 2629 1556 2667 terretur
1584 2628 1635 2667 ab
1663 2629 1734 2669 ho·

155 2681 286 2725 mine;
317 2683 493 2722 nitedula
512 2696 608 2723 vero
629 2684 720 2723 felis
743 2684 1104 2735 adpropinquantis
1124 2685 1265 2724 111111ῢί0
1292 2684 1435 2724 territa
1453 2685 1601 2724 rimam
1618 2697 1736 2736 quae-

155 2738 223 2778 rit.
269 2740 483 2788 postquam
529 2741 729 2780 Dindorfii
775 2742 940 2781 meliora
985 2742 1136 2786 scholia
1182 2742 1394 2790 habemus,
1441 2742 1544 2780 nihil
1588 2743 1736 2783 attinet

157 2795 331 2834 refutare
361 2795 676 2836 Herwerdenum
706 2798 828 2837 Anal.
849 2800 936 2838 crit.
965 2799 1033 2840 40.
1064 2799 1246 2850 loquitur
1275 2801 1408 2838 autem
1428 2799 1623 2850 Iuppiter,
1654 2812 1734 2851 quo

156 2851 274 2891 modo
307 2851 356 2891 ad
387 2853 553 2893 Danaen
583 2855 792 2905 perveniat
821 2855 1090 2896 considerans.
1121 2856 1269 2908 Bergk.
1301 2855 1348 2894 R.
1379 2868 1410 2895 0.
1440 2855 1526 2897 Att.
1555 2856 1654 2896 430.
