1872 3224
211 200 295 243 352
591 208 594 211 ·
842 195 1141 230 ΕΤΠΟΛΙΔΟΣ

211 305 316 355 apud
347 303 538 343 Fritzsch.
574 302 620 349 Q.
644 301 771 340 Arist.
794 297 896 363 223]
929 297 1164 351 Σωκράτην.
1199 298 1535 352 olympiodorum
1564 300 1791 343 Meinekius
1836 300 1838 304 '

209 362 415 412 scripsisse
437 362 572 399 censet
591 357 698 410 μισῶ
719 353 757 396 δ’
783 351 858 410 ἐγώ
889 355 957 396 καὶ
988 354 1225 409 Σωκράτην.
1277 357 1493 398 dimetrum
1524 358 1632 398 inter
1661 360 1801 402 tetrae.
1835 373 1838 380 ·

208 422 355 458 metros
387 418 521 468 posuit
552 418 671 455 etiam
703 415 911 466 Aristoph.
938 415 1047 454 Eccl.
1070 415 1218 454 483—
1231 415 1325 456 485.
1355 415 1404 454 ad
1427 415 1670 457 Adulatores
1695 429 1787 468 pro·

209 476 399 514 habiliter
429 474 588 514 rettulit
618 473 820 524 Bergkius
851 472 900 512 R.
932 485 966 513 c.
997 472 1086 514 Att.
1119 473 1217 512 353.

957 608 1041 650 353

407 697 508 742 ἀλλ’
542 698 808 779 ἀδολεσχεῖν
839 697 983 742 αὐτὸν
1016 697 1279 752 ἐκδίδαξον,
1312 692 1350 740 ὦ
1380 696 1589 755 σοφιστά.

321 796 503 847 Etymol.
535 810 586 836 m.
622 797 687 845 18,
720 796 745 835 8
778 791 841 834 διὸ
871 792 940 834 καὶ
970 789 1187 846 ἆδολέσχας
1222 791 1313 841 τοὺς
1352 791 1554 844 φυσικοὺς
1594 791 1782 847 ἐκάλουν,

202 850 304 905 λέγει
334 849 377 891 δ’
406 849 573 905 Ὠρίων·
604 851 672 892 καὶ
701 850 926 921 Σωκράτην
954 849 1114 902 πτωχὸν
1133 847 1355 903 ἀδολέσχην
1384 848 1462 903 ἔφη
1482 849 1686 901 Εὔπολις·
1716 851 1786 894 καὶ

204 907 248 949 ἐν
276 907 410 957 σίλλοις
440 907 670 962 ἀδολεσχεῖν
699 906 825 950 αὐτὸν
854 912 935 949 κτλ.
967 905 1053 949 ἀλλ’
1061 910 1212 961 ‚quod
1242 909 1415 949 addebat
1445 909 1689 961 Meinekius,
1722 923 1784 951 80·
1867 918 1872 930 “’

203 969 323 1008 cessit
353 981 401 1007 ex
430 969 517 1008 cod.
551 968 623 1008 Va.
658 969 707 1008 ad
741 968 890 1019 Caprae
919 967 1122 1008 referebat
1152 966 1300 1018 Bergk.
1331 966 1381 1006 R.
1410 979 1445 1007 ο.
1475 969 1566 1007 Att.
1597 964 1694 1008 334.

952 1114 1038 1157 354

317 1205 455 1250 οὐδὲν
486 1205 621 1250 κενὸν
654 1204 851 1263 τρύπημ’
884 1202 943 1248 ἄν
975 1205 1026 1249 ἐν
1065 1212 1163 1256 ταῖς
1192 1205 1355 1254 οἰκίαις
1385 1203 1444 1248 αν
1476 1202 1641 1260 εὕροις.

315 1302 495 1354 Etymol.
528 1316 582 1342 m.
617 1303 710 1351 726,
745 1303 800 1342 53
831 1299 1020 1341 aramei·
1053 1293 1096 1340 τὸ
1125 1305 1254 1354 τρῆμα
1284 1298 1355 1340 τοῦ
1383 1297 1600 1352 πελέκεως,
1639 1297 1696 1340 δι’
1727 1295 1781 1342 οὗ

204 1353 247 1397 τὸ
277 1356 438 1399 στελεὸν
469 1356 677 1411 ἐνείρεται,
709 1356 764 1411 ἢν
793 1357 949 1424 τρήμην
975 1355 1144 1398 Ἀττικοὶ
1172 1355 1358 1410 λέγουσιν
1389 1388 1398 1397 .
1432 1388 1442 1398 .
1475 1388 1483 1396 .
1514 1355 1583 1398 καὶ
1611 1350 1656 1398 τὸ
1687 1357 1777 1412 τρύ-

197 1429 310 1467 πημα
340 1414 404 1468 δέ,
437 1412 492 1464 ὥς
529 1414 710 1464 Εὔπολις
741 1418 821 1456 κτλ.
853 1410 975 1456 κενὸν
997 1439 1047 1445 -
1070 1431 1126 1455 αν
1164 1413 1209 1455 ἐν
1230 1437 1285 1443 —
1306 1428 1439 1464 ευροις
1470 1415 1637 1459 Porsen.
1670 1417 1776 1458 Adv.
1792 1448 1794 1450 v

200 1471 302 1525 285]
340 1471 486 1513 καινὸν
516 1496 572 1503 -
602 1471 646 1514 ἕν
677 1497 727 1503 -
759 1471 893 1528 εὕρῃς.
934 1468 1056 1526 εὗρον
1092 1474 1178 1514 cod.
1218 1473 1367 1513 Milleri
1400 1471 1626 1526 (Melanges
1658 1471 1775 1548 271).

198 1531 248 1569 ad
278 1532 521 1571 Adulatores
553 1530 622 1586 (fr.
659 1528 760 1586 158)
790 1532 915 1571 refert
945 1531 1116 1572 Meinek.

947 1667 1032 1710 355

340 1755 508 1800 ταύτὸν
538 1764 661 1800 ποιεῖ
687 1757 740 1800 τό
770 1755 811 1799 τ’
841 1755 1043 1800 Ἀττικόν
1073 1758 1135 1813 τῷ
1167 1758 1274 1812 ζῆλοι
1306 1755 1638 1811 συγκεραννύς.

310 1851 575 1892 Choerobosc.
598 1853 770 1892 Bekker
795 1853 944 1892 Anecd.
971 1854 1096 1892 1187.
1127 1851 1343 1891 Herodian.
1364 1851 1406 1890 II
1427 1853 1521 1900 666,
1547 1852 1599 1891 23
1630 1852 1770 1892 Lentz.

193 1904 214 1947 ὁ
246 1908 357 1956 ζελᾶς
388 1913 459 1948 τοῦ
489 1908 579 1957 ζελά
611 1914 664 1965 τῷ
701 1908 790 1957 ζελά
831 1907 956 1963 (οὕτω
986 1906 1032 1948 δὲ
1068 1906 1220 1975 λέγεται
1258 1906 1358 1947 κατὰ
1398 1905 1559 1963 Θρᾷκας
1590 1904 1612 1947 ὁ
1642 1901 1772 1963 οἶνος)

193 1963 262 2004 καὶ
293 1964 436 2005 τούτου
467 1963 491 2018 ἡ
523 1951 660 2017 δοτικὴ
694 1963 920 2019 εὑρίσκεται
949 1962 1060 2019 παρ’
1094 1959 1351 2020 Εὐριπίδῃ
1405 1964 1498 2018 ωρὶς
1529 1970 1602 2005 τοῦ
1633 1974 1659 2008 τ.
1699 1977 1772 2006 συ-

192 2024 343 2062 στεῖλαι
374 2020 448 2076 γὰρ
479 2022 724 2076 βουλόμενος
755 2021 798 2064 τὸ
827 2039 853 2063 α
885 2020 932 2064 οὐ
953 2021 1208 2076 προσέγραψε
1230 2021 1272 2062 τὸ
1296 2031 1328 2072 ῖ,
1359 1979 1420 2062 0ῗο
1399 2035 1464 2062 ον·
1498 2019 1646 2063 ταύτὸν
1663 2026 1777 2064 ποιεῖ

193 2078 236 2119 τό
267 2076 303 2118 τ’
328 2076 505 2120 Ἀττικὸν
535 2086 588 2136 τῷ
619 2080 729 2129 ζελά·
762 2079 842 2121 σὺν
871 2076 945 2135 γὰρ
975 2084 1198 2134 κεραυνοῖς.
1250 2082 1347 2121 haec
1376 2081 1483 2132 apud
1514 2080 1771 2122 Gaisfordum

191 2138 327 2188 Etym.
350 2152 402 2180 m
423 2139 548 2189 praef.
562 2122 584 2178 ‘7
609 2153 657 2178 ex
678 2138 820 2179 Cobeti
841 2139 925 2180 cod.
948 2139 1149 2179 Marciano
1172 2139 1254 2179 489
1276 2138 1333 2178 sic
1353 2133 1624 2178 scribuntur‘
1606 2152 1628 2177 ο
1648 2133 1767 2189 ζήλοις

193 2199 264 2233 τοῦ
293 2189 389 2246 ζήλα
422 2193 543 2248 (οὕτω
575 2218 625 2224 -
649 2191 670 2235 ὅ
702 2193 850 2251 ὄνος),
882 2194 949 2236 καὶ
979 2211 1007 2235 τ.
1042 2192 1127 2245 εὕρ.
1157 2191 1183 2247 ἡ
1205 2194 1241 2237 δ.
1262 2192 1392 2247 παρὰ
1425 2199 1486 2250 τῷ
1517 2190 1771 2235 Εὐπόλιδι

190 2250 308 2319 χωρὶς
332 2257 435 2292 τοῦι
424 2251 524 2291 ῐδιά
546 2251 589 2292 τὸ
608 2251 765 2318 μέτρον.
790 2251 939 2300 ἐκεῖνος
959 2251 1034 2319 γὰρ
1054 2253 1094 2306 β.
1118 2250 1160 2292 τὸ
1179 2255 1208 2291 ἅ
1228 2263 1262 2294 σ.
1283 2248 1332 2292 οὐ
1348 2265 1414 2306 πρ.
1433 2267 1467 2292 τ.
1492 2261 1515 2290 ῖ.
1547 2263 1768 2304 συγκεραν-

190 2304 264 2356 νύς
293 2310 414 2350 Dind.
431 2306 587 2362 Eurip.
619 2312 666 2350 fr.
697 2311 773 2350 inc.
815 2310 978 2351 CXCIII
1015 2311 1057 2351 in
1095 2311 1209 2351 Poet.
1247 2323 1353 2350 scen.
1393 2323 1456 2362 gr.
1494 2309 1765 2361 Lips.1830.

190 2366 283 2406 fort.
315 2371 369 2421 τῷ
407 2365 512 2414 ζειλᾶ
544 2368 696 2407 Nauck.
729 2368 848 2419 Trag.
886 2381 946 2419 gr.
986 2368 1034 2407 fr.
1066 2368 1191 2419 praef.
1229 2367 1299 2407 XI.
1338 2367 1506 2407 Photius
1545 2364 1765 2420 (indicatus

191 2423 240 2462 ab
271 2424 412 2464 Ebelio
445 2425 618 2466 Meinek.
650 2425 687 2463 V
717 2439 755 2476 p.
788 2424 1032 2478 LXXXVII)
1064 2426 1168 2473 ζειλα
1197 2420 1315 2479 (sie)·
1355 2421 1425 2463 τὸν
1453 2417 1565 2462 οἶνον
1594 2423 1636 2463 οἱ
1662 2421 1766 2479 Θρᾷ·

189 2493 269 2527 κες.
301 2481 475 2533 Hesych.
507 2481 629 2529 ζίλαι·
662 2478 684 2521 ὁ
715 2476 822 2530 οἶνος
852 2479 960 2535 παρὰ
997 2480 1132 2537 Θραξί.
1180 2481 1404 2521 Miklosich.
1435 2480 1568 2520 Leitic.
1601 2480 1763 2521 Sloven.

188 2540 269 2576 vet
302 2538 394 2578 dial.
427 2541 482 2579 50
513 2539 634 2580 ‘zelen
663 2537 820 2590 ὅμφαξ,
851 2552 931 2579 uva
959 2540 1187 2588 inmatura’,
1228 2540 1276 2578 ut
1305 2538 1411 2589 apud
1439 2537 1614 2578 Polonos
1643 2537 1762 2578 hodie

189 2607 347 2645 quoque
378 2609 422 2634 ea
451 2596 563 2636 radix
594 2594 780 2647 (zielony)
809 2597 974 2637 viridem
1003 2569 1218 2648 significa’t.
1257 2595 1354 2646 quid
1383 2594 1559 2645 Eupolin
1591 2607 1762 2636 commo-

188 2652 292 2690 verit
320 2656 366 2691 ut
395 2653 533 2692 vinum
563 2654 627 2693 hic
646 2654 860 2705 peregrino
882 2654 1114 2705 civibusque
1145 2653 1227 2693 suis
1249 2652 1390 2702 ignoto
1416 2651 1611 2691 vocabulo
1633 2652 1761 2692 nomi-

187 2710 302 2747 naret
331 2710 541 2749 nescimus.
574 2711 623 2750 de
643 2711 842 2752 sententia
862 2710 913 2750 cf.
938 2709 1229 2750 Schneidewin.
1252 2708 1385 2751 Goett.
1407 2709 1487 2760 gel.
1509 2708 1610 2748 Anz.
1638 2708 1759 2758 1848,

191 2766 312 2806 1794.
368 2766 526 2806 videtur
563 2768 638 2808 hoc
676 2769 824 2808 dicere:
864 2768 956 2818 ‘qui
994 2768 1210 2808 scintillam
1247 2766 1290 2806 in
1328 2765 1535 2805 materiem
1564 2765 1760 2819 iniecerit,

188 2835 379 2873 magnum
410 2823 639 2863 incendium
669 2825 874 2864 excitabit.
924 2827 1040 2874 atque
1074 2826 1176 2865 idem
1212 2823 1310 2872 facit
1339 2824 1408 2872 qui
1436 2825 1626 2863 naturam
1655 2820 1760 2863 Atti-

188 2891 275 2919 cam
303 2881 396 2919 vino
426 2878 590 2920 miscet'.
622 2875 811 2921 ταύτὸν
840 2884 978 2921 ποιεῖ
1000 2877 1051 2920 θ’
1085 2875 1106 2921 ὃ
1137 2877 1373 2921 τάττικὸν
1401 2881 1483 2919 κτλ.
