1872 3224
622 209 852 244 ΠΕΔΗΤΑΙ
876 227 923 235 -
947 210 1125 245 ΣΑΜΙοΙ
1595 210 1677 254 139

135 318 272 365 ναῖκες
317 313 488 365 ἕπαιξαν
525 315 574 355 αἴ
605 314 728 354 καλαί
763 311 799 354 τ’
841 312 1108 370 ὀρχηστρίδες.
1155 317 1206 357 Η.
1243 317 1379 357 Iacobi
1423 312 1678 370 ὀρχηστρίδες

8 394 10 399 ·
66 393 98 433 j·
132 371 261 428 μναί-
258 370 312 414 -’τ
359 371 533 423 ἕπαιξαν
577 371 645 413 καὶ
684 372 818 426 καλαί,
856 375 935 414 adl.
976 375 1098 415 simul
1137 374 1248 416 Cass.
1288 376 1408 416 Dion.
1443 376 1508 424 62,
1549 376 1573 414 2
1605 371 1680 426 τήν

6 432 7 437 ’
67 441 124 481 ,ἰε
158 429 290 485 κόμην
320 429 559 485 ..μέχρι
590 446 673 471 των
711 433 894 484 γλουτῶν
932 434 1111 472 καθεῖτο.
1143 433 1297 484 primus
1327 434 1499 474 formam
1537 430 1680 482 ἔπαιξα

30 495 38 543 '3
58 488 235 550 {Atticis
262 490 502 531 inusitatam
531 503 620 530 esse
649 489 892 531 Fritzschius
925 491 1235 543 animadvertit,
1277 492 1346 543 qui
1385 492 1446 531 De
1482 504 1584 531 eom.
1616 505 1677 543 gr.

3 578 9 582 -
54 550 198 591 {1⁸.ss
235 550 483 589 tessrametris
522 562 618 588 usus
657 545 814 604 ἐπῇξαν
865 546 916 587 αι’
953 545 987 587 τ’
1027 545 1108 601 ὀρχ.
1150 546 1294 588 κᾶλλαι
1333 547 1451 588 καλαὶ
1488 551 1680 601 γυναῖκες

48 603 98 664 Ι
121 603 235 661 μέχρι
264 604 344 646 τῶν
372 620 409 646 κ.
441 621 474 649 τ.
506 621 563 660 τρ.
595 620 634 646 κ.
665 629 691 647 υ
715 643 739 648 -
764 630 807 648 υ.
847 610 890 646 at
919 607 1174 647 scribendum
1207 609 1268 647 esf,
1297 607 1522 647 mutatione
1553 620 1679 658 paene

52 666 197 707 ..nulla
233 662 440 713 ἔπαιζον
476 664 532 705 αἱ
565 666 812 718 γυναῖκες
856 662 956 716 ἅμα
994 660 1030 703 τ’
1074 660 1332 717 ὀρχηστρίδες
1367 665 1373 716 1
1407 663 1576 713 καλαί,
1611 660 1678 704 ’πι

49 737 167 776 aum.
198 725 280 763 κτλ.
320 723 372 764 cf.
394 723 541 775 Eurip.
574 723 714 763 Bacch.
742 723 840 763 695.
871 723 962 774 Iph.
986 723 1030 763 Τ.
1053 723 1121 762 52.
1153 723 1364 773 Aristoph.
1388 723 1548 763 Thesm.
1581 723 1677 763 841.

5 820 7 822 ,
79 781 299 830 Philetaer.
335 782 402 822 18.
442 782 491 822 de
528 794 627 823 voce
657 779 817 834 κοχώνη
848 781 1023 824 Lobeck.
1054 781 1214 824 Pathol.
1247 781 1361 821 elem.
1391 781 1412 821 I
1446 782 1528 821 170
1543 794 1600 833 sq.

859 941 918 985 28

357 1020 454 1080 ἥξει
484 1022 535 1066 δὲ
565 1023 734 1079 ταχέως
764 1019 993 1079 ἀργυρίου
1024 1023 1196 1079 χλῆδον
1227 1021 1386 1079 λαβών

23 1139 28 1161 ;
198 1119 295 1159 Lex
330 1120 746 1172 Seguer.}3achm.1
767 1120 864 1170 419,
890 1121 913 1159 6
944 1113 1109 1171 χληδός·
1142 1112 1191 1157 ὃν
1211 1118 1252 1158 οἱ
1268 1116 1406 1158 πολλοὶ
1426 1115 1521 1170 χλάς
1544 1114 1680 1170 λέγου-

19 1202 25 1207 -
82 1187 162 1217 σιν.
195 1173 355 1231 Κρήτης
379 1177 540 1245 ταμίας·
572 1175 659 1229 ἥξει
689 1179 773 1217 κτλ.
804 1177 1002 1218 indicavit
1030 1177 1084 1216 H.
1108 1176 1245 1216 Iacobi
1266 1177 1364 1217 ibid.
1398 1172 1562 1229 Κράτης
1588 1172 1681 1214 Τόλ-

6 1238 15 1262 -’
79 1249 174 1290 μαις
205 1235 447 1289 Bernhardy
484 1237 527 1276 in
559 1236 671 1276 Suid.
703 1234 851 1288 χλίδος.
893 1232 1057 1306 Κράτης
1079 1235 1249 1286 Σαμίοις
1270 1237 1378 1275 recte
1398 1234 1547 1274 Iacobi.
1581 1234 1681 1272 Har—

0 1300 27 1355 ξ’
82 1307 195 1347 poer.
226 1292 392 1346 χλῆδος’
424 1298 511 1334 πᾶν
540 1296 700 1347 πλῆθος
731 1292 879 1346 χλῆδος
909 1290 1084 1347 λέγεται,
1115 1290 1183 1332 καὶ
1203 1290 1312 1332 ἔστιν
1333 1286 1421 1331 οἷον
1449 1290 1578 1344 σωρός
1607 1305 1680 1341 τις,

83 1350 256 1403 μάλιστα
286 1348 332 1392 δὲ
362 1350 406 1391 τὸ
437 1357 519 1392 τῶν
548 1347 908 1406 ἀποκαθαρμάτων
937 1366 978 1392 τε
1009 1349 1077 1390 καὶ
1114 1347 1410 1403 άποψημάτων,
1442 1347 1510 1389 καὶ
1539 1345 1564 1401 ἡ
1598 1353 1679 1388 τῶν

81 1415 277 1476 ποταμῶν
303 1405 505 1477 πρόχωσις
530 1409 598 1451 και
618 1408 721 1450 πολὺ
751 1411 905 1463 μᾶλλον
935 1413 1016 1450 τῶν
1046 1407 1284 1462 χειμάρρων.
1315 1409 1492 1460 Hesych.
1514 1406 1680 1459 χλῆδος·

10 1514 14 1522 ¹
83 1460 212 1522 σωρὸς
241 1461 323 1508 άπὸ
351 1466 629 1523 καθαρμάτων
658 1467 726 1509 καὶ
755 1465 780 1522 ἡ
813 1483 897 1508 των
924 1472 1119 1520 ποταμῶν
1148 1465 1371 1520 πρόχωσις,
1411 1462 1435 1506 ὃ
1472 1463 1541 1505 καὶ
1571 1463 1681 1518 χέρα-

2 1545 11 1589 1‘
83 1526 154 1576 δος
184 1528 374 1567 καλεῖται.
408 1528 459 1568 ef.
492 1528 680 1580 Aeschyl.
714 1528 764 1568 fr.
800 1528 851 1567 16
880 1527 932 1566 N.
965 1525 1176 1569 Demosth.
1208 1526 1279 1575 55,
1315 1526 1382 1564 22.
1433 1524 1482 1565 de
1513 1525 1680 1564 accentu

83 1585 135 1627 cf.
165 1585 389 1626 Herodian.
419 1586 440 1626 I
472 1586 568 1636 142,
602 1587 626 1626 6
659 1585 799 1626 Lentz.

293 1804 487 1861 σκυτίνῃ
518 1801 621 1847 πότ’
658 1803 709 1846 ἐν
739 1801 885 1860 χύτρα
915 1800 1097 1859 τάριχος
1127 1795 1432 1856 ἐλεφάντινον
1483 1815 1494 1826 ·

293 1867 384 1929 ἧψε
415 1871 606 1924 ποντιὰς
635 1871 812 1928 χελώνη
843 1872 1104 1915 πευκίνοισι
1135 1870 1355 1925 κύμασιν,

296 1944 510 1998 καρκίνοι
540 1940 798 1998 ποδήνεμοί
822 1956 870 1983 τε
901 1940 977 1983 καὶ
1007 1939 1287 1995 τανύπτεροι
1319 1936 1451 1980 λύκοι

294 2010 593 2068 ὑσοριμαχεῖν
623 2009 789 2067 ἄνδρες
818 2007 1024 2065 οὐρανοῦ
1054 2009 1328 2064 καττύματα.

241 2091 263 2123 5
294 2079 394 2125 παῖ’
428 2080 644 2135 ἐκεῖνον,
664 2077 772 2136 άγχ’
805 2077 999 2123 ἐκεῖνον.
1053 2077 1105 2122 έν
1135 2077 1238 2135 Κέῳ
1267 2078 1336 2127 τίς
1365 2074 1531 2133 ἡμέρας

203 2178 436 2219 Athenaeus
467 2177 662 2227 3,117b
694 2172 913 2229 παρέλιπεν
943 2171 965 2214 ὁ
999 2171 1149 2225 τένθης
1176 2170 1457 2226 Ἀρχέστρατος
1487 2181 1683 2238 συγκατα-

87 2234 194 2285 λέξαι
222 2232 323 2288 ἡμῑν
352 2232 421 2275 καὶ
450 2231 494 2275 τὸ
524 2248 634 2287 παρα
664 2233 891 2292 Κράτητι
874 2232 927 2288 τῷ
956 2231 1245 2287 κωμῳδιοποιῷ
1287 2227 1329 2269 ἐν
1370 2228 1539 2282 Σαμίοις
1570 2224 1683 2294 λεγό-

86 2309 211 2347 μενον
230 2291 494 2344 ἐλεφάντινον
515 2290 688 2344 τάριχος,
720 2290 811 2344 περὶ
840 2285 891 2331 οὗ
921 2301 1070 2343 φησιν·
1113 2288 1281 2343 σκυτίνῃ
1311 2289 1394 2327 κτλ.
1447 2289 1485 2328 2.
1516 2300 1684 2335 ποντιας

88 2351 261 2405 χελώνη]
294 2349 462 2399 ποντίας
490 2346 667 2403 χελώνης
688 2350 873 2390 Erfurdt.
898 2349 1066 2391 observ.
1089 2349 1187 2388 450.
1249 2349 1287 2388 3.
1310 2342 1534 2397 ποδήνεμοι
1562 2346 1683 2384 male-

88 2412 158 2451 baiz
187 2407 384 2462 Meinek.]
424 2404 657 2461 ποδάνεμοι.
719 2410 757 2448 5.
798 2405 843 2447 ἐν
880 2404 971 2461 Κέῳ
1011 2406 1069 2454 τίς
1112 2402 1336 2457 Porsonus]
1383 2401 1591 2469 ἐγκαιῶτις
1633 2403 1683 2442 A.

89 2468 264 2520 Hesych.
307 2465 351 2506 έν
388 2463 479 2521 Κέῳ
517 2465 575 2514 τίς
612 2462 761 2518 ἡμέρα;
800 2462 865 2505 ἐπὶ
903 2479 986 2504 των
1022 2460 1097 2503 οὐκ
1138 2459 1390 2532 εἫύγνώστων.
1430 2454 1561 2507 οὐδεὶς
1606 2474 1682 2512 γαρ

89 2520 200 2566 οἶδεν
230 2522 275 2565 ἐν
304 2521 396 2580 Κέῳ
426 2523 486 2572 τίς
515 2517 666 2577 ημέρα,
698 2538 759 2563 οτι
789 2518 861 2574 οὐχ
883 2520 1048 2562 ἑστᾶσιν
1076 2520 1124 2560 αἵ
1139 2517 1303 2572 ἡμέραι,
1334 2514 1422 2558 ἀλλ’
1447 2514 1501 2566 ὡς
1524 2515 1682 2557 εκαστοι

89 2581 282 2623 θέλουσιν
324 2565 511 2636 α’γουσιν.
559 2583 610 2622 ef.
651 2582 839 2634 Append.
871 2593 982 2632 prov.
1017 2577 1212 2633 (Leutseh
1242 2576 1281 2631 I)
1313 2578 1360 2626 2,
1395 2578 1462 2616 61.
1501 2576 1682 2615 traduxit

95 2641 269 2682 Cratetis
300 2642 576 2682 commentum
606 2640 816 2690 Aristoph.
849 2638 899 2678 fr.
933 2638 1029 2677 333.

206 2700 343 2751 griphi
374 2699 547 2749 speciem
579 2698 623 2737 in
651 2698 714 2738 his
744 2698 830 2736 iure
862 2694 1160 2746 deprehendere
1193 2693 1271 2733 sibi
1300 2691 1514 2733 videbatur
1535 2690 1682 2730 Caseu-

91 2758 243 2809 bonus,
274 2770 353 2807 quo
385 2769 474 2795 mea
503 2756 667 2807 quidem
698 2754 900 2795 sententia
930 2753 1059 2792 multo
1089 2752 1222 2790 minus
1243 2750 1346 2790 bene
1366 2763 1451 2788 rem
1473 2750 1687 2800 gesserunt

91 2814 293 2866 Bergkius
329 2815 380 2854 R.
411 2827 442 2854 e.
474 2814 563 2853 Atss.
595 2814 680 2853 280
718 2825 764 2852 ae
801 2811 980 2852 Oobetus
1018 2810 1069 2849 N.
1111 2810 1139 2847 l.
1175 2809 1268 2847 149.
1309 2808 1358 2846 de
1396 2808 1526 2846 metro
1566 2806 1684 2857 primi

93 2885 233 2913 versus
249 2872 474 2912 Meinekius
491 2870 667 2911 conferri
681 2870 797 2910 iubet
814 2868 1024 2918 Aristoph.
1046 2867 1143 2918 Lys.
1169 2866 1279 2906 1014
1292 2878 1351 2916 sq.
1384 2866 1427 2904 ab
1447 2864 1683 2914 Aristopha-

93 2942 164 2972 nes
186 2930 334 2982 viginti
355 2929 436 2970 duo
456 2941 597 2970 versus
619 2928 800 2968 eiusdem
820 2926 939 2967 metri
956 2924 1176 2974 coniunxit,
1199 2923 1242 2963 in
1259 2922 1434 2964 Cratetis
1455 2922 1683 2973 fragmento
