1872 3224
217 203 271 244 22
861 190 1108 226 ΚΡΑΤῙΝΟΤ

217 307 309 346 fecii]
349 306 397 344 U.
427 302 638 342 Koehlerus
678 299 827 348 (Herm.
869 295 906 333 V
937 290 1059 348 352),
1100 293 1168 343 qui
1205 292 1246 330 in
1286 291 1394 331 cultu
1430 287 1550 330 Isidis
1587 289 1770 330 Athenas

218 361 484 402 transferendo
514 358 739 408 Lycurgum
769 354 977 400 maiorem,
1012 350 1121 390 cuius
1160 347 1439 388 Demosthenis
1469 347 1675 412 aequalem
1703 358 1772 387 ne-
1854 374 1859 383 „

218 422 347 470 potem
378 429 459 456 esse
490 413 681 464 Bergkius
712 411 922 457 existimat,
952 409 1101 459 primas
1131 408 1263 457 partes
1295 405 1423 456 egisse
1454 405 1613 444 comest„
1665 404 1769 444 eebo-

218 489 303 514 rum
342 473 458 513 Isidis
494 473 540 509 ut
575 468 763 508 Bendidis
801 479 909 506 saera
946 464 1188 515 aliquamdiu
1223 462 1415 513 privatim
1452 461 1774 510 celebrabantur,

218 532 445 582 priusquam
474 527 631 578 publice
660 525 941 574 reciperentur.
974 522 1024 561 cf.
1047 521 1256 571 Ophelion.
1281 521 1318 558 6.
1341 541 1394 546 —
1416 519 1594 558 ‘videtur
1621 527 1772 570 pompa

219 587 394 634 describi,
426 586 466 623 in
486 597 561 634 qua
582 583 746 633 virginis
768 577 1016 632 διφροφόρου
1037 580 1170 628 partes
1192 578 1323 616 subire
1344 576 1508 615 iubetur
1527 572 1770 627 Lycurgus?

218 643 384 684 Meinek.
423 642 473 681 cf.
504 640 709 689 Hermipp.
742 639 807 676 26.
842 637 889 675 de
919 633 1080 676 calasiri
1110 634 1257 674 Herod,
1290 635 1328 682 2,
1360 634 1411 672 81
1453 629 1693 671 ἐνδεδύκασι
1727 627 1773 675 δὲ

220 695 463 751 (Αἰγύπτιοι)
501 699 723 741 κιθῶνας
760 691 959 740 λινέους
988 690 1102 743 περὶ
1132 689 1190 729 τὰ
1222 688 1399 729 σκέλεα
1429 686 1773 755 θυσανωτούς,

219 754 307 802 τοὺς
344 752 523 793 καλέουσι
561 751 774 803 καλασίρις.
833 750 933 793 Poll.
967 752 1012 796 7,
1045 751 1095 788 71
1134 746 1340 800 καλάσιρις
1376 745 1497 799 χιτών
1532 749 1772 814 θυσανωτος
1864 785 1872 810 ³.

220 809 446 864 Αἰγύπτιος.
504 811 617 849 Phot.
648 807 887 859 καλᾶσειρις·
926 804 1046 858 χιτὼν
1082 803 1232 852 πλατύς
1265 835 1274 844 .
1306 837 1313 845 .
1344 839 1352 847 .
1384 802 1511 852 οὕτως
1543 802 1770 857 Αἰγυπτιοι.
1836 822 1838 824 v
1865 838 1872 848 ,

223 870 327 908 solus
350 868 571 907 Athenaeus
603 865 686 918 (12,
709 866 789 904 525
807 861 850 917 d)
873 865 990 903 etiam
1021 860 1223 915 Περσικὰς
1259 861 1485 914 καλασίρεις
1506 863 1634 914 novit,
1654 859 1774 914 αἴπερ

223 923 295 964 εἰσὶ
325 923 524 963 κάλλισται
552 922 701 961 πασῶν.
733 922 782 960 cf.
815 922 940 961 Arist.
972 921 1021 960 fr.
1055 921 1149 969 320,
1184 922 1219 960 6.

968 1031 1020 1074 31

331 1128 459 1167 Schol.
487 1127 685 1177 Aristoph.
716 1125 833 1176 Vesp.
863 1126 944 1165 542
979 1124 1286 1176 Παναθηναίοις
1316 1125 1359 1165 οἱ
1382 1123 1560 1178 γέροντες
1591 1117 1770 1173 θαλλούς

219 1182 366 1235 ἔχοντες
397 1180 616 1234 ἐπόμπευον
639 1215 647 1223 .
671 1213 679 1222 .
704 1214 712 1222 .
735 1181 972 1233 μνημονεύει
1002 1182 1071 1221 τοῦ
1091 1181 1213 1230 ἔθους
1237 1181 1325 1236 (τοῦ
1346 1179 1634 1236 θαλλοφορεῐν)
1657 1181 1769 1235 Κρα-

219 1244 322 1287 τῖνος
353 1238 395 1278 ἐν
426 1237 627 1291 Δηλιάσιν.
684 1241 784 1279 Xen.
809 1240 945 1291 Symp.
970 1241 1008 1287 4,
1034 1242 1083 1279 17
1115 1239 1394 1292 θαλλοφόρους
1424 1233 1499 1292 γὰρ
1530 1239 1577 1294 τῇ
1604 1235 1765 1295 Ἀθηνᾷ

223 1290 313 1343 τοὺς
342 1295 484 1344 καλοὺς
514 1294 695 1349 γέροντας
726 1294 957 1348 ἐκλέγονται.
1716 1309 1718 1311 ’

961 1408 1016 1450 32

333 1501 499 1551 Hesyeh.
531 1500 647 1552 βοῦς
678 1498 728 1539 ἐν
756 1496 924 1555 αὐλίῳ·
955 1500 1143 1554 παροιμία
1174 1500 1238 1541 ἐπὶ
1270 1508 1351 1542 τῶν
1379 1499 1601 1555 ἀχρήστων.
1666 1503 1773 1556 Κρα-

222 1560 324 1604 τῖνος
357 1553 562 1607 Δηλιάσιν.
592 1558 757 1608 Diogen.
786 1560 824 1605 3,
855 1560 909 1598 70
941 1561 981 1598 et
1009 1560 1194 1609 Apostol.
1227 1562 1265 1608 5,
1301 1562 1353 1600 10
1382 1561 1508 1613 βοῦς
1540 1557 1593 1599 ἐν
1621 1555 1777 1617 αὐλίῳ

222 1610 393 1664 γέρων,
433 1611 494 1652 ἐπὶ
523 1619 601 1652 τῶν
631 1610 684 1652 δι’
716 1612 938 1654 ἀσθένειαν
966 1612 1259 1667 ἡσυχαζόντων.
1319 1617 1430 1657 Suid.
1464 1617 1562 1670 βοῦς
1585 1614 1630 1656 ἐν
1649 1612 1777 1677 adl-[9

224 1668 351 1724 κάθῃ·
382 1669 567 1721 παροιμία
597 1668 659 1710 ἐπὶ
687 1675 767 1710 τῶν
795 1668 1012 1724 ἀχρήστων.
1071 1674 1235 1725 Longus
1256 1675 1295 1722 4,
1320 1676 1384 1723 18,
1408 1677 1432 1714 3
1464 1670 1554 1714 οὐδ’
1587 1673 1624 1714 εἰ
1650 1671 1777 1727 μέλλω

224 1725 318 1775 βοῦς
365 1724 408 1765 ἐν
450 1723 571 1780 αὐλίῳ
607 1727 924 1769 καταλείπεσθαι.
984 1731 1104 1769 etiam
1141 1731 1190 1770 de
1235 1732 1291 1771 eis
1339 1732 1417 1772 dici
1461 1734 1530 1782 qui
1568 1733 1653 1772 suis
1695 1733 1780 1773 cari

226 1795 302 1822 esse
331 1784 534 1830 desierwnt,
565 1785 677 1824 docet
707 1785 914 1827 Villoison.

965 1898 1020 1940 33

336 1975 568 2016 Aristoteles
607 1977 730 2018 Bekk.
761 1993 799 2030 p.
833 1981 953 2029 1098,
988 1982 1039 2020 18
1083 1980 1167 2031 μία
1211 1975 1302 2034 γαρ
1346 1980 1557 2034 χελιδών
1597 1981 1681 2036 ἐάρ
1719 1979 1780 2024 οὗ

228 2034 366 2069 ποιεῖ.
398 2033 446 2070 ad
475 2046 572 2082 quae
603 2035 720 2074 schol.
753 2036 925 2079 Cramer.
959 2038 1107 2081 Anecd.
1139 2039 1229 2079 Par.
1260 2040 1280 2079 I
1315 2041 1406 2090 182,
1429 2041 1483 2079 24
1513 2037 1700 2092 κέχρηται
1729 2039 1779 2096 τῇ

167 2108 171 2113 ›
229 2086 412 2141 παροιμίᾳ
441 2090 632 2140 Κρατῖνος
662 2089 705 2130 ἐν
736 2091 942 2143 Δηλιάσιν.

967 2205 1024 2248 34

340 2291 460 2330 Bekk.
491 2294 635 2334 Anecd.
669 2296 733 2342 94,
766 2298 788 2335 7
829 2293 877 2345 ἐξ
913 2295 1084 2351 αὐτῆς·
1116 2296 1205 2340 ἀντὶ
1244 2303 1314 2340 τοῦ
1354 2308 1606 2356 παραχρῆμα.
1666 2303 1779 2356 Κρα-

231 2348 334 2392 τῖνος
365 2346 569 2397 Δηλιάσιν.
627 2351 797 2403 Hesyoh.
829 2352 1013 2406 ἐξαυτῆς·
1050 2357 1287 2410 παραυτίκα.
1339 2361 1388 2400 ef.
1419 2361 1594 2404 Lobeck.
1625 2360 1786 2412 Plu-yn.-

231 2402 282 2440 47
320 2403 407 2442 adn.
447 2406 484 2444 2.
523 2406 713 2447 Fritzsch.
750 2410 871 2453 Arist.
913 2413 1070 2453 Thesm.
1110 2416 1162 2454 87
1206 2413 1263 2468 (p.
1305 2415 1393 2468 25).
1441 2415 1607 2470 ἐξαυτῆς
1645 2420 1783 2460 ortum

232 2471 313 2497 esse
343 2472 389 2498 ex
419 2457 604 2513 ἐξαίφνης
635 2466 778 2505 conicit
807 2468 1063 2512 Herwerden.
1095 2470 1188 2512 Obs.
1221 2474 1310 2513 orit.
1342 2475 1381 2517 4.

970 2580 1026 2623 35

342 2662 465 2703 Bekk.
487 2665 633 2713 Anecd.
656 2670 720 2717 96,
746 2670 795 2708 14
826 2668 1111 2725 ἐγκυρῆσαι·
1142 2672 1231 2716 ἆντὶ
1261 2683 1331 2718 τοῦ
1353 2677 1544 2731 ἐντυχεῖν.
1577 2682 1780 2733 Κρατῖνος

236 2717 438 2767 Δηλιάσιν.
470 2722 519 2760 cf.
552 2723 688 2764 Suidas
718 2729 758 2765 et
787 2727 954 2770 Zonaras
987 2734 1081 2772 609.
1114 2731 1303 2787 ἐγκῦρσαι
1333 2737 1455 2788 Soph.
1488 2738 1551 2778 El.
1583 2739 1680 2778 863.

343 2787 500 2838 Fragm.
533 2791 611 2829 309
649 2793 698 2831 ad
735 2794 833 2834 hano
867 2797 1040 2839 fabulam
1077 2802 1277 2842 referebat
1311 2805 1512 2856 Bergkius
1543 2807 1591 2846 R.
1623 2819 1656 2846 c.
1689 2806 1779 2851 Att.

234 2841 300 2880 44.
332 2843 380 2881 ef.
412 2845 526 2884 etiam
555 2860 652 2899 quae
683 2850 730 2889 ad
759 2851 807 2891 fr.
840 2854 920 2894 180
948 2856 1145 2907 adnotavi,
1177 2862 1219 2898 et
1246 2858 1295 2899 fr.
1328 2863 1423 2903 378.
