1872 3224
186 195 239 236 28
831 181 1078 217 KPATINOT

188 313 260 338 ουκ
291 305 522 346 αναστησεις
554 293 680 343 βοτων
709 290 767 329 A„
788 283 860 326 οὐκ
897 281 1112 334 ἀναστήσει
1149 279 1290 320 Βάτων
1327 278 1474 344 13ergk.
1505 277 1562 343 Β..
1586 289 1618 318 c.
1649 276 1741 320 Ast.

190 358 254 395 67.
315 347 454 401 ὀὖτος,
485 347 715 393 καθεύδεις;
746 342 818 384 οὐκ
847 339 1097 392 ἆναστήσει’;
1128 339 1250 390 βοῶν,
1273 337 1432 387 ‘qmbus
1453 333 1743 401 verbm-nescio
1776 340 1781 347 '
1815 353 1819 357 ·

191 412 278 462 quis
308 411 475 459 aliquem
506 420 551 445 ex
581 416 717 444 somno
756 401 913 441 excitat'
953 398 1090 438 Cobet.
1121 397 1171 435 N.
1209 396 1236 434 1.
1278 397 1342 433 18.
1374 406 1475 443 quae
1512 393 1744 433 comeatum

188 468 388 518 aptissima
407 465 572 504 videtur.
595 460 733 500 Aesch.
754 459 869 497 Eum.
894 457 973 494 124
994 452 1121 503 ὤζεις,
1151 447 1391 498 ὑπνώσσεις.
1423 444 1497 488 οὐκ
1526 442 1744 500 ἀναστήσει
1848 458 1853 459 ’

188 523 323 575 τάχος;
354 522 474 561 Arist.
505 521 601 560 Ran.
635 518 728 556 480.
759 538 761 540 -

925 611 982 655 52

386 700 431 741 οί
458 698 506 740 δὲ
536 694 817 746 πυππάζουσι
849 691 1198 747 περιτρέχοντες,
1230 685 1252 730 ὁ
1284 686 1326 730 δ’
1359 685 1464 737 ὄνος
1494 683 1634 729 ὕεται.

298 783 460 822 Photius
490 783 528 819 et
560 778 698 818 suidas
729 773 823 822 ὄνος
854 771 984 813 ὕεται·
1018 771 1081 812 ἐπὶ
1111 772 1189 811 τῶν
1217 769 1270 823 μὴ
1303 765 1654 822 ἐπιστρεφομένων
1675 798 1684 808 .
1705 797 1743 809 ..

187 842 380 890 Κρατῖνος
414 834 664 889 Δραπέτισιν.
704 833 923 883 Hesychius
953 828 1232 877 πυππάζουσι·
1272 827 1390 882 φωνῇ
1426 826 1522 882 ποιᾷ
1558 825 1743 878 χρῶνται.

186 895 407 942 πυππάζειν
452 895 520 947 (cf.
562 905 659 943 quae
698 889 886 930 adnotavi
923 889 972 927 ad
1010 888 1135 927 Arist.
1178 887 1255 927 Av.
1297 883 1398 939 266)
1434 885 1496 924 est
1530 881 1746 924 mirantem

186 955 394 993 exclamare
430 948 612 997 πυππάξ,
650 949 755 999 quod
794 948 921 985 exstat
957 945 1061 986 Plat.
1099 944 1278 995 Euthyd.
1320 944 1402 983 303
1425 956 1448 981 a
1482 935 1673 990 πυππάξ,
1711 933 1746 982 οἷ

182 1003 405 1062 Ἡράκλεις,
441 1007 560 1046 καλοῦ
597 1002 727 1057 λόγου.
766 997 1095 1055 ὑπερπυπποὶζειν
1132 1002 1257 1041 Arist.
1290 1001 1361 1051 Eq.
1394 1000 1488 1040 680.
1520 994 1541 1037 ὁ
1575 993 1616 1038 δ’
1647 994 1744 1047 ὄνος

186 1065 295 1106 ὕεται
323 1065 570 1116 proverbium
600 1066 660 1102 est
690 1063 736 1101 de
766 1062 821 1100 eis
852 1060 920 1111 qui
950 1059 1144 1110 quidquid
1181 1059 1284 1097 alter
1319 1057 1417 1097 facit
1453 1069 1534 1096 non
1573 1067 1745 1097 commo-

186 1126 337 1163 ventur.
368 1120 707 1172 ‘quemadmodum
739 1119 870 1158 asinus
902 1117 951 1156 ob
973 1117 1076 1156 cutis
1108 1116 1297 1155 duritiem
1326 1115 1463 1165 pluvia
1491 1113 1594 1153 nihil
1624 1112 1748 1153 offen-

187 1180 317 1220 ditur.'
348 1180 497 1217 Erasm.
530 1179 566 1224 3,
599 1178 635 1224 2,
668 1178 732 1216 59.
768 1174 995 1226 significant
1031 1174 1165 1212 autem
1201 1172 1323 1212 verba
1359 1167 1380 1210 ὁ
1417 1166 1457 1210 δ’
1485 1168 1593 1221 ὄνος
1631 1167 1747 1210 ὕεται

187 1237 287 1276 idem
319 1238 432 1285 atque
465 1231 484 1273 ὁ
515 1230 551 1271 δ’
585 1228 719 1284 ὅμοιός
751 1230 858 1271 ἐστιν
887 1229 966 1284 ὄνῳ
1003 1226 1159 1284 ὖομένῳ
1200 1228 1265 1279 (cf.
1297 1229 1418 1268 Hom·
1452 1227 1526 1268 Od.
1559 1229 1598 1278 6,
1625 1226 1745 1279 131),

185 1295 211 1332 i.
244 1306 275 1331 e.
307 1297 384 1331 τῶν
414 1289 704 1335 πυππαζόντων
733 1285 852 1328 οὐδὲν
882 1289 1033 1338 μᾶλλον
1063 1285 1262 1339 φροντίζει
1291 1282 1319 1336 ἢ
1348 1283 1460 1332 ὄνος·
1472 1281 1643 1336 ὑόμενος
1674 1287 1747 1342 τσῦ

185 1346 311 1388 ὑετοῦ.
370 1349 409 1387 id
440 1348 545 1398 quod
576 1348 778 1397 aptissime
809 1347 885 1385 dici
923 1347 1080 1396 poterat
1117 1345 1166 1383 de
1202 1344 1364 1383 homine
1390 1343 1556 1394 ’potenti
1597 1341 1662 1383 vel
1697 1341 1748 1382 de

187 1406 309 1445 Demo
341 1404 636 1445 Atheniensium
666 1405 752 1454 ipso
784 1404 1034 1442 adulatorum
1065 1404 1106 1441 et
1136 1401 1448 1452 demagogorum
1487 1399 1647 1440 turbam
1678 1399 1746 1439 de-

186 1463 384 1512 spiciente.
444 1461 492 1501 cf.
525 1461 782 1511 Cephisodor.
816 1462 836 1498 1
870 1455 1063 1505 σκώπτεις
1100 1455 1155 1509 μ’,
1189 1455 1264 1510 ἐγώ
1303 1454 1347 1496 δὲ
1377 1460 1458 1504 τοίς
1489 1454 1622 1509 λόγοις
1652 1453 1753 1504 6'vog
1808 1465 1810 1467 “

183 1517 325 1569 ῧομαι,
355 1519 380 1557 i.
414 1532 445 1557 e.
476 1520 686 1558 maledictis
723 1519 801 1557 tuis
839 1529 918 1556 non
953 1520 1104 1566 tanyor.
1163 1515 1242 1554 alia
1259 1516 1363 1568 ‘eius
1403 1513 1750 1565 breviloquentia

187 1577 358 1626 exempla
395 1575 592 1625 congessit
631 1574 805 1614 Cobetus
846 1575 994 1612 Mnem.
1033 1585 1124 1612 nov.
1156 1572 1218 1611 III
1249 1573 1329 1611 247
1363 1572 1430 1623 (cf.
1463 1572 1583 1611 etiam
1621 1571 1748 1612 Dobr.
1823 1570 1829 1574 ”
1863 1556 1866 1561 ’

188 1633 390 1682 Aristoph.
436 1632 539 1670 Plut.
583 1629 684 1683 314)
730 1632 855 1671 Arist.
895 1631 989 1681 Lys.
1031 1631 1125 1669 927.
1176 1629 1316 1669 Liban.
1351 1630 1394 1674 1,
1450 1630 1520 1678 14,
1569 1630 1591 1668 1
1641 1625 1751 1681 Ἀρι-

188 1684 372 1739 στόδημος
420 1689 572 1739 (potius
624 1681 920 1740 Ἀριστομένης)
971 1718 978 1725 .
1027 1718 1034 1726 .
1081 1715 1089 1724 .
1141 1684 1363 1738 ε’τηρούμην
1414 1682 1435 1724 ὁ
1480 1683 1614 1738 Σύρος
1658 1680 1747 1738 ἐγώ.

187 1747 326 1795 quibus
357 1746 454 1784 addo
494 1759 540 1784 ex
578 1745 768 1784 Romanis
807 1745 888 1784 Cic.
929 1745 979 1782 D.
1016 1746 1114 1785 orat.
1146 1745 1191 1791 2,
1224 1745 1299 1791 57,
1333 1744 1385 1782 33
1417 1745 1553 1784 docebo
1582 1756 1664 1792 sus,
1702 1745 1749 1784 ut

188 1804 310 1848 aiunt,
346 1806 531 1842 oratorem
569 1801 651 1852 (sus
691 1801 944 1853 Minervam).
976 1801 1117 1840 Horat.
1147 1801 1279 1851 Epist.
1315 1802 1350 1849 1,
1385 1801 1429 1849 2,
1461 1801 1515 1839 42
1547 1802 1615 1850 qui
1650 1803 1750 1841 recte

188 1860 337 1898 υἱυεηάι·
358 1863 542 1909 proroyat
570 1860 726 1905 horam,
765 1861 934 1899 rusticus
964 1861 1175 1907 exspectat,
1206 1859 1301 1897 dum
1337 1858 1481 1905 defluat
1517 1859 1669 1904 amnis,
1707 1858 1751 1898 et

191 1929 234 1954 ex
265 1916 417 1955 comicis
447 1916 595 1966 graecis
626 1915 776 1957 Cratin.
814 1917 891 1955 128
923 1912 1084 1960 ἕκαστος
1121 1910 1285 1964 ἀλώπηξ
1323 1912 1618 1967 δωροδοκεῖται.
1651 1915 1750 1955 229.

191 1973 282 2011 245,
323 1973 461 2022 Eupol.
501 1974 593 2012 261.
638 1973 763 2012 Arist.
802 1973 851 2011 fr.
892 1973 986 2011 337.
1032 1972 1136 2011 Plat.
1179 1973 1272 2011 191.
1317 1971 1562 2023 Theopomp.
1601 1973 1641 2012 4.
1678 1971 1749 2012 40.

191 2025 315 2068 Diocl.
346 2032 384 2070 5.
415 2030 462 2068 cf.
498 2029 718 2080 Theognid.
754 2032 858 2070 1361
893 2033 996 2076 ναῦς
1027 2026 1150 2083 πέτρῃ
1178 2025 1467 2081 προσέκυρσας.

797 2229 800 2233 ,
940 2129 996 2172 53
1243 2185 1355 2241 φέρε
1384 2186 1474 2228 νῦν
1504 2195 1578 2228 σοι

279 2253 321 2303 ἐξ
351 2254 525 2309 αἰθρίας
554 2253 932 2309 καταπυγοσύνην
962 2252 1075 2308 μυὸς
1103 2251 1319 2310 ἀστράψω
1351 2254 1663 2309 Ξενοφῶντος.

306 2337 489 2375 Aelianus
509 2337 558 2375 H.
583 2350 616 2375 a.
642 2337 705 2385 12,
730 2338 782 2376 10
802 2334 956 2388 λέγουσι
985 2333 1030 2376 δὲ
1061 2334 1153 2384 τοὺς
1182 2333 1287 2390 μύας
1317 2333 1602 2389 λαγνιστάτους
1632 2327 1751 2388 εἶναι,

197 2389 261 2429 καὶ
290 2390 463 2443 μάρτυρά
502 2408 543 2445 γε
582 2395 779 2445 Κρατῖνον
814 2391 1026 2446 ἐπάγονται
1064 2391 1108 2433 ἐν
1144 2397 1231 2441 ταῖς
1269 2390 1502 2446 Δραπέτισι.
1561 2394 1751 2446 Apostol-

199 2450 238 2496 9,
269 2449 319 2487 28
348 2446 499 2499 λέγουσι
528 2447 570 2489 δὲ
600 2446 746 2498 αὐτοὺς
775 2448 843 2489 καὶ
873 2448 1157 2503 λαγνιστάτους
1188 2446 1310 2491 εἶναι·
1341 2449 1410 2491 καὶ
1429 2454 1625 2504 ματρνρεῖ
1638 2451 1765 2504 Koa-¹
1828 2479 1835 2489 .

199 2507 301 2550 τῖνος
332 2502 372 2542 ἐν
406 2504 637 2557 Αραπέτεσι·
677 2505 770 2559 φέρε
800 2530 852 2536 --
886 2508 1158 2558 Ξενοφῶντος.
1221 2508 1368 2549 Zenob.
1399 2509 1546 2548 Milleri
1582 2508 1752 2561 (Melan-

200 2573 268 2610 ges
306 2574 342 2610 p.
383 2561 479 2615 355)
517 2563 591 2613 μῦς
626 2561 780 2612 λευκός·
821 2562 884 2604 ε’πὶ
922 2567 1002 2604 τῶν
1037 2562 1224 2618 ἀκράτων
1258 2563 1350 2618 περὶ
1385 2562 1433 2605 τὰ
1472 2561 1688 2619 ἀφροδίσια
1723 2561 1751 2618 ἡ

200 2615 383 2667 παροιμία
414 2616 570 2669 εἴρηται.
629 2618 761 2674 ἐπειδὴ
802 2622 842 2661 οἶ
866 2622 1099 2662 κατοικίδιοι
1128 2620 1225 2674 μύες
1255 2621 1322 2663 καὶ
1352 2622 1522 2674 μάλιστα
1551 2622 1594 2662 οἰ
1618 2619 1754 2663 λευκοὶ

201 2671 288 2741 περὶ
317 2670 384 2720 τὰς
414 2670 536 2724 ὀχείας
565 2677 800 2729 κεκίνηνται.
860 2675 1004 2729 ταύτης
1033 2677 1227 2732 μέμνηται
1249 2711 1257 2720 .
1281 2711 1290 2720 .
1316 2711 1325 2719 .
1347 2681 1547 2733 Κρατῖνος
1578 2677 1624 2720 ἔν
1646 2682 1751 2733 Δρα-

202 2739 362 2779 πετησιν
391 2728 647 2782 (Δραπέτισιν
676 2735 838 2787 Miller).
870 2737 963 2775 hinc
992 2737 1107 2776 facile
1139 2738 1317 2789 conligas
1348 2740 1440 2778 ante
1471 2734 1570 2788 φέρε
1600 2737 1749 2778 adden-

204 2786 295 2849 dum
324 2799 407 2825 esse
436 2789 575 2828 λευκοῦ
604 2792 664 2830 vel
693 2791 757 2832 καὶ
788 2797 858 2832 τοῦ
887 2793 1044 2833 λευκοῦ.
1094 2795 1404 2845 ‘Xenophontem
1441 2795 1614 2836 fortasse
1651 2794 1752 2834 dicit

205 2842 456 2892 Melitensem,
487 2845 681 2897 Euripidis
710 2850 847 2899 filium,
870 2863 987 2900 quem
1017 2851 1059 2890 in
1090 2852 1224 2892 decem
1245 2853 1553 2893 Atheniensium
1583 2851 1752 2892 ducibus
