1872 3224
210 135 294 178 538
621 130 624 133 ’
807 134 1199 169 ΑΡΙΣΤΟΦΑΝΟΤΣ

207 243 339 281 essent
384 241 665 291 disceptantes.
730 253 775 279 ac
820 240 932 290 prior
971 240 1134 290 quidem
1170 240 1241 278 illa
1275 240 1365 290 ipsa
1402 239 1582 279 veterum
1619 238 1786 278 deorum
1850 276 1853 281 .

207 299 311 338 dona
340 300 547 339 enumerat
580 294 712 350 (1—9
735 294 908 349 λαβεῖν).
969 297 1032 337 cui
1063 297 1166 336 alter
1196 296 1342 336 damna
1371 309 1417 336 ea
1442 296 1578 346 potius
1607 308 1696 336 esse
1724 307 1786 334 re-

205 356 398 406 szpondet
432 369 525 394 nam
555 355 590 393 si
620 356 734 393 tanta
772 354 978 394 commoda
1015 367 1097 394 non
1136 354 1402 405 accepissent,
1441 354 1626 393 futurum
1660 353 1786 392 fuisse
1838 361 1842 365 ’

206 416 253 451 ut
282 425 498 462 numquam
532 412 587 451 eis
620 413 803 462 egerent3
843 424 1005 462 prorsus
1037 412 1116 451 alia
1155 412 1308 451 ratione
1346 410 1545 462 agendum
1583 410 1708 450 fuisse
1743 411 1787 450 et
1855 419 1858 422 ’

206 470 354 509 Atticis
386 472 498 508 tanta
529 468 756 508 beneficia
745 482 787 507 m
809 469 929 508 breve
961 470 1119 519 tempus
1151 470 1264 519 quasi
1295 468 1585 508 commodanda
1616 461 1787 520 (χρήσας

205 527 423 576 Porsonus,
456 526 505 565 cf.
538 525 677 576 Comp.
710 526 895 566 Menand.
928 529 970 565 et
998 526 1168 565 Philem.
1201 527 1283 566 362
1314 522 1342 563 α’
1372 535 1434 563 σοι
1472 522 1572 576 τύχη
1608 521 1786 576 κέχρηκε,
1843 544 1845 546 ·

204 577 313 623 ταῦτ’
347 580 563 636 ἀφείλετο),
600 596 692 622 mox
730 586 863 623 autem
894 583 1117 622 adimenda.
1187 584 1228 622 id
1258 584 1369 634 prior
1397 583 1440 622 in
1469 583 1636 634 reliquis
1663 581 1786 622 'terris

204 642 289 681 fieri
335 641 480 680 debere
518 640 719 689 concedit,
758 641 799 680 in
837 641 975 680 Attica
1017 654 1099 680 non
1144 640 1262 690 item,
1301 640 1409 691 quod
1447 642 1558 680 terra
1596 640 1657 680 sit
1693 638 1785 680 reli·

206 699 445 750 giosissima.
506 701 547 737 at
577 711 746 748 pravum
779 698 942 748 pietatis
973 698 1149 737 fructum
1181 699 1282 737 alter
1302 698 1538 738 criminatur
1557 710 1658 749 esse,
1678 696 1785 748 quod

209 769 253 795 eo
298 756 417 795 modo
454 756 593 795 Attica
630 755 734 794 facta
775 756 829 794 sit
872 755 1105 806 Aegyptus,
1151 755 1177 794 i.
1209 769 1242 794 e.
1281 755 1416 795 mollis
1461 757 1502 795 et
1542 755 1781 795 effeminata.

210 814 272 853 14.
305 811 345 852 τί
371 810 423 864 δὴ
455 809 525 863 σύ;
557 811 637 851 ‘me
666 825 806 852 verum
837 812 967 853 dicere
997 824 1142 865 negas:
1173 813 1268 862 quid
1296 814 1419 864 iqitur
1447 816 1492 853 tu
1521 811 1670 852 dicis?'

959 936 1045 979 57O

321 1019 452 1059 Schol.
485 1019 607 1070 Vesp.
649 1021 755 1059 1187
793 1015 1085 1086 Ἀνδροκλέα
1123 1018 1168 1059 δὲ
1214 1021 1413 1089 Κρατῖνος
1455 1018 1647 1090 Σερίφοις
1688 1015 1787 1070 φησὶ

206 1075 354 1116 δοῦλον
383 1075 449 1116 καὶ
479 1075 650 1128 πτωχόν,
682 1074 726 1116 ἐν
756 1073 799 1115 δὲ
820 1074 970 1129 ’“Ώραις
1000 1071 1238 1129 ἡταιρηκότα
1258 1092 1338 1128 αρα
1360 1075 1430 1117 τὸν
1449 1073 1589 1119 αὐτόν.
1620 1070 1700 1127 ἆρα
1723 1075 1785 1128 V]

203 1129 493 1186 Ἀριστοφάνης
532 1134 746 1186 Bergkius.
806 1135 854 1174 de
893 1134 1044 1174 Cratini
1085 1135 1205 1175 Horis
1244 1138 1336 1174 ante
1375 1135 1596 1187 Bergkium
1636 1134 1782 1186 cogita

207 1194 363 1231 verant.
395 1192 443 1231 de
473 1191 668 1233 Androcle
699 1192 747 1232 cf.
781 1191 933 1232 Cratin.
967 1193 1064 1233 208.
1097 1193 1191 1235 263.

956 1305 1037 1347 571

323 1389 455 1428 Schol.
487 1388 610 1438 Vesp.
648 1389 755 1427 1183
787 1383 807 1426 ὁ
840 1384 1090 1440 Θεογένης
1128 1381 1248 1435 ουτός
1284 1385 1390 1426 ἐστιν
1419 1382 1440 1426 ὁ
1459 1381 1704 1457 Ἀχαρνεύς,
1734 1381 1788 1425 δν

205 1443 273 1484 καὶ
303 1442 366 1484 ἐπὶ
397 1450 450 1499 τῷ
479 1444 629 1497 μεγάλα
659 1442 882 1484 ἀποπατεῖν
911 1444 1186 1499 κωμῳδοῦσιν.
1218 1445 1346 1495 δῆλον
1375 1442 1420 1484 δὲ
1451 1442 1496 1483 ἐν
1516 1447 1602 1492 ταῖς
1620 1440 1784 1496 mque.

206 1499 430 1542 ἀποπατεῖν
460 1501 573 1555 Ald.]
606 1498 826 1542 άποδάτειν
855 1502 904 1542 V.
937 1503 985 1542 cf.
1017 1503 1093 1543 Av.
1126 1503 1222 1542 822.
1257 1503 1536 1544 1127.1295.

953 1613 1040 1657 572

321 1698 448 1739 Schol.
482 1698 647 1737 Luciani
677 1711 715 1747 p.
753 1699 830 1736 186
861 1697 992 1737 Iacob.
1023 1691 1044 1735 ὁ
1077 1693 1151 1748 μὲν
1180 1695 1401 1744 Καλλίας
1432 1690 1563 1748 οὗτος,
1595 1691 1650 1743 ὥς
1670 1697 1782 1747 Κρα-

207 1759 313 1802 τῖνος
339 1750 594 1806 Ἀρχιλόχοις,
621 1751 855 1794 Ἱππονίκου
885 1752 972 1801 υἱὸς
1003 1748 1069 1806 ἦν,
1102 1752 1171 1792 τὸν
1201 1753 1329 1805 δῆμον
1351 1751 1566 1803 Μελιτεὺς,
1597 1749 1652 1800 ὡς
1679 1749 1784 1805 Ἀρι-

207 1811 411 1862 στοφάνης
432 1810 596 1864 ’Ὠραιςκ
658 1812 733 1851 tria
763 1813 884 1852 verba
914 1815 1092 1852 extrema
1123 1814 1376 1852 accesserunt
1406 1824 1452 1850 ex
1484 1811 1571 1851 cod.
1604 1810 1648 1851 C.

956 1924 1041 1967 573

324 2008 455 2047 Schol.
478 2008 582 2046 Plat.
606 2009 659 2046 33
667 2009 685 2045 1
710 2007 836 2047 Bekk.
860 2005 921 2060 (X
926 2021 951 2045 α
962 2021 976 2045 ι
985 2021 1007 2059 ρ
1015 2021 1032 2046 ε
1042 2021 1073 2058 φ
1083 2011 1115 2046 ὥ
1126 2022 1149 2046 ν
1158 2022 1178 2045 τ
1186 2021 1213 2045 α
1240 2001 1546 2060 Ἀριστοφάνης)
1571 2003 1616 2045 ἐν
1633 2003 1784 2058 ”Ωραις

210 2062 362 2105 νυκτὸ
375 2080 395 2112 ς
427 2078 490 2130 πά
502 2064 583 2103 ῖδα
613 2065 735 2104 καλεῖ.

956 2175 1042 2218 574

321 2260 546 2311 Hesychius
592 2256 912 2298 δικαστικόν
960 2253 1248 2327 Ἀριστοφάνης
1293 2255 1338 2296 ἐν
1371 2255 1522 2309 Ἵὶραις
1568 2252 1784 2309 τριώβολόν

208 2329 364 2416 ΞηῗινΡ
364 2311 521 2423 &nigab
542 2331 594 2414 οὲ]
617 2313 750 2368 μέντοι
781 2313 958 2367 ἕστηκεν,
987 2311 1073 2354 άλλ
1106 2313 1243 2355 ἄλλοτε
1270 2313 1399 2362 ἄλλως
1423 2312 1588 2354 ἐδίδοτο.
1620 2315 1670 2353 cf.
1691 2314 1782 2354 Ari-

956 2483 1043 2526 575

409 2565 454 2609 A
458 2581 539 2622 ρας
570 2564 695 2621 ἱερόν

323 2646 431 2700 ἱερὸν
458 2645 578 2700 Ἀρᾶς
605 2643 842 2699 Ἀθήνησιν.
869 2642 1160 2698 Ἀριστοφάνης
1180 2643 1343 2698 Ὥ.ραις
1378 2642 1496 2698 [ἔνιοι
1517 2641 1562 2683 δὲ
1582 2625 1658 2696 τὴν
1685 2642 1780 2696 βλά-

209 2707 290 2758 βην
309 2703 436 2757 λέγειν
458 2701 583 2744 αὐτὸν
604 2702 823 2757 ἐνόμισαν]
845 2703 1084 2754 Hesychius.
1108 2704 1157 2742 cf.
1179 2703 1418 2753 Diogenian.
1443 2703 1480 2750 2,
1503 2703 1571 2741 92.
1592 2701 1778 2752 Apostol.
1810 2701 1814 2704 ’

211 2765 249 2811 3,
282 2764 349 2802 99.
381 2763 526 2802 Macar.
560 2764 598 2814 2,
631 2765 699 2802 33.
730 2775 970 2814 quamquam
1001 2773 1102 2812 quae
1139 2760 1200 2799 illi
1238 2761 1407 2800 narrant
1443 2759 1658 2799 maximam
1691 2771 1778 2810 par-

210 2823 291 2860 tem
321 2820 449 2859 aliena
476 2822 585 2860 sunt.
