1872 3224
797 216 954 253 ΘΗΡῙΑ
1593 220 1675 263 135

75 323 140 364 ‘ita
168 321 360 363 nimirum
393 324 439 362 ut
483 336 586 374 aqua
624 323 748 374 maris
779 323 927 375 frigida
966 338 1091 376 aquae
1124 325 1246 365 ductu
1275 327 1318 365 in
1348 326 1538 367 balneum
1570 327 1669 366 deri-

79 382 198 423 vetur
227 380 363 432 ibique
394 380 574 429 calefiat,
607 377 735 434 (quod
765 394 910 422 moneo
941 384 1110 434 propter
1130 381 1411 438 Meinekium),
1443 385 1567 435 idque
1588 386 1673 424 tam

2 440 4 442 ’
59 439 346 490 abundanter,
367 440 414 478 ut
434 438 523 490 ipsa
543 452 648 489 aqua
667 440 781 479 alveo
802 440 958 491 repleto
980 441 1211 481 lavantibus
1234 441 1392 482 dictura
1413 442 1467 482 sit
1489 442 1673 483 ‘inhibete

78 497 257 548 aquam'.
288 496 667 537 Phoanmwvetov-
699 496 894 550 ἰατρεῖον,
921 496 1258 552 θεραπευτήριον.
1290 513 1408 540 nemo
1440 499 1480 539 id
1511 502 1673 551 praeter

81 554 289 596 Oratetem
319 554 484 596 videtur
514 556 907 597 commemoravisse.
941 559 1031 596 erat
1060 558 1147 598 sine
1178 557 1299 598 dubio
1331 558 1373 598 in
1404 558 1582 599 Piraeeo.

859 668 913 711 16

563 749 743 805 ἔχοντες
774 745 956 805 εὐπαθῆ
987 750 1094 805 βίον

565 819 829 874 παρουσίαν
858 834 908 862 τε
938 819 1196 876 χρημάτων.

193 904 433 955 Harpocrat.
466 902 669 957 παρουσία
698 899 790 943 ἀντὶ
819 907 892 943 τοῦ
920 901 1132 956 περιουσία
1161 900 1189 956 ἢ
1218 903 1326 944 αἰτία
1357 900 1532 944 πλούτου
1555 902 1673 944 οὐσία

117 992 126 1002 .
151 992 161 1003 .
193 960 359 1015 Κράτης
381 959 545 1015 Θηρίοις
567 963 650 1004 κτλ.
698 963 846 1002 omisso
869 962 1030 1001 fabulae
1060 962 1182 1002 titulo
1203 963 1372 1003 Photius
1392 959 1510 1016 (399,
1535 961 1608 1017 11)
1631 966 1672 1004 et

80 1019 225 1060 Suidas
254 1018 467 1072 παρουσία.
502 1019 684 1060 Crameri
715 1020 868 1060 Anecd.
901 1019 1029 1060 Oxon.
1061 1019 1103 1058 II
1130 1021 1230 1061 498.
1273 1019 1367 1072 βίου
1398 1021 1593 1072 Harpoor.
1627 1020 1671 1061 O.

0 1084 40 1166 ξ,
77 1076 281 1131 παρουσία
319 1077 399 1118 BC.
430 1075 520 1131 περὶ
559 1074 706 1117 οὐσίαν
742 1079 800 1127 D,
838 1078 909 1129 qui
939 1091 980 1117 τε
1011 1078 1178 1118 omittit.
1216 1073 1367 1129 ἀπαθῆ
1397 1081 1437 1118 et
1466 1092 1526 1130 pr.
1558 1091 1671 1132 περι-

79 1135 226 1177 ουσίαν
254 1137 370 1177 Phot.
402 1136 454 1193 ef²
489 1136 642 1177 Oratin.
676 1137 774 1179 325.

857 1225 909 1268 17

470 1307 546 1350 καὶ
577 1307 670 1350 τῶν
703 1305 931 1364 ῥαφάνων
961 1305 1092 1358 ἕψειν
1120 1305 1208 1364 χρὴ
1269 1324 1292 1350 *
1350 1324 1373 1349 *
1431 1324 1454 1349 20<

79 1378 213 1435 ἰχθῦς
235 1375 275 1420 τ’
299 1375 445 1422 ὀπτᾶν
465 1375 573 1428 τούς
602 1391 649 1419 τε
680 1377 911 1433 ταρίχους,
942 1373 1071 1434 ἡμῶν
1102 1374 1146 1419 δ’
1168 1374 1258 1420 ἄπο
1289 1383 1442 1432 χεῖρας
1473 1377 1671 1431 ἔχεσθαι.

77 1450 130 1492 Β.
147 1444 234 1491 οὐκ
256 1445 328 1504 ἄρ’
351 1443 408 1490 ἔτ’
427 1444 727 1503 οὐδὲνκρέας,
750 1443 812 1496 ὥς
827 1441 1126 1502 ὑμεῖςλέγετι’,
1149 1441 1415 1489 οὐδ’ὁτιοῦν
1426 1443 1671 1502 ε’δόμεσθα,

0 1516 9 1546 ἶ
81 1514 183 1560 οὐδ’
217 1515 264 1569 ἐξ
295 1514 466 1573 αγορᾶς
497 1514 608 1559 οὐδὲ
637 1516 850 1567 τάκωνας
879 1513 1152 1572 ποιησόμεθ’
1186 1512 1290 1558 οὐδ’
1324 1512 1572 1566 αλλαντας;

192 1615 230 1643 v.
266 1603 302 1644 1.
336 1603 360 1640 2
399 1601 634 1641 Athenaeus
674 1601 881 1650 3,119ο
918 1596 1084 1652 Κρατης
1133 1597 1310 1652 Θηρίοις.
1372 1600 1412 1638 3.
1451 1599 1479 1637 4
1526 1599 1670 1639 Pollux

80 1662 117 1711 6,
152 1661 206 1701 53
237 1656 320 1699 ἔστι
349 1655 395 1698 δὲ
424 1656 493 1698 καὶ
522 1656 757 1711 γαστρίδιον
786 1654 1033 1710 ἡδυσμένον,
1064 1653 1088 1696 ὃ
1115 1654 1183 1696 καὶ
1204 1654 1387 1704 τᾶκωνας
1409 1653 1508 1695 ε’νιοι
1528 1658 1668 1721 κεκλῆ-

79 1720 180 1757 σθαι
209 1715 365 1757 οἴονται
394 1714 503 1770 παρα
534 1712 714 1769 Κρατητι
746 1719 802 1771 τῷ
830 1730 992 1771 κωμικω
1023 1709 1134 1770 μόνῳ
1164 1712 1233 1754 καὶ
1268 1712 1379 1763 ἅπαξ
1415 1708 1589 1767 εἰρηκότι
1628 1682 1673 1754 έν

81 1774 266 1847 Θηρίοις.
295 1770 370 1815 οὐκ
400 1797 456 1804 -—
486 1771 706 1822 ἀλλᾶντας·
740 1774 781 1813 οἷ
807 1771 852 1813 δὲ
883 1772 1038 1813 οἴονται
1068 1771 1162 1821 τοὺς
1194 1786 1378 1819 τακωνας
1419 1769 1462 1811 ἐκ
1494 1771 1671 1825 ταγήνου

77 1831 198 1888 κρέας
235 1848 262 1886 η
300 1831 460 1881 στέατος
498 1829 663 1886 τροχοὺς
703 1829 781 1871 σὺν
819 1828 912 1871 ἁλσὶ
949 1829 1017 1870 καὶ
1054 1831 1190 1900 ξηροῖς
1220 1826 1428 1882 ἡδύσμασι
1458 1827 1668 1877 κοπέντας.

79 1892 256 1960 Hesych.
288 1896 485 1938 τακῶνες·
518 1888 717 1944 τροχίσκοι
738 1886 901 1937 στέατος
922 1886 1169 1940 κεκομμένου
1189 1884 1287 1940 μεθ’
1311 1884 1424 1926 ἁλῶν
1443 1885 1512 1926 καὶ
1534 1887 1670 1939 ξηρων

78 1945 327 2003 ἆρτυματων.
364 1951 585 2003 utrumque
622 1948 902 2000 fragmentum
940 1947 1150 1986 coniunxit
1187 1946 1389 1997 Bergkius
1428 1945 1477 1985 R.
1517 1958 1547 1985 e.
1583 1947 1670 1985 Att.

81 2010 179 2048 279.
253 2009 294 2048 3.
327 2003 381 2046 ἐτ’
414 2029 471 2036 —
500 2002 640 2045 ὁτιοῦν
669 2002 886 2058 Bergkius]
921 2002 1027 2043 ἔστιν
1057 2026 1111 2032 --
1143 2017 1216 2043 οτι.
1249 2017 1288 2044 v.
1324 2005 1346 2041 1
1379 2003 1563 2042 lacunam
1594 2005 1670 2043 sta-

78 2066 161 2106 tuit
190 2065 417 2105 Meinekius
448 2064 556 2115 quod
585 2076 667 2103 non
705 2064 759 2103 sit
796 2061 1113 2103 consentaneum
1153 2061 1216 2101 bis
1246 2062 1291 2101 in
1320 2062 1516 2112 quattuor
1545 2062 1670 2101 tetra-

78 2124 221 2164 metris
251 2123 287 2163 el
312 2123 431 2162 usula
461 2121 682 2172 spondiaco.
710 2134 830 2161 usum
860 2133 948 2161 esse
977 2122 1150 2171 poetam.
1198 2132 1444 2170 quamquam
1476 2120 1572 2158 sunt
1600 2119 1671 2170 qui

79 2182 176 2222 haee
206 2182 250 2221 in
278 2137 466 2278 {metros
487 2179 698 2231 digerant,
729 2181 849 2230 atque
879 2179 938 2218 ita
968 2191 992 2217 a
1012 2191 1052 2218 se
1083 2179 1168 2229 ipse
1191 2177 1415 2217 desciscens
1445 2176 1668 2216 Meinekius

79 2241 123 2279 in
153 2239 290 2279 Athen
316 2252 362 2279 eo
408 2251 500 2278 oum
530 2250 659 2288 neque
691 2233 848 2276 ἐσθίειν
876 2249 1007 2287 neque
1037 2237 1244 2275 ποιεῖσθαι
1275 2231 1315 2282 ἐξ
1343 2227 1492 2286 ἆγορας
1522 2234 1672 2275 Atticis

81 2298 136 2338 sit
164 2297 370 2346 usitatum,
407 2295 587 2336 Oobetus
618 2293 715 2335 Obs.
741 2295 837 2335 erit.
869 2294 974 2333 Plat.
1008 2295 1085 2334 191
1120 2306 1303 2340 τακωνας
1335 2288 1391 2330 ἐτ’
1426 2287 1669 2343 ὠνησόμεθ’.

80 2355 129 2395 of.
161 2354 373 2427 Hermipp.
406 2354 473 2394 28.
505 2353 611 2392 Plat.
646 2353 744 2392 190.
805 2351 861 2399 εἰς
901 2347 1056 2405 ἆγοραν
1092 2347 1285 2400 ὑφαίνειν
1333 2350 1523 2389 Menand.
1564 2350 1671 2400 apud

82 2413 194 2453 Suid.
219 2412 275 2460 εἰς
296 2408 360 2465 dy.
382 2433 439 2442 —
459 2423 691 2463 perperam.
713 2423 806 2449 nam
828 2411 929 2450 arsis
949 2409 1112 2450 soluta
1102 2422 1144 2448 m
1165 2409 1311 2459 quarto
1331 2407 1557 2447 tetrametri
1578 2420 1670 2446 ana-

81 2470 249 2522 paestiei
278 2470 401 2522 pede,
431 2472 480 2509 ut
509 2469 673 2509 omnino
703 2480 794 2507 rara
824 2470 903 2517 est,
935 2468 994 2507 ita
1023 2479 1244 2518 numquam
1273 2465 1315 2504 in
1343 2464 1669 2516 monosyllabum

83 2529 177 2568 exit.
216 2528 370 2568 aceedit
405 2527 515 2579 quod
553 2526 688 2566 forum
724 2526 962 2576 neutiquam
1000 2526 1118 2576 apte·
1134 2523 1492 2563 commemoratur·
1539 2522 1670 2562 multo

81 2586 190 2626 enim
217 2586 365 2626 fortius
394 2584 578 2637 quisquis
609 2584 790 2635 loquitur
819 2582 1085 2622 mirabundus
1116 2595 1186 2621 eur
1216 2582 1263 2620 ut
1283 2580 1460 2619 ferarum
1481 2580 1669 2619 defensor

80 2645 256 2684 iusserat
292 2643 528 2683 animalium
558 2654 675 2681 earne
713 2641 999 2681 abstinendum
1029 2641 1083 2680 sit
1119 2640 1177 2678 ita
1206 2639 1352 2690 pergat
1388 2637 1514 2676 ‘nihil
1543 2637 1671 2688 igitur

84 2702 215 2741 carnis
245 2701 363 2740 edere
393 2702 435 2741 et
472 2712 522 2741 ne
551 2700 677 2740 domi
714 2700 870 2749 quidem
909 2711 1092 2744 τακωνας
1132 2698 1202 2735 aut
1236 2691 1436 2742 αλλαντας
1477 2695 1670 2735 conficere

81 2757 274 2799 licebit‘?'
309 2759 379 2798 sed
409 2770 540 2809 neque
571 2757 648 2797 fori
668 2770 800 2808 neque
830 2757 974 2795 domus
994 2755 1243 2794 mentionem
1263 2752 1379 2793 feeit·
1411 2752 1670 2792 scribendum

82 2818 145 2857 est
174 2811 282 2855 οὐδ’
316 2813 386 2854 ἔτι
414 2811 596 2867 χορδὰς
627 2810 724 2854 ουδὲ
754 2812 939 2861 τάκωνας
969 2814 1050 2852 κτλ.
1083 2812 1131 2851 de
1159 2811 1359 2862 particula
1379 2806 1475 2849 οὐδέ
1494 2810 1669 2861 repetita

84 2874 134 2914 cf.
165 2873 374 2924 Aristoph.
403 2873 511 2913 Nub.
543 2873 645 2911 425.
677 2873 773 2912 629.
806 2869 903 2912 981.
937 2870 1061 2922 Soph.
1094 2868 1179 2909 OR.
1215 2869 1337 2910 1377.

197 2931 415 2971 Praeterea
444 2930 494 2971 of.
526 2930 578 2970 fr.
610 2930 679 2970 48.

0 1032 19 1082 k
