<?xml version="1.0" encoding="UTF-8"?>
<!DOCTYPE html PUBLIC "-//W3C//DTD XHTML 1.0 Transitional//EN"
    "http://www.w3.org/TR/xhtml1/DTD/xhtml1-transitional.dtd">
<html xmlns="http://www.w3.org/1999/xhtml" xml:lang="en" lang="en">
 <head>
  <title>
</title>
<meta http-equiv="Content-Type" content="text/html;charset=utf-8" />
  <meta name='ocr-system' content='tesseract 3.04.00' />
  <meta name='ocr-capabilities' content='ocr_page ocr_carea ocr_par ocr_line ocrx_word'/>
</head>
<body>
  <div class='ocr_page' id='page_1' title='image "./comicorumatticor01kockuoft_0814.png"; bbox 0 0 1838 3230; ppageno 0'>
   <div class='ocr_carea' id='block_1_1' title="bbox 159 156 1091 218">
    <p class='ocr_par' dir='ltr' id='par_1_1' title="bbox 159 156 1091 218">
     <span class='ocr_line' id='line_1_1' title="bbox 159 156 1091 218; baseline -0.013 0"><span class='ocrx_word' id='word_1_1' title='bbox 159 176 243 218; x_wconf 83' lang='lat'><strong>784</strong></span> <span class='ocrx_word' id='word_1_2' title='bbox 780 156 1091 208; x_wconf 69' lang='grc' dir='ltr'><strong>’ΦΙΛΤΑΛῙΟΤ</strong></span> 
     </span>
    </p>
   </div>
   <div class='ocr_carea' id='block_1_2' title="bbox 159 273 1820 391">
    <p class='ocr_par' dir='ltr' id='par_1_2' title="bbox 159 273 1820 391">
     <span class='ocr_line' id='line_1_2' title="bbox 271 273 1820 331; baseline -0.001 -11"><span class='ocrx_word' id='word_1_3' title='bbox 271 281 416 320; x_wconf 86' lang='lat' dir='ltr'>Pollux</span> <span class='ocrx_word' id='word_1_4' title='bbox 450 282 513 327; x_wconf 87' lang='lat'><strong>10,</strong></span> <span class='ocrx_word' id='word_1_5' title='bbox 549 281 602 319; x_wconf 88' lang='grc'><strong>70</strong></span> <span class='ocrx_word' id='word_1_6' title='bbox 631 273 730 317; x_wconf 79' lang='grc' dir='ltr'><em>ἀλλὰ</em></span> <span class='ocrx_word' id='word_1_7' title='bbox 760 276 842 330; x_wconf 82' lang='grc' dir='ltr'><strong>μὴν</strong></span> <span class='ocrx_word' id='word_1_8' title='bbox 871 276 939 318; x_wconf 82' lang='grc' dir='ltr'><strong>καὶ</strong></span> <span class='ocrx_word' id='word_1_9' title='bbox 968 276 1167 330; x_wconf 82' lang='grc' dir='ltr'><em>μετρητὴν</em></span> <span class='ocrx_word' id='word_1_10' title='bbox 1196 276 1267 318; x_wconf 84' lang='grc' dir='ltr'><strong>τὸν</strong></span> <span class='ocrx_word' id='word_1_11' title='bbox 1303 275 1487 330; x_wconf 82' lang='grc' dir='ltr'><em>ἆμφορέα</em></span> <span class='ocrx_word' id='word_1_12' title='bbox 1517 277 1744 331; x_wconf 78' lang='grc' dir='ltr'><em>κεκλῆσθαί</em></span> <span class='ocrx_word' id='word_1_13' title='bbox 1818 327 1820 330; x_wconf 17' lang='lat' dir='ltr'>v</span> 
     </span>
     <span class='ocr_line' id='line_1_3' title="bbox 159 334 1715 391; baseline -0.002 -15"><span class='ocrx_word' id='word_1_14' title='bbox 159 348 285 389; x_wconf 83' lang='grc' dir='ltr'><em>φησιν</em></span> <span class='ocrx_word' id='word_1_15' title='bbox 315 335 359 376; x_wconf 83' lang='grc' dir='ltr'><strong>ἐν</strong></span> <span class='ocrx_word' id='word_1_16' title='bbox 388 342 436 391; x_wconf 84' lang='grc' dir='ltr'><strong>τῇ</strong></span> <span class='ocrx_word' id='word_1_17' title='bbox 471 334 690 390; x_wconf 79' lang='grc' dir='ltr'><em>Δωδεκάτῃ</em></span> <span class='ocrx_word' id='word_1_18' title='bbox 720 334 931 383; x_wconf 83' lang='grc' dir='ltr'><em>Φιλύλλιος</em></span> <span class='ocrx_word' id='word_1_19' title='bbox 961 338 1043 377; x_wconf 82' lang='grc' dir='ltr'><em>κτλ.</em></span> <span class='ocrx_word' id='word_1_20' title='bbox 1075 334 1210 375; x_wconf 77' lang='grc' dir='ltr'><em>εἵνεκα</em></span> <span class='ocrx_word' id='word_1_21' title='bbox 1239 334 1310 390; x_wconf 88' lang='grc' dir='ltr'><strong>Κ.]</strong></span> <span class='ocrx_word' id='word_1_22' title='bbox 1342 334 1504 377; x_wconf 76' lang='grc' dir='ltr'><em>οὕνεκα.</em></span> <span class='ocrx_word' id='word_1_23' title='bbox 1714 370 1715 373; x_wconf 75' lang='grc'>,</span> 
     </span>
    </p>
   </div>
   <div class='ocr_carea' id='block_1_3' title="bbox 863 460 1036 494">
    <p class='ocr_par' dir='ltr' id='par_1_3' title="bbox 863 460 1036 494">
     <span class='ocr_line' id='line_1_4' title="bbox 863 460 1036 494; baseline 0 0"><span class='ocrx_word' id='word_1_24' title='bbox 863 460 1036 494; x_wconf 82' lang='grc' dir='ltr'><strong>ΕΛΕΝΗ</strong></span> 
     </span>
    </p>
   </div>
   <div class='ocr_carea' id='block_1_4' title="bbox 158 523 1740 664">
    <p class='ocr_par' dir='ltr' id='par_1_4' title="bbox 158 523 1740 664">
     <span class='ocr_line' id='line_1_5' title="bbox 272 523 1740 596; baseline -0.001 -1"><span class='ocrx_word' id='word_1_25' title='bbox 272 556 362 595; x_wconf 88' lang='lat' dir='ltr'><strong>Una</strong></span> <span class='ocrx_word' id='word_1_26' title='bbox 391 568 480 594; x_wconf 91' lang='lat' dir='ltr'><strong>cum</strong></span> <span class='ocrx_word' id='word_1_27' title='bbox 512 554 704 594; x_wconf 88' lang='lat' dir='ltr'><strong>Atalanta</strong></span> <span class='ocrx_word' id='word_1_28' title='bbox 733 556 845 594; x_wconf 83' lang='lat' dir='ltr'><strong>extra</strong></span> <span class='ocrx_word' id='word_1_29' title='bbox 871 523 1103 594; x_wconf 73' lang='lat' dir='ltr'><strong>litterarum</strong></span> <span class='ocrx_word' id='word_1_30' title='bbox 1134 554 1318 594; x_wconf 84' lang='lat' dir='ltr'><strong>ordinem</strong></span> <span class='ocrx_word' id='word_1_31' title='bbox 1347 568 1370 594; x_wconf 85' lang='lat' dir='ltr'><strong>a</strong></span> <span class='ocrx_word' id='word_1_32' title='bbox 1392 554 1517 595; x_wconf 82' lang='lat' dir='ltr'><strong>Suida</strong></span> <span class='ocrx_word' id='word_1_33' title='bbox 1545 554 1740 596; x_wconf 77' lang='lat' dir='ltr'><strong>Eudooia-</strong></span> 
     </span>
     <span class='ocr_line' id='line_1_6' title="bbox 158 614 612 664; baseline -0.004 -12"><span class='ocrx_word' id='word_1_34' title='bbox 158 626 234 664; x_wconf 91' lang='lat' dir='ltr'><strong>que</strong></span> <span class='ocrx_word' id='word_1_35' title='bbox 266 614 612 653; x_wconf 79' lang='lat' dir='ltr'><strong>commemoratur.</strong></span> 
     </span>
    </p>
   </div>
   <div class='ocr_carea' id='block_1_5' title="bbox 834 736 1076 770">
    <p class='ocr_par' dir='ltr' id='par_1_5' title="bbox 834 736 1076 770">
     <span class='ocr_line' id='line_1_7' title="bbox 834 736 1076 770; baseline 0 0"><span class='ocrx_word' id='word_1_36' title='bbox 834 736 1076 770; x_wconf 78' lang='grc' dir='ltr'><strong>ΗΡΑΚΛΗΣ</strong></span> 
     </span>
    </p>
   </div>
   <div class='ocr_carea' id='block_1_6' title="bbox 161 825 1740 997">
    <p class='ocr_par' dir='ltr' id='par_1_6' title="bbox 161 825 1740 997">
     <span class='ocr_line' id='line_1_8' title="bbox 275 825 1737 882; baseline 0 -12"><span class='ocrx_word' id='word_1_37' title='bbox 275 831 371 870; x_wconf 84' lang='lat' dir='ltr'>Sine</span> <span class='ocrx_word' id='word_1_38' title='bbox 418 830 538 869; x_wconf 88' lang='lat' dir='ltr'><strong>dubio</strong></span> <span class='ocrx_word' id='word_1_39' title='bbox 582 825 819 882; x_wconf 74' lang='grc' dir='ltr'><em>ἀδηφαγίαν</em></span> <span class='ocrx_word' id='word_1_40' title='bbox 864 829 1049 869; x_wconf 89' lang='lat' dir='ltr'><strong>Herculis</strong></span> <span class='ocrx_word' id='word_1_41' title='bbox 1094 830 1310 870; x_wconf 78' lang='lat' dir='ltr'><strong>inridebat.</strong></span> <span class='ocrx_word' id='word_1_42' title='bbox 1372 831 1545 870; x_wconf 87' lang='lat' dir='ltr'><strong>Meinek.</strong></span> <span class='ocrx_word' id='word_1_43' title='bbox 1583 830 1604 870; x_wconf 94' lang='grc' dir='ltr'>Ι</span> <span class='ocrx_word' id='word_1_44' title='bbox 1642 831 1737 872; x_wconf 81' lang='grc'><strong>260.</strong></span> 
     </span>
     <span class='ocr_line' id='line_1_9' title="bbox 166 885 1740 940; baseline 0.001 -14"><span class='ocrx_word' id='word_1_45' title='bbox 166 888 324 940; x_wconf 84' lang='grc' dir='ltr'><em>Δορπία</em></span> <span class='ocrx_word' id='word_1_46' title='bbox 356 889 538 938; x_wconf 86' lang='lat' dir='ltr'><strong>proxime</strong></span> <span class='ocrx_word' id='word_1_47' title='bbox 569 887 830 926; x_wconf 77' lang='lat' dir='ltr'><strong>antecedebat</strong></span> <span class='ocrx_word' id='word_1_48' title='bbox 860 885 1122 939; x_wconf 81' lang='grc' dir='ltr'><em>Κουρεώτιδι,</em></span> <span class='ocrx_word' id='word_1_49' title='bbox 1152 889 1176 926; x_wconf 89' lang='lat' dir='ltr'><strong>i.</strong></span> <span class='ocrx_word' id='word_1_50' title='bbox 1201 900 1233 930; x_wconf 88' lang='lat' dir='ltr'><strong>e.</strong></span> <span class='ocrx_word' id='word_1_51' title='bbox 1262 888 1299 927; x_wconf 87' lang='lat' dir='ltr'><strong>ei</strong></span> <span class='ocrx_word' id='word_1_52' title='bbox 1331 889 1619 938; x_wconf 83' lang='lat' dir='ltr'><strong>Apaturiorum</strong></span> <span class='ocrx_word' id='word_1_53' title='bbox 1649 888 1740 936; x_wconf 77' lang='lat' dir='ltr'><strong>diei,</strong></span> 
     </span>
     <span class='ocr_line' id='line_1_10' title="bbox 161 945 920 997; baseline -0.001 -13"><span class='ocrx_word' id='word_1_54' title='bbox 161 959 239 997; x_wconf 93' lang='lat' dir='ltr'><strong>quo</strong></span> <span class='ocrx_word' id='word_1_55' title='bbox 271 946 435 985; x_wconf 84' lang='lat' dir='ltr'><strong>Herculi</strong></span> <span class='ocrx_word' id='word_1_56' title='bbox 467 946 682 984; x_wconf 83' lang='lat' dir='ltr'><strong>libabatur.</strong></span> <span class='ocrx_word' id='word_1_57' title='bbox 713 945 765 984; x_wconf 88' lang='lat' dir='ltr'><strong>cf.</strong></span> <span class='ocrx_word' id='word_1_58' title='bbox 797 945 847 983; x_wconf 85' lang='lat' dir='ltr'><strong>fr.</strong></span> <span class='ocrx_word' id='word_1_59' title='bbox 880 945 920 983; x_wconf 88' lang='lat'><strong>8.</strong></span> 
     </span>
    </p>
   </div>
   <div class='ocr_carea' id='block_1_7' title="bbox 363 1055 1408 1261">
    <p class='ocr_par' dir='ltr' id='par_1_7' title="bbox 363 1055 1408 1261">
     <span class='ocr_line' id='line_1_11' title="bbox 943 1055 969 1098; baseline 0 0"><span class='ocrx_word' id='word_1_60' title='bbox 943 1055 969 1098; x_wconf 90' lang='grc'>8</span> 
     </span>
     <span class='ocr_line' id='line_1_12' title="bbox 365 1132 1408 1192; baseline -0.001 -13"><span class='ocrx_word' id='word_1_61' title='bbox 365 1137 593 1192; x_wconf 84' lang='grc' dir='ltr'><em>βούλεσθε</em></span> <span class='ocrx_word' id='word_1_62' title='bbox 625 1134 726 1192; x_wconf 81' lang='grc' dir='ltr'><strong><em>δῆτ’</em></strong></span> <span class='ocrx_word' id='word_1_63' title='bbox 759 1135 842 1191; x_wconf 77' lang='grc' dir='ltr'><strong>ἐγώ</strong></span> <span class='ocrx_word' id='word_1_64' title='bbox 878 1135 1040 1192; x_wconf 77' lang='grc' dir='ltr'><em>φράσω</em></span> <span class='ocrx_word' id='word_1_65' title='bbox 1071 1136 1139 1187; x_wconf 82' lang='grc' dir='ltr'><strong>τίς</strong></span> <span class='ocrx_word' id='word_1_66' title='bbox 1170 1132 1259 1191; x_wconf 84' lang='grc' dir='ltr'><em>εἴμ’</em></span> <span class='ocrx_word' id='word_1_67' title='bbox 1294 1134 1408 1192; x_wconf 53' lang='lat' dir='ltr'><strong>&amp;pah</strong></span> 
     </span>
     <span class='ocr_line' id='line_1_13' title="bbox 363 1204 1337 1261; baseline 0 -13"><span class='ocrx_word' id='word_1_68' title='bbox 363 1204 390 1261; x_wconf 86' lang='grc' dir='ltr'><em>ἡ</em></span> <span class='ocrx_word' id='word_1_69' title='bbox 423 1207 515 1248; x_wconf 77' lang='grc' dir='ltr'><strong>τῶν</strong></span> <span class='ocrx_word' id='word_1_70' title='bbox 546 1207 820 1259; x_wconf 78' lang='grc' dir='ltr'><em>προτενθῶν</em></span> <span class='ocrx_word' id='word_1_71' title='bbox 851 1206 1034 1258; x_wconf 86' lang='grc' dir='ltr'><em>Δορπία</em></span> <span class='ocrx_word' id='word_1_72' title='bbox 1066 1205 1337 1261; x_wconf 82' lang='grc' dir='ltr'><em>καλουμένη.</em></span> 
     </span>
    </p>
   </div>
   <div class='ocr_carea' id='block_1_8' title="bbox 156 1284 1739 1457">
    <p class='ocr_par' dir='ltr' id='par_1_8' title="bbox 156 1284 1739 1457">
     <span class='ocr_line' id='line_1_14' title="bbox 273 1284 1739 1343; baseline -0.001 -14"><span class='ocrx_word' id='word_1_73' title='bbox 273 1290 503 1329; x_wconf 73' lang='lat' dir='ltr'><strong>Athenaeus</strong></span> <span class='ocrx_word' id='word_1_74' title='bbox 534 1290 573 1336; x_wconf 87' lang='lat'><strong>4,</strong></span> <span class='ocrx_word' id='word_1_75' title='bbox 610 1289 722 1327; x_wconf 87' lang='lat' dir='ltr'><strong>171d</strong></span> <span class='ocrx_word' id='word_1_76' title='bbox 754 1285 996 1339; x_wconf 83' lang='grc' dir='ltr'><em>μνημονεύει</em></span> <span class='ocrx_word' id='word_1_77' title='bbox 1034 1284 1172 1327; x_wconf 78' lang='grc' dir='ltr'><em>αὐτῶν</em></span> <span class='ocrx_word' id='word_1_78' title='bbox 1211 1285 1313 1342; x_wconf 74' lang='grc' dir='ltr'><strong>(τῶν</strong></span> <span class='ocrx_word' id='word_1_79' title='bbox 1349 1285 1607 1343; x_wconf 77' lang='grc' dir='ltr'><em>προτενθῶν)</em></span> <span class='ocrx_word' id='word_1_80' title='bbox 1640 1321 1650 1331; x_wconf 95' lang='grc'><strong>.</strong></span> <span class='ocrx_word' id='word_1_81' title='bbox 1685 1321 1694 1330; x_wconf 94' lang='grc'><strong>.</strong></span> <span class='ocrx_word' id='word_1_82' title='bbox 1729 1318 1739 1328; x_wconf 93' lang='grc'><em>.</em></span> 
     </span>
     <span class='ocr_line' id='line_1_15' title="bbox 161 1343 1737 1398; baseline 0 -12"><span class='ocrx_word' id='word_1_83' title='bbox 161 1345 372 1394; x_wconf 84' lang='grc' dir='ltr'><em>Φιλύλλιος</em></span> <span class='ocrx_word' id='word_1_84' title='bbox 405 1344 449 1385; x_wconf 78' lang='grc' dir='ltr'><strong>ἐν</strong></span> <span class='ocrx_word' id='word_1_85' title='bbox 473 1343 668 1397; x_wconf 81' lang='grc' dir='ltr'><em>Ἡρακλεῖ</em></span> <span class='ocrx_word' id='word_1_86' title='bbox 691 1347 772 1385; x_wconf 80' lang='grc' dir='ltr'><em>κτλ.</em></span> <span class='ocrx_word' id='word_1_87' title='bbox 802 1346 890 1396; x_wconf 85' lang='lat' dir='ltr'><strong>ipsa</strong></span> <span class='ocrx_word' id='word_1_88' title='bbox 919 1347 1045 1397; x_wconf 85' lang='lat' dir='ltr'><strong>igitur</strong></span> <span class='ocrx_word' id='word_1_89' title='bbox 1079 1346 1235 1396; x_wconf 86' lang='grc' dir='ltr'><em>Δορπία</em></span> <span class='ocrx_word' id='word_1_90' title='bbox 1265 1346 1424 1386; x_wconf 71' lang='lat' dir='ltr'><strong>fabulae</strong></span> <span class='ocrx_word' id='word_1_91' title='bbox 1444 1358 1617 1398; x_wconf 78' lang='lat' dir='ltr'><strong>persona</strong></span> <span class='ocrx_word' id='word_1_92' title='bbox 1638 1349 1737 1396; x_wconf 77' lang='lat' dir='ltr'><strong>erat,</strong></span> 
     </span>
     <span class='ocr_line' id='line_1_16' title="bbox 156 1403 1537 1457; baseline -0.001 -13"><span class='ocrx_word' id='word_1_93' title='bbox 156 1403 442 1457; x_wconf 76' lang='grc' dir='ltr'><em>προλογίζουσα</em></span> <span class='ocrx_word' id='word_1_94' title='bbox 473 1404 627 1454; x_wconf 90' lang='lat' dir='ltr'><strong>opinor.</strong></span> <span class='ocrx_word' id='word_1_95' title='bbox 661 1403 712 1443; x_wconf 86' lang='lat' dir='ltr'><strong>cf.</strong></span> <span class='ocrx_word' id='word_1_96' title='bbox 744 1403 953 1454; x_wconf 82' lang='lat' dir='ltr'><strong>Aristoph.</strong></span> <span class='ocrx_word' id='word_1_97' title='bbox 986 1403 1094 1442; x_wconf 89' lang='lat' dir='ltr'><strong>Nub.</strong></span> <span class='ocrx_word' id='word_1_98' title='bbox 1129 1405 1250 1443; x_wconf 84' lang='lat'><strong>1198.</strong></span> <span class='ocrx_word' id='word_1_99' title='bbox 1282 1403 1466 1446; x_wconf 81' lang='lat' dir='ltr'><strong>Pherecr.</strong></span> <span class='ocrx_word' id='word_1_100' title='bbox 1500 1405 1537 1443; x_wconf 89' lang='grc'><strong>7.</strong></span> 
     </span>
    </p>
   </div>
   <div class='ocr_carea' id='block_1_9' title="bbox 638 1538 1256 1574">
    <p class='ocr_par' dir='ltr' id='par_1_9' title="bbox 638 1538 1256 1574">
     <span class='ocr_line' id='line_1_17' title="bbox 638 1538 1256 1574; baseline 0 -2"><span class='ocrx_word' id='word_1_101' title='bbox 638 1538 916 1573; x_wconf 80' lang='grc' dir='ltr'><strong>ΠΛΤΝΊῬΙΑΙ</strong></span> <span class='ocrx_word' id='word_1_102' title='bbox 941 1540 975 1572; x_wconf 84' lang='grc' dir='ltr'><strong>Η</strong></span> <span class='ocrx_word' id='word_1_103' title='bbox 999 1539 1256 1574; x_wconf 80' lang='grc' dir='ltr'><strong>ΝΑΤΣΙΚΑΑ</strong></span> 
     </span>
    </p>
   </div>
   <div class='ocr_carea' id='block_1_10' title="bbox 161 1632 1742 1821">
    <p class='ocr_par' dir='ltr' id='par_1_10' title="bbox 161 1632 1742 1821">
     <span class='ocr_line' id='line_1_18' title="bbox 276 1632 1737 1685; baseline -0.001 -11"><span class='ocrx_word' id='word_1_104' title='bbox 276 1635 573 1685; x_wconf 85' lang='lat' dir='ltr'><strong>Argumentum</strong></span> <span class='ocrx_word' id='word_1_105' title='bbox 606 1634 690 1672; x_wconf 86' lang='lat' dir='ltr'><strong>sine</strong></span> <span class='ocrx_word' id='word_1_106' title='bbox 732 1633 875 1680; x_wconf 89' lang='lat' dir='ltr'><strong>dubio,</strong></span> <span class='ocrx_word' id='word_1_107' title='bbox 915 1635 961 1671; x_wconf 91' lang='lat' dir='ltr'><strong>ut</strong></span> <span class='ocrx_word' id='word_1_108' title='bbox 999 1633 1248 1684; x_wconf 82' lang='lat' dir='ltr'><strong>cognominis</strong></span> <span class='ocrx_word' id='word_1_109' title='bbox 1290 1632 1532 1684; x_wconf 84' lang='lat' dir='ltr'><strong>Sophocleae</strong></span> <span class='ocrx_word' id='word_1_110' title='bbox 1567 1632 1737 1682; x_wconf 68' lang='lat' dir='ltr'><strong>fabulae,</strong></span> 
     </span>
     <span class='ocr_line' id='line_1_19' title="bbox 161 1690 1742 1743; baseline -0.001 -11"><span class='ocrx_word' id='word_1_111' title='bbox 161 1706 207 1732; x_wconf 87' lang='lat' dir='ltr'><strong>ex</strong></span> <span class='ocrx_word' id='word_1_112' title='bbox 239 1691 444 1743; x_wconf 81' lang='lat' dir='ltr'><strong>Odysseae</strong></span> <span class='ocrx_word' id='word_1_113' title='bbox 484 1692 587 1730; x_wconf 88' lang='lat' dir='ltr'><strong>libro</strong></span> <span class='ocrx_word' id='word_1_114' title='bbox 628 1693 740 1730; x_wconf 83' lang='lat' dir='ltr'><strong>sexto</strong></span> <span class='ocrx_word' id='word_1_115' title='bbox 778 1691 942 1729; x_wconf 89' lang='lat' dir='ltr'><strong>ductum</strong></span> <span class='ocrx_word' id='word_1_116' title='bbox 979 1697 1076 1729; x_wconf 81' lang='lat' dir='ltr'><strong>erat.</strong></span> <span class='ocrx_word' id='word_1_117' title='bbox 1114 1690 1295 1741; x_wconf 87' lang='lat' dir='ltr'><strong>Philyllii</strong></span> <span class='ocrx_word' id='word_1_118' title='bbox 1334 1691 1538 1730; x_wconf 79' lang='lat' dir='ltr'><strong>comoedia</strong></span> <span class='ocrx_word' id='word_1_119' title='bbox 1573 1693 1742 1742; x_wconf 77' lang='lat' dir='ltr'><strong>propter</strong></span> 
     </span>
     <span class='ocr_line' id='line_1_20' title="bbox 161 1740 1290 1821; baseline -0.002 -32"><span class='ocrx_word' id='word_1_120' title='bbox 161 1751 211 1789; x_wconf 88' lang='lat' dir='ltr'><strong>fr.</strong></span> <span class='ocrx_word' id='word_1_121' title='bbox 246 1751 269 1788; x_wconf 88' lang='lat'>9</span> <span class='ocrx_word' id='word_1_122' title='bbox 301 1748 505 1800; x_wconf 84' lang='lat' dir='ltr'><strong>prioribus</strong></span> <span class='ocrx_word' id='word_1_123' title='bbox 535 1740 676 1821; x_wconf 46' lang='lat' dir='ltr'><strong>poetae</strong></span> <span class='ocrx_word' id='word_1_124' title='bbox 707 1747 854 1787; x_wconf 84' lang='lat' dir='ltr'><strong>fabulis</strong></span> <span class='ocrx_word' id='word_1_125' title='bbox 884 1747 1184 1786; x_wconf 85' lang='lat' dir='ltr'><strong>adnumeranda</strong></span> <span class='ocrx_word' id='word_1_126' title='bbox 1213 1751 1290 1787; x_wconf 74' lang='lat' dir='ltr'><strong>est.</strong></span> 
     </span>
    </p>
   </div>
   <div class='ocr_carea' id='block_1_11' title="bbox 944 1859 971 1901">
    <p class='ocr_par' dir='ltr' id='par_1_11' title="bbox 944 1859 971 1901">
     <span class='ocr_line' id='line_1_21' title="bbox 944 1859 971 1901; baseline 0 0"><span class='ocrx_word' id='word_1_127' title='bbox 944 1859 971 1901; x_wconf 88' lang='lat'>9</span> 
     </span>
    </p>
   </div>
   <div class='ocr_carea' id='block_1_12' title="bbox 158 1939 1738 2170">
    <p class='ocr_par' dir='ltr' id='par_1_12' title="bbox 158 1939 1738 2170">
     <span class='ocr_line' id='line_1_22' title="bbox 277 1939 1737 1996; baseline -0.002 -12"><span class='ocrx_word' id='word_1_128' title='bbox 277 1944 411 1986; x_wconf 89' lang='lat' dir='ltr'><strong>Schol.</strong></span> <span class='ocrx_word' id='word_1_129' title='bbox 442 1944 647 1994; x_wconf 60' lang='lat' dir='ltr'><strong>Aristoph.</strong></span> <span class='ocrx_word' id='word_1_130' title='bbox 683 1944 760 1983; x_wconf 90' lang='lat' dir='ltr'><strong>Av.</strong></span> <span class='ocrx_word' id='word_1_131' title='bbox 794 1943 903 1982; x_wconf 88' lang='grc'>1569</span> <span class='ocrx_word' id='word_1_132' title='bbox 940 1939 1135 1994; x_wconf 83' lang='grc' dir='ltr'><em>μέμνηται</em></span> <span class='ocrx_word' id='word_1_133' title='bbox 1165 1939 1210 1982; x_wconf 79' lang='grc' dir='ltr'><strong>δὲ</strong></span> <span class='ocrx_word' id='word_1_134' title='bbox 1242 1939 1608 1996; x_wconf 83' lang='grc' dir='ltr'><em>(Λαισποδίου)</em></span> <span class='ocrx_word' id='word_1_135' title='bbox 1641 1975 1649 1984; x_wconf 97' lang='grc'><strong><em>.</em></strong></span> <span class='ocrx_word' id='word_1_136' title='bbox 1682 1971 1693 1983; x_wconf 91' lang='grc'><strong>.</strong></span> <span class='ocrx_word' id='word_1_137' title='bbox 1725 1970 1737 1981; x_wconf 92' lang='grc'><strong>.</strong></span> 
     </span>
     <span class='ocr_line' id='line_1_23' title="bbox 161 1995 1738 2053; baseline 0 -14"><span class='ocrx_word' id='word_1_138' title='bbox 161 2000 371 2048; x_wconf 83' lang='grc' dir='ltr'><em>Φιλύλλιος</em></span> <span class='ocrx_word' id='word_1_139' title='bbox 403 1999 448 2040; x_wconf 82' lang='grc' dir='ltr'><strong>ἐν</strong></span> <span class='ocrx_word' id='word_1_140' title='bbox 467 2004 554 2048; x_wconf 84' lang='grc' dir='ltr'><em>ταῖς</em></span> <span class='ocrx_word' id='word_1_141' title='bbox 577 2000 825 2053; x_wconf 81' lang='grc' dir='ltr'><em>Πλυντρίαις</em></span> <span class='ocrx_word' id='word_1_142' title='bbox 846 1995 901 2046; x_wconf 76' lang='grc' dir='ltr'><strong>ὥς</strong></span> <span class='ocrx_word' id='word_1_143' title='bbox 928 1999 1216 2049; x_wconf 78' lang='grc' dir='ltr'><em>φιλοδίκου.</em></span> <span class='ocrx_word' id='word_1_144' title='bbox 1254 2000 1436 2052; x_wconf 86' lang='lat' dir='ltr'><strong>Philyllii</strong></span> <span class='ocrx_word' id='word_1_145' title='bbox 1464 2000 1738 2047; x_wconf 84' lang='lat' dir='ltr'><strong>testimonium</strong></span> 
     </span>
     <span class='ocr_line' id='line_1_24' title="bbox 159 2053 1737 2110; baseline -0.002 -11"><span class='ocrx_word' id='word_1_146' title='bbox 159 2060 273 2099; x_wconf 86' lang='lat' dir='ltr'><strong>abest</strong></span> <span class='ocrx_word' id='word_1_147' title='bbox 302 2073 325 2098; x_wconf 85' lang='lat' dir='ltr'><strong>a</strong></span> <span class='ocrx_word' id='word_1_148' title='bbox 349 2059 395 2098; x_wconf 83' lang='lat' dir='ltr'><strong>R.</strong></span> <span class='ocrx_word' id='word_1_149' title='bbox 418 2057 629 2105; x_wconf 82' lang='grc' dir='ltr'><em>Φιλύλλιος</em></span> <span class='ocrx_word' id='word_1_150' title='bbox 652 2080 708 2087; x_wconf 93' lang='grc'>-</span> <span class='ocrx_word' id='word_1_151' title='bbox 731 2055 978 2108; x_wconf 82' lang='grc' dir='ltr'><em>Πλυντρίαις</em></span> <span class='ocrx_word' id='word_1_152' title='bbox 1007 2057 1176 2097; x_wconf 81' lang='lat' dir='ltr'><strong>Casaub.</strong></span> <span class='ocrx_word' id='word_1_153' title='bbox 1199 2058 1415 2100; x_wconf 88' lang='lat' dir='ltr'><strong>Animadv.</strong></span> <span class='ocrx_word' id='word_1_154' title='bbox 1433 2057 1578 2098; x_wconf 85' lang='lat' dir='ltr'><strong>Athen.</strong></span> <span class='ocrx_word' id='word_1_155' title='bbox 1596 2058 1640 2107; x_wconf 84' lang='lat'><strong>7,</strong></span> <span class='ocrx_word' id='word_1_156' title='bbox 1663 2053 1737 2110; x_wconf 78' lang='lat'><strong>23]</strong></span> 
     </span>
     <span class='ocr_line' id='line_1_25' title="bbox 158 2113 1613 2170; baseline -0.001 -17"><span class='ocrx_word' id='word_1_157' title='bbox 158 2115 350 2168; x_wconf 77' lang='grc' dir='ltr'><em>Φιλύριος</em></span> <span class='ocrx_word' id='word_1_158' title='bbox 385 2114 618 2167; x_wconf 83' lang='grc' dir='ltr'><em>(Φιλλύριος</em></span> <span class='ocrx_word' id='word_1_159' title='bbox 651 2113 706 2170; x_wconf 93' lang='lat' dir='ltr'><strong>V)</strong></span> <span class='ocrx_word' id='word_1_160' title='bbox 739 2138 793 2143; x_wconf 92' lang='lat'><em>-</em></span> <span class='ocrx_word' id='word_1_161' title='bbox 826 2113 1112 2167; x_wconf 82' lang='grc' dir='ltr'><em>Πλυντηρίαις.</em></span> <span class='ocrx_word' id='word_1_162' title='bbox 1610 2148 1613 2151; x_wconf 90' lang='grc'>.</span> 
     </span>
    </p>
   </div>
   <div class='ocr_carea' id='block_1_13' title="bbox 854 2239 1050 2274">
    <p class='ocr_par' dir='ltr' id='par_1_13' title="bbox 854 2239 1050 2274">
     <span class='ocr_line' id='line_1_26' title="bbox 854 2239 1050 2274; baseline -0.01 0"><span class='ocrx_word' id='word_1_163' title='bbox 854 2239 1050 2274; x_wconf 83' lang='grc' dir='ltr'><strong>ΠΟΛΕΙΣ</strong></span> 
     </span>
    </p>
   </div>
   <div class='ocr_carea' id='block_1_14' title="bbox 163 2330 1737 2443">
    <p class='ocr_par' dir='ltr' id='par_1_14' title="bbox 163 2330 1737 2443">
     <span class='ocr_line' id='line_1_27' title="bbox 279 2330 1737 2386; baseline -0.002 -12"><span class='ocrx_word' id='word_1_164' title='bbox 279 2335 340 2374; x_wconf 83' lang='lat' dir='ltr'><strong>Cf.</strong></span> <span class='ocrx_word' id='word_1_165' title='bbox 371 2348 471 2385; x_wconf 89' lang='lat' dir='ltr'><strong>quae</strong></span> <span class='ocrx_word' id='word_1_166' title='bbox 503 2335 783 2374; x_wconf 85' lang='lat' dir='ltr'><strong>adnotavimus</strong></span> <span class='ocrx_word' id='word_1_167' title='bbox 814 2333 863 2373; x_wconf 85' lang='lat' dir='ltr'><strong>ad</strong></span> <span class='ocrx_word' id='word_1_168' title='bbox 894 2334 1173 2384; x_wconf 86' lang='lat' dir='ltr'><strong>cognominem</strong></span> <span class='ocrx_word' id='word_1_169' title='bbox 1194 2333 1338 2373; x_wconf 86' lang='lat' dir='ltr'><strong>Eunici</strong></span> <span class='ocrx_word' id='word_1_170' title='bbox 1367 2333 1558 2386; x_wconf 79' lang='lat' dir='ltr'><strong>fabulam.</strong></span> <span class='ocrx_word' id='word_1_171' title='bbox 1590 2330 1737 2380; x_wconf 79' lang='grc' dir='ltr'><strong><em>Πόλεις</em></strong></span> 
     </span>
     <span class='ocr_line' id='line_1_28' title="bbox 163 2389 1720 2443; baseline -0.001 -11"><span class='ocrx_word' id='word_1_172' title='bbox 163 2393 408 2443; x_wconf 87' lang='lat' dir='ltr'><strong>scripserunt</strong></span> <span class='ocrx_word' id='word_1_173' title='bbox 437 2392 555 2430; x_wconf 89' lang='lat' dir='ltr'><strong>etiam</strong></span> <span class='ocrx_word' id='word_1_174' title='bbox 590 2392 759 2442; x_wconf 83' lang='lat' dir='ltr'><strong>Eupolis</strong></span> <span class='ocrx_word' id='word_1_175' title='bbox 790 2394 832 2430; x_wconf 83' lang='lat' dir='ltr'><strong>et</strong></span> <span class='ocrx_word' id='word_1_176' title='bbox 861 2390 1180 2431; x_wconf 79' lang='lat' dir='ltr'><strong>Anaxandrides.</strong></span> <span class='ocrx_word' id='word_1_177' title='bbox 1212 2391 1383 2430; x_wconf 87' lang='lat' dir='ltr'><strong>Meinek.</strong></span> <span class='ocrx_word' id='word_1_178' title='bbox 1409 2389 1430 2429; x_wconf 93' lang='grc' dir='ltr'>Ι</span> <span class='ocrx_word' id='word_1_179' title='bbox 1451 2391 1547 2430; x_wconf 83' lang='grc'>250.</span> <span class='ocrx_word' id='word_1_180' title='bbox 1571 2390 1667 2430; x_wconf 79' lang='lat'><strong>260.</strong></span> <span class='ocrx_word' id='word_1_181' title='bbox 1699 2392 1720 2429; x_wconf 94' lang='grc'>1</span> 
     </span>
    </p>
   </div>
   <div class='ocr_carea' id='block_1_15' title="bbox 931 2502 985 2545">
    <p class='ocr_par' dir='ltr' id='par_1_15' title="bbox 931 2502 985 2545">
     <span class='ocr_line' id='line_1_29' title="bbox 931 2502 985 2545; baseline 0 0"><span class='ocrx_word' id='word_1_182' title='bbox 931 2502 985 2545; x_wconf 88' lang='grc'><strong>10</strong></span> 
     </span>
    </p>
   </div>
   <div class='ocr_carea' id='block_1_16' title="bbox 364 2577 1436 2776">
    <p class='ocr_par' dir='ltr' id='par_1_16' title="bbox 364 2577 1436 2776">
     <span class='ocr_line' id='line_1_30' title="bbox 913 2577 1243 2638; baseline -0.003 -13"><span class='ocrx_word' id='word_1_183' title='bbox 913 2577 939 2625; x_wconf 83' lang='grc' dir='ltr'>ὃ</span> <span class='ocrx_word' id='word_1_184' title='bbox 968 2598 1010 2625; x_wconf 88' lang='grc' dir='ltr'><strong>τι</strong></span> <span class='ocrx_word' id='word_1_185' title='bbox 1041 2578 1101 2624; x_wconf 71' lang='grc' dir='ltr'><strong>ἄν</strong></span> <span class='ocrx_word' id='word_1_186' title='bbox 1130 2582 1243 2638; x_wconf 85' lang='grc' dir='ltr'><strong><em>τύχῃ</em></strong></span> 
     </span>
     <span class='ocr_line' id='line_1_31' title="bbox 364 2649 1436 2709; baseline -0.004 -13"><span class='ocrx_word' id='word_1_187' title='bbox 364 2651 387 2696; x_wconf 90' lang='grc' dir='ltr'>ὁ</span> <span class='ocrx_word' id='word_1_188' title='bbox 419 2652 643 2709; x_wconf 70' lang='grc' dir='ltr'><em>μάγειρος</em></span> <span class='ocrx_word' id='word_1_189' title='bbox 664 2649 898 2708; x_wconf 77' lang='grc' dir='ltr'><em>ἀδικήσας,</em></span> <span class='ocrx_word' id='word_1_190' title='bbox 929 2650 1011 2694; x_wconf 82' lang='grc' dir='ltr'><strong>τὸν</strong></span> <span class='ocrx_word' id='word_1_191' title='bbox 1043 2649 1246 2706; x_wconf 81' lang='grc' dir='ltr'><em>αὐλητήν</em></span> <span class='ocrx_word' id='word_1_192' title='bbox 1276 2651 1436 2705; x_wconf 78' lang='grc' dir='ltr'><em>λαβεῖν</em></span> 
     </span>
     <span class='ocr_line' id='line_1_32' title="bbox 364 2722 551 2776; baseline 0.005 -13"><span class='ocrx_word' id='word_1_193' title='bbox 364 2722 551 2776; x_wconf 76' lang='grc' dir='ltr'><em>πληγάς.</em></span> 
     </span>
    </p>
   </div>
   <div class='ocr_carea' id='block_1_17' title="bbox 159 2798 1736 2914">
    <p class='ocr_par' dir='ltr' id='par_1_17' title="bbox 159 2798 1736 2914">
     <span class='ocr_line' id='line_1_33' title="bbox 275 2798 1736 2855; baseline -0.002 -11"><span class='ocrx_word' id='word_1_194' title='bbox 275 2805 502 2844; x_wconf 87' lang='lat' dir='ltr'><strong>Athenaeus</strong></span> <span class='ocrx_word' id='word_1_195' title='bbox 525 2807 563 2853; x_wconf 87' lang='lat'><strong>9,</strong></span> <span class='ocrx_word' id='word_1_196' title='bbox 586 2806 662 2844; x_wconf 88' lang='lat'><strong>381</strong></span> <span class='ocrx_word' id='word_1_197' title='bbox 678 2819 702 2844; x_wconf 84' lang='lat' dir='ltr'><strong>a</strong></span> <span class='ocrx_word' id='word_1_198' title='bbox 721 2800 933 2851; x_wconf 81' lang='grc' dir='ltr'><em>Φιλύλλιός</em></span> <span class='ocrx_word' id='word_1_199' title='bbox 961 2817 1001 2843; x_wconf 86' lang='grc' dir='ltr'><strong>τε</strong></span> <span class='ocrx_word' id='word_1_200' title='bbox 1026 2799 1055 2855; x_wconf 75' lang='grc' dir='ltr'><em>ἢ</em></span> <span class='ocrx_word' id='word_1_201' title='bbox 1082 2798 1103 2842; x_wconf 86' lang='grc' dir='ltr'>ὁ</span> <span class='ocrx_word' id='word_1_202' title='bbox 1128 2800 1299 2854; x_wconf 81' lang='grc' dir='ltr'><em>ποιήσας</em></span> <span class='ocrx_word' id='word_1_203' title='bbox 1331 2798 1399 2849; x_wconf 77' lang='grc' dir='ltr'><strong>τὰς</strong></span> <span class='ocrx_word' id='word_1_204' title='bbox 1431 2799 1577 2849; x_wconf 78' lang='grc' dir='ltr'><em>Πόλεις</em></span> <span class='ocrx_word' id='word_1_205' title='bbox 1607 2799 1736 2853; x_wconf 80' lang='grc' dir='ltr'><em>φησίν</em></span> 
     </span>
     <span class='ocr_line' id='line_1_34' title="bbox 159 2857 1731 2914; baseline -0.002 -13"><span class='ocrx_word' id='word_1_206' title='bbox 159 2864 239 2901; x_wconf 76' lang='grc' dir='ltr'><em>κτλ.</em></span> <span class='ocrx_word' id='word_1_207' title='bbox 331 2863 368 2900; x_wconf 87' lang='grc'><strong>2.</strong></span> <span class='ocrx_word' id='word_1_208' title='bbox 400 2857 421 2900; x_wconf 87' lang='grc' dir='ltr'><strong>ὁ</strong></span> <span class='ocrx_word' id='word_1_209' title='bbox 459 2862 550 2900; x_wconf 83' lang='lat' dir='ltr'><strong>add.</strong></span> <span class='ocrx_word' id='word_1_210' title='bbox 590 2863 763 2901; x_wconf 90' lang='lat' dir='ltr'><strong>Meinek.</strong></span> <span class='ocrx_word' id='word_1_211' title='bbox 814 2858 1024 2908; x_wconf 80' lang='grc' dir='ltr'><em>Φιλύλλιος</em></span> <span class='ocrx_word' id='word_1_212' title='bbox 1054 2859 1106 2914; x_wconf 87' lang='grc' dir='ltr'><strong>Ρ]</strong></span> <span class='ocrx_word' id='word_1_213' title='bbox 1146 2858 1357 2910; x_wconf 78' lang='grc' dir='ltr'><em>φιλύλαιος</em></span> <span class='ocrx_word' id='word_1_214' title='bbox 1395 2859 1442 2901; x_wconf 91' lang='lat' dir='ltr'><strong>A.</strong></span> <span class='ocrx_word' id='word_1_215' title='bbox 1493 2859 1542 2898; x_wconf 87' lang='lat' dir='ltr'><strong>cf.</strong></span> <span class='ocrx_word' id='word_1_216' title='bbox 1583 2859 1731 2898; x_wconf 79' lang='lat' dir='ltr'><strong>Eubul.</strong></span> 
     </span>
    </p>
   </div>
  </div>
 </body>
</html>
