1872 3224
2 979 14 982 ;
0 964 6 972 ⁷
0 948 3 955 ·
7 939 9 941 ·
0 826 13 932 'xv-sw:
0 797 5 823 Ἴ·
14 754 18 756 ,

683 196 943 230 ΧΕῙΡΩΝΕΣ
985 196 1050 231 521³
1057 197 1105 229 AI
1628 194 1684 238 89

830 335 947 370 ΩΡΑῙ

209 406 350 457 Neque
381 406 430 446 de
451 408 689 458 argumento
720 420 849 458 neque
878 407 925 447 de
948 410 1131 459 tempore
1160 408 1331 447 constat.
1363 407 1530 446 fuerunt
1549 407 1682 446 Horae

31 495 33 497 -
95 464 218 504 etiam
250 464 538 515 Aristophanis
570 467 610 504 et
641 464 853 505 Anaxilae.

845 578 932 621 250

301 655 403 701 ἀλλ’
435 652 496 715 ἦν
526 654 591 701 ὅτ’
626 658 678 701 ἐν
709 657 901 714 φώσωνι
931 656 1016 715 τὴν
1049 661 1154 715 ἴσην
1185 659 1301 714 ἔχων

301 725 399 784 μετ’
434 726 548 783 ἐμοῦ
580 728 734 784 διῆγες
764 731 975 784 οῖ’ναρον,
1009 727 1157 771 ἕλκων
1187 730 1266 783 τῆς
1295 726 1475 783 τρυγός.

209 812 353 852 Pollux
385 813 511 860 6,18
550 809 620 851 τὸν
656 808 701 850 δὲ
737 805 849 851 οἶνον
886 809 953 851 καὶ
990 810 1115 864 τρύγα
1146 807 1338 861 ἐκάλουν,
1377 807 1432 858 ὥς
1464 808 1508 851 ἐν
1532 809 1684 864 Ὡραις

94 864 309 923 Κρατῖνος.
368 872 388 908 1
424 883 503 910 om.
536 870 588 909 A.
622 866 696 921 τὴν
726 867 823 921 ι’σην
853 867 955 922 ἔχων
985 870 1089 912 Lob.
1120 870 1272 922 Phryn.
1306 869 1377 922 73]
1410 863 1484 920 τὴν
1514 869 1555 909 οἱ
1582 879 1682 909 συν-

96 924 209 980 έχων.
240 928 344 967 Poll.
381 930 420 977 7,
453 929 505 967 71
538 924 559 967 ὁ
591 924 742 996 majoma)
772 925 894 979 χιτών
933 925 1181 980 Αἰγύπτιος,
1221 925 1264 966 ἐκ
1300 924 1445 979 παχέος
1483 926 1618 978 λίνου,
1657 921 1686 979 ἦ

0 995 11 1031 ‚²
93 999 173 1025 που
203 981 248 1024 δὲ
278 981 346 1024 καὶ
378 983 421 1024 τὸ
450 981 754 1037 ἡμιφωσωνιον.
787 986 836 1024 cf.
870 986 1075 1037 Aristoph.
1097 986 1146 1025 fr.
1172 986 1268 1025 784.
1303 983 1346 1024 ἐν
1377 995 1556 1035 φωσωνι,
1590 986 1616 1024 i.
1647 998 1682 1025 e.

94 1041 275 1095 φώσωνα
305 1039 590 1112 ἠμφιεσμένος.
624 1044 674 1083 of.
706 1044 986 1084 Hemsterhus.
1010 1044 1218 1095 Aristoph.
1241 1043 1348 1083 Plut.
1373 1044 1455 1082 479
1486 1043 1548 1083 ed.
1570 1043 1681 1094 Lips.

94 1098 170 1153 τὴν
200 1100 314 1153 ι’σην,
343 1102 371 1142 i.
404 1115 436 1141 e.
469 1104 637 1154 μοῖραν,
669 1101 777 1153 quod
808 1102 1034 1141 Meinekius
1065 1102 1217 1152 recepit
1246 1114 1320 1152 pro
1351 1099 1530 1152 οίναρον.
1563 1102 1605 1140 in
1636 1114 1682 1140 eo

93 1160 230 1211 potius
270 1157 486 1212 σμικρόν
525 1156 714 1212 (σμικρὸν
746 1155 872 1199 ἕλκων
902 1164 973 1211 τῆς
1011 1157 1176 1211 τρυγός)
1208 1160 1334 1198 latele
1365 1159 1540 1198 videtur.
1594 1159 1682 1197 Ari-

95 1218 224 1268 stoph.
264 1216 386 1268 Vesp.
426 1218 508 1257 878
554 1215 699 1270 μικρὸν
735 1213 904 1269 μέλιτος.
954 1218 1104 1257 Eubul.
1144 1218 1213 1263 42,
1253 1218 1279 1255 4
1321 1214 1491 1255 ἑκάστου
1529 1214 1686 1269 μικρόν,

93 1274 254 1314 Alexid.
288 1275 357 1325 83,
380 1276 404 1315 3
438 1274 621 1314 στεατίου
650 1273 810 1327 μικρόν.
842 1275 911 1327 τῆς
942 1273 1106 1328 τρυγός,
1135 1278 1181 1314 ut
1202 1275 1411 1325 Aristoph.
1446 1274 1494 1313 fr.
1524 1276 1617 1326 109,
1642 1275 1682 1312 4.

94 1330 190 1385 τρύξ
221 1333 287 1372 ‘de
303 1333 398 1373 vino
419 1333 572 1373 recenti
592 1335 633 1373 et
651 1334 756 1373 vili'.
779 1334 951 1373 Meinek.
974 1355 1028 1361 -
1052 1333 1309 1384 conloquitur
1328 1332 1462 1372 nescio
1486 1332 1591 1383 quis,
1615 1332 1685 1383 qui

93 1392 137 1430 in
165 1391 279 1430 tenui
310 1392 419 1431 sorte
450 1394 753 1443 permanserat,
786 1404 876 1431 cum
908 1391 1036 1431 altero
1067 1391 1110 1430 in
1140 1391 1358 1430 lautiorem
1388 1391 1542 1430 evecto.

851 1503 935 1546 251

360 1642 363 1644 μ
799 1586 899 1641 μῶν
929 1584 1184 1641 βδελυγμία
1215 1581 1259 1627 σ’
1292 1585 1403 1639 ἔχει;

372 1651 542 1709 πτερὸν
571 1652 740 1709 ταχέως
770 1670 837 1705 τις
868 1653 943 1697 καὶ
974 1653 1175 1709 λεκάνην
1208 1651 1454 1708 ἐνεγκάτω.

209 1738 357 1777 Pollux
390 1738 457 1787 10,
492 1740 544 1777 76
584 1736 650 1777 καὶ
689 1734 766 1790 γὰρ
798 1735 868 1777 ἴνα
907 1735 1089 1789 ἕξεμοῦσι
1126 1735 1194 1777 καὶ
1224 1741 1342 1776 τοῦτο
1372 1734 1549 1788 λεκάνην
1579 1732 1682 1775 ὦνό-

93 1796 238 1846 μαζον,
269 1791 325 1842 ὥς
347 1796 547 1847 Κρατῖνος
569 1793 614 1836 ἐν
630 1793 792 1849 ”Ωραις.
826 1796 877 1837 cf.
900 1795 1109 1846 Aristoph.
1139 1796 1240 1837 Ach.
1264 1795 1492 1834 584—588
1514 1797 1555 1834 et
1575 1794 1683 1833 Nub.

96 1855 177 1894 907
212 1866 303 1894 cum
332 1854 501 1904 interpr.

285 2021 413 2066 ταῦτ’
445 2021 562 2066 αὐτοὶ
592 2025 797 2079 πράττω,
826 2021 984 2079 Ηφασκ
1019 2020 1135 2079 ἀνὴρ
1168 2019 1307 2066 οὐδὲν
1337 2023 1495 2065 ποιῶν.

212 2097 382 2147 Photius
421 2109 463 2146 et
502 2107 614 2147 Suid.
660 2111 786 2147 ταῦτα
826 2105 1021 2159 πράσσων
1058 2102 1186 2156 φάσκ’
1237 2103 1360 2170 ἀνὴρ
1382 2102 1505 2145 οὐδὲν
1543 2109 1682 2147 ποιῶν,

94 2165 296 2217 Κρατῖνος
317 2162 486 2216 Ὥραις
518 2160 543 2216 ἡ
575 2162 651 2217 γὰρ
671 2163 864 2217 παροιμία
896 2162 961 2204 ἐπὶ
992 2169 1073 2203 τῶν
1093 2161 1222 2216 μηδὲν
1242 2159 1480 2203 ποιούντων.
1513 2164 1688 2203 correxit

86 2223 302 2262 Dobraeus
334 2223 517 2262 Αᾱνθιπε
537 2222 557 2262 Ι
580 2224 677 2263 610.
710 2223 818 2274 quod
850 2223 1024 2262 coniecit
1063 2222 1201 2262 Cobet.
1234 2223 1385 2264 Mnem.
1417 2222 1495 2261 VII
1527 2222 1610 2260 476
1650 2219 1690 2259 τί

95 2284 221 2319 ταῦτα
251 2278 435 2332 πράττω,
468 2280 510 2322 id
542 2281 695 2320 dudum
715 2283 923 2331 repertum
954 2294 976 2319 a
1005 2280 1161 2328 Toupio
1184 2277 1353 2319 Emend.
1376 2280 1417 2318 II
1441 2280 1522 2318 232
1554 2279 1685 2318 multo

95 2338 265 2378 inferius
297 2340 359 2378 est
390 2337 568 2378 Dobraei
600 2338 892 2378 emendatione.

849 2449 934 2494 253

302 2533 412 2581 ἴσως
441 2529 732 2587 πυρορραγὲς
761 2533 923 2580 κακῶς
942 2528 984 2573 τ’
1016 2527 1294 2586 ὠπτημένον.

214 2614 360 2654 Suidas
391 2609 647 2666 πυρορραγής
661 2626 670 2634 ·
702 2613 935 2667 πυρορραγῆ
965 2612 1134 2665 κεράμια
1154 2615 1332 2652 καλεῖται
1352 2609 1427 2652 ὅσα
1450 2610 1494 2652 ἐν
1514 2617 1568 2667 τῷ
1588 2611 1686 2665 πυρὶ

74 2668 291 2725 ιῥήγνυται
322 2669 366 2710 ἐν
386 2676 440 2726 τῷ
460 2673 681 2710 ὀπτᾶσθαι.
715 2673 916 2724 Κρατῖνος
949 2669 992 2710 ἐν
1011 2669 1173 2723 ’Ώραιςκ
1204 2671 1349 2710 Pollux
1371 2673 1410 2722 7,
1435 2671 1514 2711 164
1544 2683 1684 2723 πυριρ-

96 2727 221 2782 ραγής
261 2728 465 2781 Κρατίνου
505 2727 686 2776 εἰπόντος
728 2727 772 2768 ἐν
791 2727 954 2781 ”ῼραις.
994 2733 1226 2780 πυριρραγῆ
1265 2727 1399 2768 Schol.
1431 2728 1532 2767 Ven.
1562 2728 1609 2767 Il.
1645 2730 1682 2777 2,

99 2789 179 2827 219
211 2787 357 2827 ‘forma
385 2788 519 2826 minus
551 2788 670 2827 obvia
702 2789 743 2826 et
771 2788 942 2826 fortasse
975 2800 997 2825 a
1027 2787 1204 2825 librariis
1235 2786 1384 2835 passim
1417 2786 1682 2826 oblitterata'.

99 2843 254 2884 Schaef.
288 2843 410 2896 Greg.
443 2843 535 2884 Cor.
570 2846 594 2884 8
636 2845 730 2884 adn.
768 2858 842 2895 pro
882 2843 980 2891 ἴσως
1017 2844 1130 2883 Pors.
1172 2843 1277 2884 Adv.
1312 2844 1393 2883 285
1426 2839 1484 2881 ἴδ’
1519 2839 1589 2890 ὥς.
1642 2845 1684 2882 at

100 2898 161 2940 ι’ὃέ
191 2902 352 2941 comicis
383 2902 583 2953 ignotum.
615 2903 790 2941 ceterum
822 2902 870 2941 of.
903 2901 1109 2951 Aristoph.
1142 2900 1242 2939 th.
1276 2896 1371 2939 934.
