1872 3224
640 187 850 224 ΑΔΗΛΩΝ
877 192 1146 229 ΔΡΑΜΑΤΩΝ
1593 201 1676 245 345

61 272 207 330 GAdv.
241 284 346 351 285]
377 285 575 339 κατάξεις.
628 293 760 335 ‘verba
790 297 894 337 enim
923 303 1040 349 caput
1069 301 1152 341 eius
1180 314 1263 342 non
1290 302 1530 352 diffindent!
1577 307 1672 346 Mei-

53 340 192 383 mk.
223 355 282 384 810
317 346 526 399 Arisfioph.
559 350 655 394 Ach.
690 354 800 394 1180
836 353 1009 409 κατέαγα
1039 362 1110 410 τῆς
1140 360 1316 411 κεφαλῆς
1347 365 1463 411 caput
1491 363 1601 404 imlisi
1629 366 1674 404 in

854 491 940 534 324

306 560 404 607 ἄνω
437 563 638 621 ῥοθιάζει
668 567 772 625 περὶ
802 566 855 614 τα
886 573 1009 629 χείλη
1040 575 1118 629 τῆς
1148 576 1274 627 νεώς.

32 707 33 710 ¹
214 644 361 712 qulux
392 649 436 718 2,,
464 652 519 690 90
550 648 730 701 Εὔπολις
763 650 806 693 δὲ
835 653 903 694 καὶ
932 650 1030 704 νεῶς
1061 657 1167 709 χείλη
1198 657 1368 711 εἴρηκεν.
1412 658 1500 701 ἅνω
1531 660 1673 714 ῥοθιά-

30 714 48 751 ·,
83 700 380 811 Δ’ζηζειθέἑῑλοοιτἓξὲξι.]
412 708 623 780 ανωροθία
652 706 691 762 ἡ.
741 709 828 752 ὀὶνω
866 711 1028 765 ῥοθίαζε
1067 715 1299 800 fbunkelius.
1350 716 1541 770 ῥοθιάζει,
1580 721 1605 759 i.
1639 734 1673 760 e.

851 848 936 892 325

280 919 418 965 ’ὅταν
450 923 500 968 δὲ
532 923 586 981 δή
619 929 786 971 πίνωσι
816 928 901 985 τὴν
933 927 1200 982 ἐπιδέξια-

214 1004 360 1046 Pollux
391 1008 429 1058 2,
466 1010 546 1050 159
585 1008 694 1064 παρὰ
733 1008 778 1051 δὲ
809 1009 1011 1054 Εὐπόλιδι
1047 1013 1278 1067 προπόσεως
1318 1011 1491 1069 (πόσεως
1538 1017 1676 1058 Cobet.

101 1061 252 1134 anm.
279 1063 367 1132 1111
397 1066 498 1120 301)
539 1073 673 1120 σχῆμα
710 1072 792 1110 κτλ.
843 1068 893 1123 δὴ
934 1071 1023 1111 add.
1064 1072 1256 1124 Toupius.
1309 1071 1479 1126 τρόπους
1516 1073 1676 1114 πόσεων

11 1143 14 1146 >
98 1133 199 1159 κατα
236 1122 372 1171 πολεις
410 1123 540 1173 ἰδίους
579 1140 894 1168 commemorans
934 1129 1080 1170 Athen.
1130 1132 1195 1179 11,
1227 1131 1370 1171 463ef
1406 1127 1427 1170 ὁ
1462 1130 1537 1183 μὲν
1575 1133 1673 1180 Χῖος

0 1178 12 1229 5
97 1175 166 1218 καὶ
196 1176 346 1228 Θάσιος
387 1178 432 1222 ἐκ
460 1181 646 1235 μεγάλων
675 1185 854 1225 κυλίκων
885 1183 1072 1236 ἐπιδέξια,
1104 1183 1125 1226 ὁ
1162 1181 1406 1236 δ’*Ἀττικὸς
1438 1186 1481 1228 ἐκ
1519 1189 1672 1240 μικρῶν

15 1287 18 1292 ,
99 1233 291 1287 ἐπιδέξια.
341 1240 393 1280 cf.
426 1241 660 1282 Anaxandr.
695 1245 731 1283 1.
765 1243 910 1286 Critias
943 1246 980 1295 7,
1015 1247 1037 1284 7
1070 1241 1139 1300 (cf.
1173 1246 1211 1295 2,
1243 1246 1282 1285 4.
1317 1244 1360 1300 7)
1398 1247 1542 1299 Bergk.
1573 1249 1670 1294 παῖς

0 1298 2 1301 ’
100 1324 111 1335 .
142 1325 152 1336 .
181 1293 400 1349 προπόσεις
429 1296 607 1349 ἐπιδέξια
638 1306 797 1353 νωμῶν.

850 1414 934 1458 326

307 1494 440 1535 οἴνου
471 1492 698 1549 παρόντος
729 1492 831 1547 ὅξος
860 1492 1042 1552 ἠράσθη
1073 1503 1206 1538 πιεῖν.

216 1575 364 1616 Pollux
394 1578 432 1626 6,
467 1578 519 1618 65
551 1573 606 1626 ὡς
638 1576 819 1627 Εὔπολις
850 1581 931 1619 κτλ.
964 1580 1013 1620 cf.
1047 1580 1237 1631 Amphid.
1271 1581 1337 1619 22.
1370 1581 1438 1619 26.

850 1691 931 1734 327

282 1767 395 1825 ’ἐγώ
427 1769 478 1814 δὲ
507 1771 650 1826 χαίρω
681 1770 794 1828 πρός
822 1787 873 1827 γε
903 1778 996 1822 τοῖς
1025 1777 1122 1822 σοῖς
1151 1770 1388 1821 παιδικοῖς.

215 1853 398 1903 Photius‚
433 1853 567 1897 Schol.
588 1855 683 1895 Ald.
716 1852 922 1907 Aristoph.
955 1855 1077 1906 Vesp.
1103 1856 1224 1895 1026.
1254 1854 1498 1894 Baehmann.
1520 1853 1672 1894 Anecd.

65 1934 68 1938 ·
99 1911 120 1951 I
151 1911 250 1952 324.
283 1911 425 1952 Suidas
455 1911 648 1951 παιδικά·
681 1910 742 1952 ὅτι
771 1909 816 1952 δὲ
847 1911 1018 1952 ἐκάλουν
1037 1909 1166 1959 οὕτως
1188 1907 1391 1966 (παιδικὰ)
1411 1908 1479 1950 καὶ
1506 1908 1553 1949 τὰ
1574 1908 1673 1962 πρὸς

95 1971 295 2021 γυναῖκας
327 1966 507 2016 Εὔπολις
538 1966 796 2023 (μαρτυρεῐ)·
828 1968 927 2022 φησὶ
955 1967 1031 2022 γὰρ
1061 1965 1115 2017 ὦς
1137 1966 1235 2021 πρὸς
1253 1963 1470 2020 αὐλητρίδα
1494 1979 1573 2014 τις·
1595 1965 1670 2020 ἐγώ

98 2027 183 2065 κτλ.
215 2027 354 2066 eadem
386 2026 561 2067 Cramer.
594 2029 748 2068 Anecd.
781 2028 871 2067 Par.
901 2027 983 2066 IIII
1014 2028 1105 2076 173,
1131 2028 1198 2078 12,
1230 2027 1298 2066 ubi
1329 2028 1464 2065 tamen
1493 2035 1666 2077 προσαυ-

95 2082 261 2136 λητριδα
293 2105 346 2112 —
378 2083 502 2135 χαίρω
533 2092 557 2128 Ε
591 2095 677 2123 τοισ
707 2095 794 2123 σοισ
823 2083 1039 2132 παιδικοις.
1089 2078 1188 2136 πρός
1217 2097 1261 2135 γε
1291 2082 1429 2134 Phot]
1461 2080 1572 2134 πρὸς.
1621 2095 1671 2121 an

100 2135 175 2194 ἐγώ
206 2136 245 2180 δ’
280 2139 483 2194 ἔχαιρον
511 2137 709 2194 πρόσθε
739 2142 853 2183 mk?

848 2254 931 2297 328

307 2332 425 2390 γυνή
457 2334 680 2390 μέλαιναν
711 2335 870 2390 δέρριν
899 2332 1179 2390 ἠμφιεσμένη

214 2419 394 2471 Etymol.
425 2432 478 2460 m.
511 2419 609 2471 257,
644 2421 696 2458 13
727 2415 877 2471 δέρρις·
910 2414 1066 2470 ἱμάτιον
1095 2407 1201 2468 παχὺ
1229 2412 1259 2468 ἢ
1287 2412 1410 2467 δέρμα
1439 2410 1467 2465 ἢ
1496 2412 1670 2466 τρίχινον

97 2473 388 2528 παραπέτασμα
419 2473 483 2515 ἐπὶ
503 2479 589 2524 ταῖς
610 2474 759 2529 θύραις
789 2478 876 2523 ταῖς
897 2471 1072 2522 αὐλείαις
1093 2471 1346 2526 βαλλόμενον.
1379 2470 1562 2518 Εὔπολις
1582 2472 1665 2510 κτλ.

97 2534 491 2633 ἒῗὶιειηὸἆίἕέἰιθοέτὲ
527 2535 578 2574 ad
608 2534 770 2575 Amicos
801 2534 897 2574 haec
934 2533 1109 2572 referens
1148 2532 1281 2571 censet
1310 2529 1536 2569 Wilamow.
1569 2526 1666 2569 Obs.

852 2667 935 2711 329

307 2747 357 2791 ἐκ
388 2752 480 2792 τῶν
510 2747 665 2806 ἀγρῶν
693 2747 887 2804 ἥκουσιν
919 2745 1251 2803 ἐβλαστηκότες.

215 2833 397 2886 Etymol.
419 2847 476 2873 m.
498 2835 595 2882 308,
613 2820 668 2873 30
698 2829 1002 2883 ἑβλαστηκότες·
1034 2827 1076 2868 ἔκ
1106 2833 1186 2868 τῶν
1205 2824 1340 2880 ἀγρῶν
1360 2824 1532 2878 ἥκουσιν
1552 2821 1666 2876 ἐβλα-

101 2885 298 2940 στηκότες.
327 2884 531 2938 Ἀττικῶς·
563 2883 896 2943 βεβλαστηκότες,
926 2885 1104 2943 ἀποβολῇ
1135 2890 1204 2926 τοῦ
1234 2885 1282 2939 β,
1312 2881 1445 2936 ὥσπερ
1475 2882 1665 2934 βεβριμω·
