1872 3224
248 200 330 242 740
661 246 664 248 ‚
871 198 1198 233 ΘΕΟΠΟΜΠΟΤ

246 319 363 355 quam
395 305 534 344 comici
566 304 796 343 utebantur.
828 316 1071 353 quamquam
1102 300 1182 341 σὺν
1210 300 1318 354 δόρει
1355 304 1475 343 etiam
1514 303 1818 355 Aristophanes.

246 363 294 401 cf.
327 362 474 413 Bergk.
506 361 553 401 R.
585 374 617 400 c.
651 361 741 400 Att.
774 361 871 400 409.

1011 449 1066 492 26

451 526 481 583 ἢ
512 525 702 583 μετάδος
731 527 759 583 ἢ
794 528 1016 584 μέτρησον
1046 524 1075 584 ἢ
1104 526 1238 584 τιμὴν
1269 529 1393 584 λαβέ.

361 612 492 650 Schol.
513 611 910 661 A1·is¹n0ph.Aeharn.
936 612 1041 651 1021
1076 613 1117 650 et
1140 611 1282 651 Suidas
1313 609 1528 664 μέτρησον·
1562 603 1606 650 τὸ
1624 608 1821 664 μέτρησον

245 665 334 707 ἀντὶ
364 674 434 706 τοῦ
465 667 655 706 δάνεισον
688 700 696 709 .
731 698 739 707 .
773 698 782 707 .
813 667 881 707 καὶ
912 666 1147 720 Θεόπομπος
1179 666 1406 720 Καπηλισιν
1433 671 1515 708 κτλ.
1554 666 1602 720 ’ἢ
1636 682 1712 708 om.
1744 669 1818 708 R.’

245 726 384 829 {Mmh
416 738 497 764 non
528 727 678 764 addens
710 728 878 775 quotum
908 722 936 776 ἢ
966 726 1179 777 significet.
1212 727 1380 766 Photius
1401 728 1656 779 μετρεῖσθαι·
1689 723 1819 765 δανεί-

266 785 396 821 εσθαι.

1013 872 1067 914 27

1068 951 1323 1008 κολάσομαί
1349 950 1392 993 σ’
1427 950 1514 1006 ἐγώ

452 1009 526 1050 και
557 1007 638 1051 τὸν
669 1006 754 1051 σὸν
771 1006 940 1051 ’Ἁττιν.

362 1091 503 1130 Suidas
526 1089 659 1138 ’Ἀττις
698 1087 805 1142 παρὰ
847 1089 976 1144 Φρυξὶ
1016 1089 1184 1142 μάλιστα
1222 1095 1381 1143 τιμᾶται
1412 1087 1467 1138 ὥς
1496 1087 1718 1143 πρόσπολος
1749 1105 1822 1142 της

245 1145 391 1199 μητρὸς
431 1163 511 1187 των
547 1151 673 1188 θεῶν.
715 1146 876 1198 ’Ἀττιν,
914 1145 1004 1199 οὐχὶ
1038 1146 1172 1186 ’Ἀττια
1205 1181 1213 1190 .
1247 1145 1571 1199 ..Θεόπομπος
1602 1145 1647 1187 ἐν
1677 1143 1820 1199 Καπη-

244 1207 322 1243 λισι
352 1207 434 1245 κτλ.
466 1206 636 1245 Bekker.
669 1206 820 1245 Anecd.
853 1207 949 1253 461,
985 1207 1035 1245 19
1059 1203 1225 1256 Ἄττην,
1258 1202 1346 1256 οὐχὶ
1382 1203 1530 1245 ὀίττεια.
1585 1202 1819 1256 Θεόπομπος

248 1260 447 1313 Καπηλισι
476 1265 556 1302 κτλ.
607 1261 828 1314 κολάσομαί
862 1259 900 1300 σ’
934 1237 1008 1315 ἐγώ
1049 1263 1213 1305 Porson.
1245 1263 1371 1314 Toup.
1403 1263 1569 1302 Emend.
1601 1262 1684 1302 IIII
1712 1261 1816 1315 459]

244 1315 464 1370 κολάσομαί
489 1317 529 1371 γ’
563 1317 637 1358 ἔσω
668 1320 779 1359 Suid.
810 1319 898 1359 AV.
941 1316 1176 1371 κολάσομεγ’
1221 1317 1295 1358 ἔσω
1335 1320 1420 1359 cod.
1456 1320 1622 1360 Bekker.
1665 1317 1816 1372 ’Ἀττιν]

203 1393 213 1401 -
245 1374 370 1427 ὅττην
400 1377 489 1416 eod.
519 1377 646 1416 Bekk.
680 1378 729 1416 ‘te
758 1381 793 1417 et
822 1379 1021 1417 amasium
1050 1377 1192 1417 tuum’.
1224 1378 1398 1417 Meinek.

1015 1489 1070 1531 28

363 1571 559 1611 zenobius
581 1572 619 1620 4,
645 1572 698 1610 44
725 1568 876 1610 Ἱστία
907 1570 1047 1611 θύει·
1079 1567 1104 1621 ἡ
1135 1569 1327 1635 παροιμία
1347 1568 1528 1610 τέτακται
1559 1568 1623 1610 ἐπὶ
1644 1575 1725 1609 τῶν
1743 1584 1818 1635 μη-

247 1626 332 1667 δενὶ
363 1626 512 1682 ραδίως
541 1626 851 1679 μεταδιδόντων.
903 1625 956 1667 δι’
991 1627 1114 1675 ἔθους
1144 1643 1218 1680 γαρ
1254 1629 1308 1680 ἡν
1345 1631 1426 1676 τοῖς
1455 1629 1663 1678 παλαιοῖς,
1702 1621 1819 1667 ὁπότε

247 1683 377 1724 ἔθυον
401 1682 545 1739 Ἱστία,
575 1684 718 1737 μηδενὶ
746 1683 1005 1738 μεταδιδόναι
1036 1690 1105 1736 τῆς
1136 1684 1299 1732 θυσίας.
1330 1683 1524 1737 μέμνηται
1553 1684 1699 1735 ταύτης
1726 1680 1818 1724 Θεό-

246 1755 401 1795 πομπος
433 1740 477 1781 ἐν
506 1740 753 1794 Καπήλισιν.
787 1744 836 1783 ef.
870 1744 1013 1794 Eupol.
1049 1744 1145 1802 281.

361 1810 422 1850 Cf.
455 1811 504 1850 fr.
540 1812 605 1851 65.
640 1813 707 1852 70.

943 1902 1120 1935 ΜΗΔΟΣ

365 1971 541 2022 Tempus
583 1972 875 2022 quodammodo
915 1960 1104 2011 definissur
1142 1972 1192 2010 fr.
1235 1973 1301 2012 30.
1353 1971 1564 2010 Persarum
1602 1971 1820 2010 auctoritas

250 2028 459 2068 discordiis
501 2028 742 2068 Graecorum
787 2031 879 2080 post
922 2029 1073 2068 bellum
1119 2028 1500 2079 Peloponnesiacum
1539 2030 1655 2067 aucta
1698 2027 1818 2067 tissulo

249 2085 465 2135 significari
496 2087 667 2128 videtur.
1371 2100 1375 2105 ’

1013 2174 1068 2216 29

453 2252 562 2308 παρ’
595 2252 694 2308 ἐμοὶ
724 2252 778 2296 τὰ
809 2255 914 2296 λίαν
943 2253 1153 2309 μειράκια
1183 2255 1404 2309 χαρίζεται

452 2329 545 2372 τοῖς
576 2321 846 2378 ἡλικιώταις.

363 2405 495 2446 Schol.
533 2405 693 2447 Pindar.
733 2406 853 2456 Pyth.
894 2407 939 2454 2,
973 2406 1026 2444 75
1067 2403 1298 2457 χαρίζεσθαι
1335 2402 1433 2469 γαρ
1448 2403 1596 2457 κυρίως
1632 2402 1676 2443 τὸ
1721 2414 1818 2444 συν-

247 2457 446 2509 θυσιάζειν
467 2460 635 2514 λέγεται,
667 2459 800 2514 ὥσπερ
826 2460 1058 2513 Θεόπομπος
1091 2459 1135 2501 ἐν
1159 2460 1294 2516 Μήδῳ
1325 2457 1515 2514 εἰσάγει
1546 2459 1630 2500 τὸν
1650 2463 1692 2500 A
1702 2475 1818 2500 υκα

248 2516 430 2568 βηττὸν
458 2518 660 2571 λέγοντα
680 2521 762 2558 κτλ.
795 2517 903 2571 λίαν]
927 2521 1012 2558 λεῖα
1032 2519 1178 2571 Bergk
1200 2533 1264 2570 ap.
1287 2520 1407 2558 Mein.
1425 2518 1616 2558 VCXIX.
1648 2519 1696 2559 cf.
1715 2519 1818 2558 Plat.

252 2578 317 2613 59.
369 2577 424 2614 ‘in
455 2577 680 2627 Lycabetto
711 2577 880 2616 fortasse
911 2577 1081 2626 lupanar
1110 2578 1197 2615 elat
1217 2590 1239 2614 a
1259 2576 1445 2616 masculis
1473 2576 1616 2615 scortis
1637 2576 1819 2626 frequen

249 2633 408 2670 tatum!
443 2634 616 2673 Meinek.

1013 2721 1070 2764 30

454 2797 514 2848 035·
543 2798 643 2855 ποτ’
677 2799 898 2856 ἐκήλησεν
930 2801 1268 2855 Καλλίστρατος
1296 2793 1398 2851 υἷας
1424 2798 1628 2855 Ἀχαιῶν,
1697 2782 1701 2786 .

452 2867 593 2922 κέρμα
625 2870 764 2923 φίλον
794 2865 1002 2922 διαδούς,
1035 2867 1109 2910 ὅτε
1139 2869 1397 2924 συμμαχίαν
1428 2869 1647 2924 ἐρέεινεν·
1708 2874 1716 2880 “
