1872 3224
234 197 317 240 656
885 194 1162 228 ΠΛΑΤΩΝΟΣ
1234 204 1243 210 -

982 295 1064 337 194

439 373 492 418 τοὶ
523 381 804 431 γραμματεῖα
834 374 939 425 τούς
967 389 1016 417 τε
1046 372 1211 429 χάρτας
1242 374 1449 430 ἐκφέρων

347 460 489 499 Pollux
522 461 560 507 7,
593 460 677 498 210
706 455 772 496 καὶ
803 453 946 510 χάρτας
978 453 1023 496 δὲ
1052 454 1144 504 τούς
1174 454 1467 510 γεγραμμένους
1499 455 1674 496 Πλάτων
1702 456 1807 510 εἴρη-
1868 472 1870 475 ’

233 532 304 556 κεν
333 513 353 554 ὁ
385 514 557 567 κωμικός
596 517 678 554 κτλ.
739 516 788 554 ad
828 516 1000 566 Legatos
1039 515 1239 554 referebat
1274 515 1421 566 Bergk.
1462 516 1508 554 R.
1540 528 1573 557 c.
1603 515 1691 555 Att.
1722 517 1805 556 393

233 577 398 625 propter
419 574 467 614 fr.
498 575 596 624 121,
626 573 857 623 Epicratem
887 574 1042 611 litteras
1073 572 1265 622 publicas,
1297 585 1393 622 quas
1424 573 1474 611 ad
1503 573 1718 612 Persarum
1747 585 1807 612 re-

236 645 328 683 gem
358 630 613 681 perferendas
645 631 874 680 accepisset,
906 630 1133 671 vendidisse
1164 631 1360 669 statuens.
1420 642 1522 680 quae
1551 642 1717 680 prorsus
1747 630 1805 669 in-

236 689 437 728 credibilis
470 689 530 731 est
561 687 712 737 opinio.

985 799 1067 841 195

443 881 595 922 ἔπειτα
627 876 669 921 δ’
703 875 854 929 οὐδείς
886 876 978 921 ἐστ’
1012 875 1129 935 ἀνὴρ
1159 880 1492 934 γαστρίστερος.

350 964 493 1003 Pollux
533 965 578 1013 2,
623 964 702 1002 175
741 959 916 1001 Πλάτων
951 959 996 1008 δὲ
1034 958 1055 1000 ὁ
1092 960 1264 1013 κωμικὸς
1304 959 1368 1001 ἐπὶ
1405 966 1476 1000 τοῦ
1514 958 1807 1014 γαστριμάργου

235 1027 352 1060 τοῦτο
383 1020 549 1072 εἴληφεν
578 1022 658 1058 κτλ.
691 1020 741 1058 ad
771 1019 1009 1059 Pisandrum
1039 1020 1163 1060 refert
1191 1020 1426 1060 Meinekius.
1458 1020 1508 1059 cf.
1539 1019 1560 1058 I
1592 1020 1685 1059 179.

984 1144 1065 1186 196

441 1220 861 1278 άνακογχυλιαστόν
893 1221 1151 1278 ἐχθοδοπόν
1182 1238 1224 1265 τι
1256 1221 1478 1265 σκευάσω.

351 1308 496 1346 Pollux
528 1309 564 1356 6,
600 1308 651 1346 25
685 1302 710 1345 ὃ
745 1303 877 1358 μέντοι
915 1301 1317 1359 άναγαργαρίσασθαι
1353 1310 1432 1344 νῦν
1469 1302 1674 1368 λέγουσιν,
1709 1300 1808 1343 olva-

236 1363 553 1464 κογχυλίσασέῖαι
584 1362 717 1416 ἔλεγον
746 1362 789 1403 τὸ
818 1359 1130 1403 ἀνακλύσασθαι
1166 1361 1240 1415 τὴν
1268 1362 1474 1416 φάρυγγα·
1515 1358 1688 1402 Πλάτων
1717 1358 1808 1401 δὲ
1790 1375 1812 1401 ο

236 1436 410 1473 κωμικος
440 1436 487 1460 κτ

990 1534 1070 1576 197

444 1611 504 1664 ὦς
533 1614 628 1656 ἔστι
657 1628 734 1668 μοι
764 1611 814 1656 τὸ
845 1615 992 1669 χρῆμα
1022 1615 1155 1655 τοῦτο
1185 1612 1289 1669 περὶ
1320 1610 1451 1655 πόδα.

351 1697 518 1736 Photius
550 1699 590 1736 et
632 1697 774 1736 Suidas
811 1694 902 1747 περὶ
938 1694 1065 1735 πόδα
1104 1691 1190 1736 οἷον
1224 1691 1419 1749 ἁρμόττον
1455 1692 1634 1749 σφόδρα,
1673 1692 1729 1742 ὡς
1767 1692 1814 1734 τόι

238 1748 476 1861 ἷξὲὃηὲζτα
506 1753 771 1852 Ξοιῒ1ς29ποσίν.
839 1752 1014 1794 Πλάτων
1054 1756 1136 1793 κτλ.
1197 1753 1372 1794 Cramer.
1410 1753 1564 1793 Anecd.
1601 1753 1692 1793 Par
1730 1752 1814 1792 1111

484 1824 504 1850 c

993 1924 1074 1967 198

446 2002 606 2060 σαπρῷ
634 2001 760 2061 γάρω
789 2001 1039 2058 βάπτοντες
1069 2003 1375 2055 ἀποπνίξουσί
1400 2018 1633 2059 με.-

352 2086 582 2126 Athenaeus
614 2088 660 2139 2,
703 2088 754 2126 67
777 2100 798 2126 c
838 2085 1012 2126 Πλάτων
1049 2089 1131 2126 κτλ.
1203 2087 1342 2141 σαπρῷ
1387 2081 1737 2153 Schweighaeus.]
1769 2081 1813 2124 ἐν

240 2148 391 2198 σαπρῷ.
423 2145 465 2182 111
496 2145 559 2183 ed.
593 2144 740 2183 Athen.
771 2144 994 2185 Meinekius
1025 2142 1070 2184 ἐν
1109 2148 1246 2199 σαπρῷ
1282 2142 1425 2209 γάρῳΙ
1457 2140 1675 2196 βάπτοντες
1713 2138 1813 2181 dno-

239 2199 428 2248 πνίξουσί
455 2215 514 2251 με.
568 2202 728 2240 videtur
769 2202 913 2252 aliquis
951 2203 1114 2252 timere,
1154 2215 1223 2250 ne,
1267 2203 1301 2241 si
1338 2201 1523 2253 aenigma
1560 2200 1814 2250 propositum

239 2259 394 2298 solvere
425 2271 506 2297 non
535 2258 728 2309 potuerit,
759 2255 892 2310 ἅλμην
920 2262 1030 2298 πιεῖν
1066 2232 1242 2311 cogatur.
1301 2259 1352 2298 cf.
1382 2258 1603 2309 Antiphan.
1637 2257 1710 2306 74,
1745 2257 1812 2295 10.

239 2316 386 2354 Athen.
421 2317 486 2366 10,
518 2316 646 2355 459a.

990 2428 1071 2471 199

448 2505 647 2562 ἐμαυτὸν
680 2507 742 2557 εἰς
772 2505 979 2550 ἀπωλίαν
1009 2508 1256 2564 οἰχήσομαι.

356 2591 453 2630 Cod.
486 2591 706 2654 Hamburg.
739 2591 842 2631 Mus.
882 2591 1010 2633 Rhen.
1041 2592 1078 2633 X
1110 2592 1205 2631 256.
1244 2590 1391 2629 Philol.
1422 2590 1459 2629 X
1490 2590 1588 2639 350,
1622 2589 1674 2627 22
1713 2583 1810 2628 άπό-

240 2649 324 2686 λεια
357 2643 516 2712 (άπώλ.)
548 2639 606 2698 ἔμ’
640 2644 766 2686 αὐτὸν
795 2647 851 2694 εἰς
881 2644 1096 2687 ἀπώλειαν.
1139 2645 1345 2699 οἰχήσομαι
1374 2642 1558 2685 Πλάτων.
1600 2646 1811 2685 Schneide-

239 2705 369 2743 winus
401 2698 475 2756 ἐγώ
506 2701 550 2742 δὲ
581 2698 791 2756 συλλαβών
819 2705 824 2755 Ι
852 2702 1023 2755 ἐμαυτὸν
1052 2705 1108 2751 εἷς
1137 2701 1263 2744 άπωλ.
1295 2704 1368 2755 οἰχ.
1389 2704 1441 2742 Η.
1466 2703 1600 2742 Iacobi
1623 2702 1679 2751 (V
1698 2714 1735 2753 p.
1759 2700 1810 2754 G)

241 2775 332 2800 cum
346 2760 410 2799 fr.
442 2763 495 2801 58
526 2763 737 2831 conjungit
765 2762 943 2802 scribens
979 2758 1101 2809 αὐτὸς
1139 2759 1305 2813 φέρωνΙ
1334 2759 1392 2811 ἐμ.
1424 2783 1479 2788 -
1509 2759 1581 2811 οἰχ.
1609 2757 1616 2812 Ι
1643 2761 1691 2799 Β.
1721 2755 1809 2798 ἀλλ’

241 2814 362 2915 ἔῦἱὸῗ·
391 2814 537 2873 ἀπαρτὶ
567 2815 760 2871 τάλλότρι’
796 2815 944 2871 οἰχήσει
974 2816 1122 2890 φέρων.
1182 2832 1260 2869 qua
1289 2819 1338 2858 de
1381 2818 1536 2857 ratione
1565 2829 1811 2868 magnopere

271 2889 296 2914 u
326 2890 339 2914 1
362 2888 399 2914 o.
