1872 3224
462 211 732 248 ΤΡΑΓῼΙΔΟῙ
783 215 991 251 ΑΔΗΛΩΝ
1017 220 1282 257 ΔΡΑΜΑΤΩΝ
1577 227 1660 269 38ἷ)

148 317 293 369 ”⁵1⁰3
322 311 368 354 ἕν
401 316 627 378 Τραγῳδοῖς
657 321 739 359 κτλ.
771 321 953 364 Eustath.
987 325 1108 373 1862,
1135 327 1198 366 19.
1230 330 1292 367 est
1321 331 1552 370 tetrameter
1582 345 1660 372 cre-

200 386 275 431 rex
302 373 464 414 chorlco
495 379 715 427 excerptus.

25 486 29 488 .
71 438 419 522 'Jsijeterea
449 444 500 483 cf.
533 458 632 495 quae
662 447 940 489 adnotavimus
971 451 1020 489 ad
1049 451 1168 491 finem
1199 454 1414 495 Musarum.

630 595 839 631 ΑΔΗΛΩΝ
865 597 1129 633 ΔΡΑΜΑΤῼΝ

282 756 330 813 ὦ
362 762 554 820 φίλταθ’
579 763 732 822 Ἑρμῆ,
764 767 840 809 καὶ
871 768 1117 823 φυλάττου,
1146 768 1204 826 μὴ
1237 769 1387 813 πεσών

293 831 466 876 σαυτὸν
497 834 796 892 παρακρούσῃ
826 836 901 878 καὶ
931 838 1163 894 παράσχῃς
1193 837 1409 895 διαβολὴν

293 899 431 959 ἑτέρῳ
461 904 707 961 Διοκλείδᾳ
736 905 1000 962 βουλομένῳ
1030 906 1172 949 κακόν
1201 922 1242 949 τι
1274 908 1405 963 δρᾶν.

292 973 438 1014 ΕΡΜ.
471 970 743 1028 φυλάξομαι.
813 973 997 1031 Τεύκρῳ
1026 972 1111 1030 γάρ
1142 972 1240 1030 οὐχὶ
1272 975 1492 1031 βούλομαι

290 1041 501 1096 μήνυτρα
531 1040 694 1084 δοῦναι
724 1045 786 1100 τῷ
817 1045 1082 1100 παλαμναίῳ
1112 1042 1235 1100 ξένῳ.

15 1175 21 1181 Ι
89 1175 101 1191 ‚
197 1123 440 1164 Plutarchus
469 1125 601 1165 Alcib.
636 1126 690 1165 20
731 1122 822 1173 τοὺς
859 1124 903 1164 δὲ
940 1121 1197 1177 μηνύσαντας
1234 1122 1255 1164 ὁ
1295 1123 1377 1178 μὲν
1399 1127 1655 1178 Θουκυδίδης

27 1200 30 1202 ·
81 1179 278 1234 ονομάσαι
322 1185 526 1235 παρῆκεν,
571 1180 687 1251 ἄλλοι
729 1179 769 1221 δ’
809 1178 1044 1247 ὀνομάζουσι
1085 1182 1322 1223 Διοκλείδαν
1359 1182 1425 1223 καὶ
1469 1187 1653 1237 Τεῦκρον,

82 1231 143 1278 οἷν
171 1236 237 1278 καὶ
279 1236 482 1292 Φρύνιχός
523 1237 628 1279 ἐστιν
664 1254 684 1278 ο
721 1254 894 1292 κωμικος
931 1239 1045 1280 ταυτὶ
1082 1235 1306 1292 πεποιηκώς
1343 1243 1422 1280 κτλ.
1513 1245 1548 1282 1.
1579 1256 1654 1293 φυ-

20 1296 27 1301 “
79 1294 226 1336 λάττου
277 1295 472 1350 Meinek]
520 1294 741 1349 φυλάσσου.
802 1296 868 1337 καὶ
920 1311 996 1338 om.
1037 1298 1080 1338 O.
1119 1302 1235 1338 antea
1277 1299 1311 1337 is
1364 1299 1431 1349 qui
1479 1300 1654 1350 loquitur

14 1360 26 1397 ὲ
81 1354 238 1394 dixerat
268 1352 396 1407 ’χαῖρέ
414 1369 481 1406 μοι
501 1357 566 1396 vel
587 1356 716 1396 simile
733 1356 862 1406 quid&
885 1353 1055 1395 Meinek.
1076 1378 1133 1384 —
1163 1358 1233 1394 aut
1253 1369 1300 1394 ex
1320 1357 1555 1407 Monotropo
1584 1359 1654 1395 aut

81 1425 128 1451 ex
160 1412 499 1453 Oomissatoribus
529 1414 625 1453 haec
655 1415 840 1463 excerpta
870 1416 975 1452 sunt.
1008 1414 1058 1452 cf.
1089 1413 1280 1464 Droysen.
1313 1413 1413 1452 Mus.
1444 1413 1569 1452 Rhen.
1591 1413 1653 1452 III

0 1476 14 1509 ἲν
83 1471 166 1510 169
182 1483 243 1521 sq.
288 1470 373 1510 IIII
403 1472 457 1510 27
475 1483 532 1521 sq.
579 1471 751 1510 Meinek.
784 1470 804 1508 I
838 1471 932 1510 155.
980 1471 1126 1521 Bergk.
1168 1472 1211 1508 R..
1249 1483 1281 1511 c.
1321 1470 1407 1509 Att.
1450 1471 1544 1510 370.
1604 1471 1652 1509 de

0 1521 3 1539 ⁵
78 1527 265 1568 Diocbo'da
302 1529 367 1568 vel
403 1528 539 1579 potius
577 1528 760 1568 Dioclide
799 1524 910 1581 (nam
951 1526 1182 1576 Διοκλείδης
1220 1539 1376 1577 semper
1412 1526 1650 1575 Andocides,

0 1590 5 1596 ”
80 1598 126 1626 ao
156 1586 214 1626 sic
243 1586 364 1625 etiam
394 1586 646 1637 Phrynichus
677 1585 854 1637 scripsit:
887 1587 973 1624 erat
1003 1585 1109 1624 enim
1138 1586 1236 1624 civis
1266 1580 1539 1634 Atheniensis)
1570 1584 1652 1623 An·

79 1642 208 1684 docid.
242 1645 278 1693 1,
312 1645 365 1683 37
383 1656 445 1694 sq.
477 1644 546 1683 45.
579 1644 633 1683 65
650 1656 726 1693 sq.‚
765 1643 812 1681 de
850 1643 997 1682 Teucro
1035 1642 1228 1681 Andocid.
1263 1644 1300 1692 1,
1335 1641 1400 1680 15.
1432 1641 1499 1680 28.
1531 1641 1584 1680 34
1614 1643 1654 1680 et

79 1702 181 1751 quae
210 1701 254 1740 in
283 1701 407 1752 praef.
440 1701 516 1742 Av.
550 1701 752 1751 disputavi
783 1699 823 1751 ξ.
857 1700 1052 1739 16—21.
1085 1700 1281 1738 25-—27.
1341 1698 1579 1737 Mercurium
1610 1699 1652 1736 in

79 1758 265 1799 convivio
311 1758 699 1809 Hermocopidarum
744 1759 997 1807 praesentem
1035 1756 1208 1796 adfuisse
1246 1758 1286 1794 et
1318 1755 1412 1794 vino
1448 1754 1649 1793 madidum

78 1814 406 1865 titubantemque
427 1816 581 1854 moneri
602 1828 652 1854 ne
674 1814 788 1853 cadat
810 1827 891 1853 non
912 1814 1027 1852 credo
1059 1813 1270 1851 Meinekio.
1301 1811 1403 1850 illud
1423 1812 1528 1850 enim
1559 1823 1647 1849 con-

79 1873 232 1914 vivium
256 1873 290 1913 si
311 1873 353 1912 in
375 1885 516 1913 scaena
538 1873 752 1923 agebatur,
784 1871 1006 1911 necessario
1038 1871 1165 1909 scelus
1195 1870 1328 1919 ipsum
1349 1868 1649 1907 comissatorum

79 1930 280 1980 anteibat,
318 1943 448 1980 neque
487 1931 530 1968 in
567 1930 750 1969 convivio
791 1928 1092 1967 commemorari
1138 1927 1324 1976 poterant
1360 1937 1459 1975 quae
1503 1925 1648 1964 scelere

77 1988 238 2028 demum
259 1988 365 2026 facto
387 1989 619 2028 evenerunt.
651 1986 811 2025 videtur
830 1985 965 2035 potius
990 1983 1141 2022 Herma
1170 1997 1192 2021 a
1213 1983 1344 2022 nescio
1374 1994 1452 2031 quo
1482 1981 1575 2031 poni
1608 1983 1648 2020 et

78 2044 261 2085 monenti
290 2057 342 2084 ne
372 2044 487 2083 cadat
516 2046 723 2093 tamquam
754 2043 868 2082 vivus
900 2042 953 2081 sit
982 2041 1236 2090 respondere.
1296 2051 1369 2089 pro
1391 2035 1648 2091 παρακρούσῃ

77 2116 116 2143 v.
150 2103 175 2141 2
205 2114 289 2141 non
319 2114 409 2140 cum
430 2100 631 2140 Meinekio
653 2097 907 2152 περικρούσῃ,
929 2098 999 2137 sed
1029 2094 1364 2149 περικρούσῃς
1395 2095 1647 2135 scribendum

78 2162 153 2200 est.
214 2152 486 2211 παρακρούειν
523 2157 631 2196 enim
669 2159 711 2196 et
746 2154 1076 2208 παρακρούεσθαι
1113 2158 1174 2194 est
1210 2155 1400 2203 deciper63
1438 2152 1479 2191 in
1516 2165 1562 2190 ea
1600 2151 1647 2190 de

77 2231 157 2269 qua
186 2219 306 2268 poeta
336 2216 518 2266 loquitur
547 2228 590 2254 re
620 2214 830 2265 proprium
860 2216 921 2252 est
950 2206 1204 2262 περικόπτειν
1235 2212 1275 2249 et
1303 2206 1566 2260 περικρούειν.
1599 2208 1647 2246 cf.

77 2275 182 2314 Plat.
213 2274 328 2325 Reip.
364 2275 428 2322 10,
458 2274 542 2326 ,611
562 2285 596 2311 e.
630 2272 755 2310 Thuc.
789 2272 826 2319 6,
859 2271 925 2310 27.
959 2271 1024 2309 28.
1057 2268 1250 2308 Andocid.
1289 2270 1322 2315 1,
1357 2269 1420 2306 15.
1453 2266 1519 2304 34.
1550 2265 1645 2315 Lys.

81 2333 147 2381 14,
178 2332 249 2370 42.
281 2334 318 2380 6,
353 2332 421 2370 51.
460 2329 668 2369 Demosth.
701 2330 777 2376 21,
812 2329 907 2366 147.
945 2327 1103 2365 Bekker
1139 2325 1286 2364 Anecd.
1321 2325 1392 2369 60,
1425 2323 1477 2360 25
1509 2319 1645 2374 (indic.

78 2403 101 2428 a
130 2385 326 2443 Meinek.)
363 2383 718 2440 περικεκρουμένος
756 2380 994 2436 ἅνθρωπος·
1035 2379 1056 2421 ὁ
1087 2378 1158 2433 οὐχ
1199 2378 1419 2432 ὁλόκληρος.
1478 2375 1503 2429 ἡ
1533 2392 1644 2428 μετα-

78 2444 184 2500 φορὰ
214 2442 297 2485 άπὸ
327 2445 408 2484 τῶν
436 2441 613 2497 ἀγγείων
642 2442 722 2482 τῶν
751 2436 832 2481 ὑπὸ
862 2439 1007 2494 χρόνου
1037 2434 1415 2492 περικεκρουμένων.

845 2552 901 2595 59

282 2630 342 2694 ἦν
371 2634 462 2692 γάρ
492 2636 676 2690 πολίτης
705 2631 890 2688 ἀγαθός’,
922 2627 982 2680 ὥς
1012 2623 1065 2671 εὖ
1094 2625 1181 2670 οἷδ’
1214 2625 1315 2681 ἐγώ,

285 2703 396 2761 κούχ
425 2702 667 2759 ὑποταγεὶς
698 2699 917 2757 ἐβάδιζεν,
949 2696 1100 2753 ὥσπερ
1132 2698 1306 2744 Νικίας.

192 2790 431 2832 Plutarchus
452 2789 541 2828 Nic.
564 2788 592 2826 4
620 2782 820 2836 ὑποδηλοῖ
843 2780 887 2821 δὲ
915 2780 984 2821 καὶ
1012 2777 1211 2832 Φρύνιχος
1241 2775 1284 2816 τὸ
1311 2772 1490 2827 ἀθαρσὲς
1519 2770 1643 2813 αὐτοῦ

78 2844 148 2887 καὶ
174 2843 555 2899 καταπεπληγμένον
592 2841 637 2883 ἐν
673 2841 826 2888 τούτοις
857 2842 936 2879 κτλ.
996 2833 1240 2888 ὑποταγέντα
1271 2834 1492 2873 Meinekius
1521 2833 1643 2871 inter·

78 2906 260 2958 pretatur
289 2905 472 2944 timiobwm
501 2904 542 2942 et
570 2902 733 2941 demisso
763 2900 910 2940 ammo.
945 2908 1073 2946 neque
1111 2907 1157 2933 ea
1186 2893 1313 2932 forma
1346 2890 1485 2930 aoristi
1515 2901 1642 2938 neque

148 2975 264 3002 comici
285 2976 406 3009 graeci,
426 2974 472 3002 ed.
493 2973 555 3001 Th.
569 2973 683 2998 Koek.
703 2971 728 2996 1.
1329 2960 1372 2991 25
