1872 3224
779 266 1019 300 0212sz
1642 266 1698 308 59

105 371 324 412 Elmsleius
361 371 546 422 Euripid.
587 373 693 412 Med.
733 386 772 423 p.
806 373 902 412 268.
943 372 1136 412 ‘indicare
1176 372 1308 413 voluit
1342 375 1464 424 poeta
1503 386 1568 423 se,
1607 385 1697 412 cum
1752 424 1753 427 Ἴ

105 429 281 481 pristino
311 442 423 469 more
453 441 536 468 non
565 430 746 480 potuerit
778 430 954 469 fabulam
986 443 1238 481 componere,
1271 444 1418 471 novam
1450 431 1625 482 aliquam
1658 433 1699 471 et

105 487 346 528 insolentem
392 487 700 527 oblectationem
740 488 984 527 exhibuisse'
1033 487 1181 539 Bergk.
1222 489 1269 528 R.
1303 501 1334 527 c.
1368 489 1456 528 Att.
1503 490 1593 528 161.
1644 489 1713 534 οἱ,

99 545 155 585 fr.
189 546 283 585 146.
343 541 514 597 ἄθυρμα
560 545 676 584 Hom.
721 544 795 585 od.
829 547 902 595 15,
946 546 1043 585 416.
1078 547 1149 594 18,
1184 547 1280 585 323.
1341 546 1459 586 Pind.
1496 547 1619 597 Pyth.
1657 547 1696 596 5,

106 602 157 641 21
193 599 286 655 (30)
319 603 576 642 saltationem
609 603 806 642 chorieam
837 602 935 642 dicit
962 599 1232 642 Ἀπολλώνιον
1252 602 1433 655 ἄθυρμα.
1494 607 1697 643 extremus

104 673 245 700 versus
282 660 442 699 fabulae
481 661 575 700 talis
614 661 696 700 fere
734 661 898 700 videtur
932 661 1079 700 fuisse:
1118 657 1283 713 ἡγεῖσθ’
1325 659 1415 710 ἔξω·
1455 660 1620 713 μετρίως
1652 658 1698 700 δὲ

104 716 221 757 δοκεῖ
245 714 418 769 νεοχμόν
448 731 485 756 τι
513 717 727 770 παρῆχθαι
756 715 940 770 ὅῖθυρμα.
1001 721 1214 770 παρῆχθαι
1253 720 1373 769 dixit,
1411 722 1459 759 ut
1494 717 1695 772 παριέναι,

106 770 296 828 πάροδος,
326 777 550 826 παρελθεῖν
580 777 668 815 sim.

861 864 942 907 146

349 932 434 976 οὐκ
467 933 562 991 ἰδίᾳ
592 928 689 976 τάδ’
724 927 917 977 οὕκετὸν
946 937 1027 977 θοι
1058 932 1165 977 τάπὶ
1198 937 1457 992 Χαριξένης.

218 1017 399 1069 Etymol.
437 1031 491 1060 m.
533 1019 638 1067 367,
680 1019 730 1057 21
779 1015 844 1057 ἐπὶ
891 1015 1137 1070 Χαριξένης·
1185 1011 1373 1073 αὐλητρὶς
1419 1016 1445 1071 ἡ
1494 1018 1695 1073 Χαριξένη

102 1070 264 1128 ἀρχαία,
303 1073 372 1114 καὶ
416 1073 601 1128 ποιήτρια
646 1070 895 1129 κρουμάτων.
957 1076 999 1115 οἱ
1032 1073 1077 1115 δὲ
1114 1073 1331 1128 μελοποιόν
1364 1109 1399 1118 ..
1426 1111 1435 1120 .
1497 1079 1695 1131 Κρατῖνος

598 1143 623 1165 α

104 1174 393 1218 Ὀδυσσεῦσιν·
433 1174 508 1218 οὐκ
548 1175 619 1219 ι’ὸ”ι’
660 1176 749 1218 τάδ’
790 1175 865 1219 οὐκ
902 1182 1041 1219 εονθοι
1079 1176 1176 1219 τάπὶ
1214 1182 1264 1224 Χ.
1303 1183 1358 1221 Μ.
1419 1182 1594 1234 Hesych.
1630 1180 1696 1222 ἐπὶ
1742 1191 1746 1194 “

103 1234 348 1290 Χαριξένης·
382 1234 447 1276 ε’πὶ
475 1236 604 1292 μωρίᾳ
635 1233 660 1289 ἡ
693 1235 896 1289 Χαριξένη
927 1233 1173 1290 διεβεβόητο,
1205 1235 1349 1291 ἀρχαία
1380 1233 1493 1279 οὖσα.
1527 1238 1625 1279 ἔνιοι
1651 1238 1695 1279 δὲ

102 1290 170 1332 καὶ
202 1290 413 1347 ποιήτριαν
443 1291 573 1347 αὐτὴν
604 1292 804 1348 ἐρωτικῶν
833 1292 1041 1348 λέγουσιν·
1081 1293 1162 1335 ἔστι
1202 1293 1246 1335 δὲ
1283 1295 1351 1336 καὶ
1382 1297 1574 1349 παροιμία
1615 1293 1694 1337 οἷα

102 1349 162 1390 τὰ
196 1349 277 1390 ε’πὶ
307 1349 550 1405 Χαριξένης.
582 1354 631 1392 cf.
665 1354 854 1405 Append.
894 1354 1080 1404 proverb.
1120 1354 1306 1395 Leutsch.
1349 1356 1395 1404 2,
1436 1357 1504 1395 82.
1566 1356 1694 1396 Arist.

101 1409 208 1449 Eccl.
244 1410 340 1450 943.
381 1411 556 1461 *adparet
593 1410 858 1450 Charixenam
903 1404 1115 1461 antiquaria
1153 1412 1454 1464 κρουμάτων
1494 1415 1693 1464 poetriam

100 1467 224 1507 fuisse
255 1469 297 1507 et
326 1469 539 1519 proverbio
570 1463 641 1519 οὐχ
673 1462 737 1507 οἶα
769 1463 862 1507 τάπὶ
884 1467 1108 1521 Χαριξένης
1130 1470 1442 1511 inmutationem
1464 1471 1693 1521 significari,

101 1538 179 1575 qua
215 1535 291 1575 pro
323 1526 500 1576 antiquis
532 1539 699 1576 prorsus
730 1539 834 1566 nova
865 1527 1038 1566 valeant.
1099 1528 1234 1578 itaque
1257 1527 1445 1568 Cratinus
1479 1532 1578 1568 ‘non
1609 1530 1693 1576 sine

102 1582 271 1631 dolore’,
306 1586 353 1622 ut
382 1584 439 1622 ait
470 1583 646 1623 Cobetus
679 1583 775 1623 Obs.
808 1584 900 1623 crit.
932 1584 1037 1623 Plat.
1071 1585 1138 1636 21,
1170 1586 1245 1625 hoc
1277 1587 1385 1634 dicit,
1421 1587 1598 1637 priorem
1631 1601 1691 1627 co-

101 1640 282 1679 moediae
313 1642 467 1680 statum
499 1643 539 1680 et
568 1641 753 1681 habitum
783 1642 949 1682 cessisse
979 1655 1086 1682 novo
1119 1644 1289 1692 cuidam,
1324 1648 1365 1683 et
1398 1657 1489 1683 cum
1521 1646 1691 1696 antiquo

101 1697 270 1737 ludendi
314 1711 425 1738 more
470 1700 614 1749 poetae
647 1700 787 1739 comici
822 1712 894 1750 per
939 1700 1135 1751 populum
1174 1702 1306 1752 ipsum
1345 1703 1555 1741 interclusi
1595 1703 1692 1752 sint,

102 1754 212 1793 aliud
242 1757 460 1806 spectaculi
498 1770 625 1807 genus
665 1757 936 1807 quaerendum
967 1758 1108 1797 fuisse.
1141 1758 1190 1797 cf.
1222 1759 1270 1797 fr.
1307 1760 1400 1799 145.
1429 1760 1571 1810 'itaque
1611 1774 1693 1800 non

102 1811 307 1852 adsentior
350 1814 551 1854 Meinekio
597 1815 803 1854 scribenti·
827 1810 901 1853 οὐκ
939 1811 1012 1853 ἴδι’
1049 1812 1149 1854 ἄττα
1187 1813 1277 1855 τάδ’
1317 1809 1445 1856 οὐκέτ’
1488 1815 1586 1856 ὄνθ’
1627 1812 1692 1856 οἷα

104 1865 201 1908 τάπὶ
230 1868 478 1924 Χαριξένης,
509 1871 656 1923 quibus
687 1873 753 1911 vix
784 1874 880 1923 apta
910 1873 1113 1912 sententia
1143 1874 1338 1914 efficitur:
1382 1876 1451 1914 sed
1483 1876 1581 1926 quid
1611 1877 1690 1915 sta-

100 1928 294 1966 tuendum
325 1929 380 1968 sit
410 1930 563 1977 dubito,
597 1931 879 1981 praeterquam
899 1931 1007 1980 quod
1030 1933 1210 1971 extrema
1230 1934 1287 1972 ita
1307 1933 1478 1983 legenda
1499 1934 1692 1973 videntur

101 1978 204 2023 οὕδ’
234 1983 240 2039 Ι
267 1979 347 2040 οἶα
379 1983 494 2026 τάπὶ
524 1988 576 2026 Χ.
667 1996 671 1998 “

858 2065 937 2108 147

310 2131 501 2187 τέμαχος
532 2130 661 2190 ὀρφεὸ
692 2133 882 2190 χλιαρόν

215 2199 448 2244 Athenaeus
471 2206 507 2253 7,
533 2205 616 2244 315
633 2205 659 2245 b
695 2206 887 2257 Κρατῖνος
909 2204 954 2246 δὲ
976 2205 1021 2247 ἐν
1038 2205 1283 2248 Ὀδυσσεῦσι
1305 2211 1384 2249 κτλ.
1408 2212 1448 2249 et
1470 2211 1552 2250 315
1571 2223 1590 2250 c
1618 2207 1691 2261 τὴν

101 2256 343 2358 ἓξὸγὶνικὴέ
374 2262 570 2358 Ιὲρατῖνος
597 2258 836 2303 Ὀδυσσεῦσι
877 2262 1086 2318 τέμαχος
1127 2268 1208 2308 κτλ.
1241 2261 1352 2319 ὀρφὼ
1387 2269 1468 2307 315
1487 2265 1520 2321 c]
1555 2260 1687 2320 ὀρφὼς

112 2330 114 2332 ·
259 2331 304 2358 co
339 2349 347 2358 .
421 2351 430 2360 .

308 2464 537 2520 δέλφακας
567 2465 797 2522 μεγάλους
859 2411 939 2454 148

215 2547 365 2588 Athen.
404 2549 467 2598 14,
502 2551 582 2589 657
600 2564 622 2589 a
651 2545 874 2603 ἀρσενικῶς
908 2583 918 2592 .
941 2583 950 2592 .
975 2583 983 2592 .
1020 2554 1217 2604 Κρατῖνος
1243 2549 1498 2610 Ὀδυσσεῦσι.

855 2663 937 2706 149

214 2730 428 2781 Phrynich.
461 2733 547 2773 Ecl.
582 2733 662 2773 136
694 2730 1064 2787 μονόφθαλμον
1102 2733 1149 2775 οὐ
1182 2733 1344 2788 ῥητέον,
1386 2732 1687 2790 ἑτερόφθαλμον

101 2783 157 2824 δέ.
219 2788 416 2838 Κρατῖνος
446 2784 520 2842 γὰρ
549 2787 870 2843 μονόμματον
901 2787 986 2832 εἶπε
1018 2791 1088 2832 τὸν
1110 2792 1327 2844 Κύκλωπα,
1356 2796 1426 2834 ubi
1447 2810 1485 2835 v.
1508 2796 1683 2836 Lobeck.

100 2846 240 2883 contra
278 2845 344 2884 alii
383 2849 636 2897 grammatici
679 2846 913 2901 (Phavorin.
926 2879 938 2900 ‚
979 2851 1230 2902 Moschopul.
1272 2852 1407 2903 Etym.
1450 2852 1555 2892 Gud.
1588 2856 1684 2902 635,

0 2916 2 2925 ¹
15 2912 33 2918 s
102 2902 139 2940 9.
173 2902 222 2942 cf.
254 2902 394 2941 Nauck
424 2903 570 2944 Philol.
602 2905 660 2945 VI
690 2904 793 2957 413)
826 2906 1037 2947 Cratinum
1068 2910 1272 2947 testantur
1309 2924 1336 2960 μ
1347 2922 1367 2947 ο
1376 2924 1401 2947 ν
1414 2908 1434 2948 ό
1446 2924 1477 2959 φ
1487 2913 1519 2948 θ
1530 2926 1555 2949 α
1565 2913 1585 2949 λ
1594 2926 1621 2962 μ
1631 2924 1651 2949 ο
1662 2927 1685 2949 ν

101 2957 265 2998 dixisse:
297 2973 392 2998 nam
423 2957 723 3013 ἑτερόφθαλμος
754 2960 775 3001 ὁ
805 2961 905 3002 κατὰ
937 2962 1061 3015 τύχην
1092 2963 1295 3017 πηρωθεὶς
1335 2963 1406 3005 τὸν
1442 2964 1575 3019 ἕτερον
1606 2968 1685 3006 τῶν
