1872 3224
616 214 827 249 ΑΔΗΑΩΝ
869 214 1140 249 ΔΡΑΜΑΤῼΝ
1590 215 1672 259 115

59 351 76 361 ,.
124 319 244 376 ησίον
281 319 407 361 Χίου·
446 317 624 361 λέλεκται
660 317 706 359 δὲ
752 318 818 360 ἐπὶ
854 319 936 360 τῶν
974 309 1176 360 εὐτέλειαν
1220 316 1514 372 σημαινόντων.
1577 323 1670 363 Ste-

21 429 26 432 -
58 395 138 452 sy:
162 393 227 422 us
256 380 351 432 Byz.
392 378 539 432 Ψύρα·
578 376 825 444 λαμβάνεται
855 376 901 418 δὲ
930 376 973 418 τὸ
1004 376 1135 430 ὄνομα
1167 375 1334 447 (Psyra)
1375 376 1441 419 ἐπὶ
1479 375 1670 435 ευτελεία,

58 434 140 481 ,Ῥίἂ
171 435 215 478 τὸ
244 433 529 489 εὐτελεστάτην
559 437 664 476 εἶναι
694 431 767 488 τὴν
788 441 928 488 νῆσον.
962 435 1186 489 Κρατῖνος·
1214 433 1337 489 Ψύρα
1369 431 1440 476 τὸν
1464 436 1671 478 Διόνυσον

54 494 251 550 Μγοντες
293 495 482 547 Append.
514 508 629 547 prov.
661 495 698 543 5,
733 496 786 534 39
820 493 1031 547 (Leutsoh)
1076 491 1200 547 Ψύρα
1231 492 1300 534 τὸν
1333 494 1537 536 Διόνυσον
1569 527 1578 536 .
1613 525 1624 536 .

41 562 90 600 ,ἱε
110 567 227 608 ρηται
257 549 338 593 ἐπὶ
367 558 464 593 των
494 551 547 592 ἐν
578 564 637 591 σι
649 550 846 606 μποσίῳ
878 549 1264 603 κατακειμένων
1293 551 1378 592 καὶ
1407 551 1472 605 μὴ
1499 549 1672 593 πινόν-

38 622 183 652 των.
228 611 281 652 cf.
313 610 435 664 Greg
469 611 591 663 Cypr.
630 611 743 650 Leid.
785 611 833 660 3,
865 611 933 650 40.
979 613 1098 661 atque
1138 624 1184 650 ea
1222 611 1382 650 demum
1420 625 1516 652 vera
1551 612 1673 652 inter-

35 669 44 683 *
73 669 251 723 pretatio
289 671 364 710 est.
423 670 572 721 reliqui
611 669 720 708 enim
760 669 809 707 de
854 668 996 720 Psyris
1042 669 1172 720 magis
1218 681 1339 719 quam
1385 669 1435 708 de
1466 671 1673 721 proverbii

43 727 370 787 significatione
407 728 628 779 disputant.
663 727 712 767 cf.
744 726 794 765 fr.
829 727 926 765 112.
958 726 1090 766 exitus
1124 726 1284 766 videtur
1313 739 1399 766 esse
1430 730 1523 770 tetr.
1555 741 1671 779 anap.

830 850 915 894 353

223 925 231 930 ‘
283 934 531 990 στημονίας
560 933 799 981 κικίννους

12 1080 14 1083 .
186 1029 390 1080 Κρατῖνος
420 1023 507 1070 εἶπε
537 1026 632 1077 τοὺς
663 1026 833 1080 στήμονι
864 1023 1028 1079 ὁμοίους
1068 1022 1143 1065 ὑπ’
1177 1025 1420 1078 ἰσχνότητος.
1452 1028 1595 1067 Pollux
1629 1029 1670 1079 2,

75 1087 144 1130 28.
174 1087 350 1139 Hesyeh.
372 1087 588 1141 στημονίας
618 1084 849 1133 κικίννους·
881 1088 963 1133 τοῖς
995 1082 1189 1137 στήμοσιν
1219 1081 1395 1136 ὁμοίους.

831 1210 918 1254 354

190 1311 338 1352 Pollux
369 1311 408 1360 2,
443 1310 496 1349 78
528 1305 572 1346 τὸ
614 1304 767 1376 ταύτην
805 1300 1018 1360 (κόρυζαν)
1055 1301 1269 1358 ἀφαιρεῖν,
1307 1301 1566 1357 οἷπομύττειν.
1627 1302 1671 1344 τὸ

0 1369 7 1408 ἱ
72 1366 117 1408 δὲ
145 1364 391 1421 ἆπεμύττετο
420 1363 559 1414 ὕλιζε
590 1380 673 1412 τας
711 1363 858 1417 ρ”ἷνας
898 1361 976 1415 ἔφη
1015 1364 1229 1415 Κρατῖνος.
1287 1364 1410 1414 vulgo
1448 1359 1671 1411 ὑλίζεσθαι.

0 1444 11 1464 ,r
71 1423 463 1478 οοᾶ.Ιι1ῃ8’.ῧλιζε.
524 1424 627 1463 alius
658 1422 768 1473 apud
789 1421 921 1462 Cram.
942 1422 1020 1462 An.
1043 1420 1113 1461 Ox.
1136 1421 1178 1460 II
1207 1421 1340 1460 Praef.
1363 1421 1422 1459 IV
1442 1418 1553 1468 ἕλυζε
1583 1422 1610 1460 i.
1632 1434 1671 1460 e.

0 1466 4 1483 ⁷
72 1482 227 1536 ἔκλυζε,
258 1486 306 1524 uss
333 1486 443 1524 recte
476 1481 705 1522 Cramerus.
737 1477 845 1528 ῧλιζε
875 1479 925 1519 ab
955 1477 1049 1531 ὕλη,
1070 1492 1172 1530 quae
1203 1481 1266 1519 est
1294 1479 1398 1527 faex.

833 1604 918 1648 355

286 1697 529 1749 ἀνελκταῖς
559 1694 732 1754 ὀφρύσι
762 1692 933 1752 σεμνόν

190 1792 378 1842 Ἀττικῶς
399 1787 500 1834 αὐτὸ
527 1790 597 1833 καὶ
615 1791 770 1844 σεμνῶς
793 1792 994 1844 Κρατῖνος
1016 1785 1140 1830 εἶπεν.
1170 1790 1343 1830 Bekker.
1368 1789 1518 1829 Anecd.
1541 1791 1580 1838 3,
1604 1791 1671 1829 25.

81 1854 252 1894 Periclis
281 1849 499 1906 ἆγελασίαν
527 1852 664 1891 risisse
694 1850 859 1891 videtur
890 1849 1104 1889 Meinekio.
1137 1849 1232 1887 fort.
1264 1861 1312 1887 ex
1344 1847 1438 1887 tetr.
1470 1861 1586 1898 anap.

836 1973 923 2016 356

285 2054 529 2112 ἀναπηδᾶν
562 2054 614 2098 ἐν
644 2052 774 2110 δήμῳ

197 2153 390 2205 Κρατῖνος
422 2147 490 2190 ἐπί
517 2163 624 2197 τινος
654 2145 843 2200 ἀκόσμως·
881 2118 926 2187 ἕν
962 2150 1050 2195 ταῖς
1090 2145 1319 2199 ἐκκλησίαις
1356 2142 1670 2198 ἄναπηδωντος.

76 2210 248 2250 ΒΘῙςΙςθι.
282 2209 434 2250 Anecd.
469 2210 507 2257 7,
542 2208 609 2247 10.
641 2203 861 2258 ἀναπηδᾶν
889 2209 936 2246 ut
963 2201 1202 2257 ἀναστῆναι,
1235 2205 1306 2246 sed
1338 2205 1569 2245 violentius.

573 2387 575 2389 ‚
834 2330 917 2373 357

287 2422 462 2493 ἁπαλὸς
493 2425 711 2474 εἴσπλους
741 2422 922 2479 λιμένος

194 2517 329 2572 ὥσπερ
345 2517 523 2588 ’Ὄμηρος
553 2516 646 2566 τοὺς
677 2515 905 2570 δυσόρμους
926 2513 1088 2570 λιμένας
1110 2516 1265 2568 τραχεῖς
1285 2511 1401 2566 λέγει,
1432 2510 1538 2553 οὕτω
1559 2514 1669 2566 Κρα-

79 2575 410 2684 ’τΑιῖἔιὲἱᾶέπὶΙ3τῶέ
425 2573 607 2629 εὐόρμων
637 2573 680 2615 τὸ
717 2571 875 2614 ἁπαλὸν
913 2572 956 2613 ἐκ
995 2573 1065 2613 τοῦ
1104 2570 1290 2612 ἐναντίου
1330 2566 1454 2610 εἶπεν.
1495 2571 1668 2611 Bekker.

832 2744 918 2788 358

291 2826 641 2882 ἐφιππάσασθαι
674 2823 826 2881 λόγοις

197 2916 284 2961 οἷον
313 2920 597 2974 καταδραμεῖν.
630 2922 843 2974 Κρατῖνος.
877 2919 1047 2958 Bekker.
1080 2916 1230 2957 Anecd.
1263 2917 1332 2968 39,
1369 2918 1433 2956 10.

1345 2981 1396 3017 8*
