1872 3224
212 187 296 230 600
606 186 995 221 ΑΡΙΣἸὈΦΑΝΟΤΣ
1042 186 1219 220 ΨΕΤΔΕ
1227 185 1445 220 ΠΙΓΡΑΦΑ

329 293 470 333 Suidas
510 295 550 331 et
581 292 712 331 Sohol.
742 290 838 330 Ald.
871 291 1042 333 Acharn.
1075 293 1159 332 520
1197 289 1357 330 σίκυον·
1395 285 1475 331 άπὸ
1513 287 1678 339 εὐθείας
1716 295 1786 344 τῆς
1867 278 1870 281 ’

212 347 233 389 ὁ
265 349 416 397 σίκυος.
436 347 517 387 ’καὶ
546 345 720 399 άλλαχοῦ
749 350 830 387 κτλ.
863 362 944 388 11011
975 351 1070 388 sunt
1099 349 1382 399 Aristophanis
1424 349 1652 389 tetrametri
1693 362 1785 389 ana-

212 409 390 459 paestioi,
423 407 491 446 sed
523 406 708 456 Procopii
739 406 862 446 verba
883 406 982 446 Bell.
1005 406 1115 447 Pers.
1139 407 1176 456 2,
1203 408 1267 446 18.
1299 407 1510 446 adnotavit
1538 406 1783 460 Bernhardy.
1843 437 1864 462 4

960 505 1046 548 960

327 590 505 629 Cramer.
528 589 681 628 Aneod.
699 589 789 628 Par.
805 589 886 627 IIII
911 590 1004 641 103,
1030 591 1080 628 12
1102 588 1213 643 αἱρῇ
1235 587 1371 644 βούλῃ.
1396 587 1612 659 ἐπείπερ
1632 586 1785 639 αὐτὸς

212 646 326 701 αι’ρῃ
355 646 555 699 λέγειν’.
581 641 887 699 Ἀριστοφάνης.
910 646 1010 686 th.
1036 648 1115 686 195
1149 630 1362 700 ἐπειδήπερ
1391 643 1512 695 αὐτὸς
1542 647 1658 701 αἱρεῖ,
1687 645 1786 702 λέγε.

962 747 1043 789 961

327 831 502 870 Cramer.
535 830 686 869 Aneod.
719 829 791 870 Ox.
834 830 893 868 ΙΙΙ
933 831 1036 881 273,
1081 833 1130 870 13
1168 824 1458 882 Ἀριστοφάνης
1500 829 1544 870 ἐν
1584 828 1787 882 Νεφέλαις

213 885 395 942 (νεφέλες
439 885 558 940 cod.).
599 884 781 938 ἥκομεν
820 884 904 926 τὸν
949 885 1103 927 πολὺν
1133 884 1382 940 ὀψόμεναι
1417 886 1555 929 λεών.
1617 890 1788 930 conflata

213 946 310 985 haec
340 947 435 985 sunt
464 959 511 984 ex
541 946 640 984 Ran.
672 946 753 984 676
785 946 826 984 et
855 945 961 984 Nub.
993 947 1088 988 300.

959 1046 1043 1088 962

327 1128 502 1168 Cramer.
542 1128 690 1168 Aneod.
731 1128 804 1168 Ox.
842 1129 861 1167 I
899 1130 1002 1178 277,
1046 1131 1094 1168 11
1135 1128 1275 1181 κρίνον
1318 1128 1474 1182 κρίνος,
1519 1127 1643 1169 ἔνθεν
1687 1126 1787 1169 ’καὶ

212 1184 445 1236 κρίνεισι’
477 1183 584 1237 παρὰ
614 1182 898 1236 Ἀριστοφάνει.
929 1187 1036 1225 Nuh.
1069 1189 1149 1226 911
1182 1185 1335 1238 κρίνεσι
1366 1190 1591 1238 στεφανοῖς.

965 1287 1047 1329 963

329 1370 503 1408 Cramer.
536 1369 809 1408 Aneod.Pa1-.
844 1370 925 1408 IIII
958 1372 1129 1420 217,19
1162 1367 1204 1409 τὸ
1234 1369 1341 1421 φημί
1366 1363 1473 1423 παρά
1500 1367 1787 1422 Ἀριστοφάνει,

213 1420 300 1464 οἷον
329 1427 516 1494 παίφημι.
560 1426 621 1466 his
651 1427 747 1477 quid
788 1428 932 1467 faciam
971 1423 1242 1477 110εο10,11ἰεὶ
1279 1429 1477 1468 referatur
1514 1429 1564 1468 ad
1600 1429 1702 1469 Rau.
1733 1430 1786 1469 37

213 1486 298 1536 παῖ,
327 1477 411 1534 ἠμί,
442 1486 529 1523 παῖ.

962 1539 1047 1582 964

329 1620 472 1659 Pollux
504 1622 542 1669 2,
565 1623 617 1660 97
650 1618 757 1672 παρὰ
789 1620 833 1660 δὲ
865 1620 1100 1672 Ξενοφωντι
1130 1617 1431 1673 άναχαίνειν
1459 1621 1527 1662 καὶ
1555 1619 1652 1686 παρ’
1683 1615 1787 1676 Ἀρι-

214 1672 654 1726 στοφάνει.1“οι·13.εεο
698 1679 775 1718 Av.
809 1680 890 1718 502
932 1679 973 1718 in
1011 1680 1094 1719 suis
1132 1680 1246 1719 mnis
1291 1681 1502 1720 invenerat
1543 1674 1786 1731 ἆναχαίνων,

213 1735 278 1773 vel
309 1734 408 1776 th.
445 1736 497 1774 10
527 1735 700 1774 aliumve
731 1749 890 1775 versum
922 1749 1002 1775 non
1032 1740 1139 1776 recte
1178 1737 1444 1806 intellexerat.
1505 1751 1598 1777 nam
1633 1735 1788 1788 χαίνειν

214 1791 373 1841 quidem
404 1805 486 1831 non
516 1794 577 1831 est
608 1792 802 1835 Atticum.

964 1893 1048 1935 965

329 1974 498 2014 Bekker.
532 1975 680 2014 Aneed.
718 1977 819 2024 106,
854 1976 906 2014 24
938 1975 1138 2024 λείψας
1177 1972 1267 2015 άντὶ
1305 1975 1375 2015 τοῦ
1412 1975 1552 2016 λιπών.
1593 1974 1787 2029 ’Ἀριστο-

214 2028 348 2081 φάνης
376 2027 632 2085 Ἀνδρομέδᾳ.
679 2033 728 2071 of.
763 2033 935 2073 Lobeok
972 2034 1125 2085 Phryn.
1159 2035 1253 2073 714.
1292 2034 1477 2076 Dindorf.
1510 2035 1634 2075 Arist.
1666 2036 1716 2075 fr.
1747 2037 1786 2076 9.

210 2084 454 2139 Ἀντιφάνης
486 2090 710 2129 Meinekius
741 2090 759 2129 I
791 2091 884 2132 325.
917 2090 1055 2131 Cobet.
1088 2091 1137 2131 V.
1169 2090 1214 2130 1.²
1246 2092 1342 2131 325.

964 2191 1047 2233 966

329 2272 494 2311 Photius
528 2274 624 2322 225,
659 2275 707 2312 11
741 2272 894 2322 λίξαι·
928 2270 1193 2325 ἐκτεταμένως
1227 2272 1271 2327 (1.
1305 2288 1340 2314 e.
1373 2272 1438 2328 ει),
1495 2268 1786 2328 Ἀριστοφάνης

208 2324 404 2368 Ἱππεῦσι.
436 2330 511 2380 Eq.
547 2332 626 2370 103
657 2329 799 2378 λείξας.

961 2429 1043 2472 967

329 2512 495 2552 Photius
536 2514 639 2564 531,
680 2515 731 2552 14
770 2511 990 2551 σποδοῦν
1022 2543 1031 2551 .
1056 2543 1065 2551 .
1089 2544 1097 2552 .
1129 2511 1196 2551 καὶ
1225 2512 1409 2565 τύπτειν,
1455 2511 1509 2561 ὡς
1539 2517 1682 2553 παῖσαι
1717 2513 1785 2554 καὶ

214 2565 406 2619 πατάξαι,
439 2566 482 2607 τὸ
519 2566 628 2609 αὐτό.
690 2568 815 2617 οὕτως
847 2567 1151 2622 Ἀριστοφάνης.
1214 2573 1256 2610 at
1293 2572 1460 2611 verbum
1506 2574 1568 2611 est
1605 2571 1783 2623 σποδεῖν,

215 2627 474 2677 Aristophani
504 2641 586 2666 non
616 2629 864 2667 inusitatum.

959 2726 1041 2767 968

330 2807 534 2862 τάλιδος
566 2814 636 2860 τῆς
666 2807 923 2861 μελλογάμου.
976 2804 1102 2855 οὕτως
1129 2804 1432 2862 Ἀριστοφάνης.
1483 2810 1662 2850 Photius.
1686 2811 1783 2850 Mei-

215 2865 357 2904 nekius
391 2865 612 2916 Σοφοκλῆς.
674 2870 735 2906 est
765 2867 905 2918 Antig.
939 2867 1034 2906 629.
