1872 3224
419 206 673 243 ΔΑΝΑῙΔΕΣ
700 229 743 235 -
768 213 996 249 ΔΡΑΜΑΤΑ
1021 216 1057 250 Η
1083 217 1388 255 ΚΕΝΤΑΤΡΟΣ
1608 223 1692 266 459

85 294 304 378 [75‘256.
336 310 642 366 συρμαιοπῶλης
673 316 921 370 Aegyptium
949 321 1118 362 indicat:
1159 324 1194 363 ei
1225 325 1330 364 enim
1361 339 1551 378 syrmaea,
1593 342 1691 380 quae

83 388 110 435 33
202 369 507 422 rhaphanorum
537 386 683 424 genere
713 388 799 415 esse
829 377 987 431 dicitur,
1026 380 1076 419 ad
1106 383 1287 422 ventrem
1325 386 1578 436 purgandum
1607 388 1689 426 ute·

34 493 38 495 .
86 424 287 474 hatur.
317 428 370 493 pf.
400 429 491 471 Pac.
525 431 647 471 1254.
680 433 840 474 Thesm.
871 436 968 475 857.
1006 436 1154 479 Herod.
1187 440 1227 490 2,
1249 441 1314 480 77.
1339 442 1430 483 125.
1467 443 1600 495 itaque
1620 457 1691 495 per

80 484 352 549 {ludibrium
380 487 543 528 Danaus
572 489 647 529 hoc
677 492 837 531 nomine
867 493 1058 544 adpellari
1086 495 1257 537 videtur.
1706 524 1711 527 ·

243 565 355 615 Quae
384 567 531 608 Pollux
562 569 602 622 4,
628 571 705 609 111
740 571 788 610 de
818 573 979 624 tragicis
1009 578 1145 615 narrat
1173 576 1373 617 interdum
1403 582 1449 619 ut
1477 580 1519 624 in
1539 593 1690 622 comoe-

54 620 286 683 ffffimm
317 625 506 677 parabasi
531 626 653 667 fiebat
690 641 783 668 suas
820 642 884 669 res
922 631 1099 681 privatas
1137 645 1225 672 cum
1262 637 1549 685 spectatoribus
1588 651 1688 679 com-

6 734 10 737 *
124 682 444 733 manicantibus,
477 697 614 724 eorum
644 685 756 725 illam
787 689 943 737 partem
973 702 1072 739 quae
1103 690 1151 729 ad
1181 691 1382 743 Euripidis
1413 693 1575 735 Danaen
1603 709 1689 747 per-

59 739 231 802 tinet
269 737 336 793 (ἓν
364 738 440 793 μέν
469 755 513 795 γε
543 747 591 797 τῇ
631 743 811 782 Δαναΐὸι
849 742 919 784 τὸν
954 739 1072 798 χορὸν
1108 745 1177 795 τὰς
1213 752 1407 800 γυναῖκας
1437 747 1536 804 ὑπὲρ
1566 748 1691 792 αὑτοῦ

52 800 104 856 ᾗ
123 810 163 838 τι
188 795 364 851 ποιήσας
395 796 596 854 παρᾴδειν
627 798 893 853 ἐκλαθόμενος
924 799 978 850 ὣς
1007 802 1160 856 ἄνδρας
1192 803 1318 858 λέγειν
1348 804 1436 846 ἕποί
1460 819 1502 848 σε
1529 814 1581 863 τῷ
1602 808 1690 861 σχή-

52 860 223 914 1.,’ᾗματι
250 861 322 909 τῆς
352 854 514 912 λέξεως)
553 858 796 900 Fritzschius
833 861 995 912 Fragm.
1034 875 1072 902 v.
1103 863 1205 914 Eup.
1237 876 1383 904 consor.
1418 868 1438 903 1
1496 879 1568 917 pro
1598 867 1688 906 Λα-

60 940 66 942 -
106 912 241 954 «ναΐὸι
284 915 466 955 scribens
513 915 693 955 Δαναΐσι
735 918 786 956 ad
830 918 1111 969 Aristophanis
1150 922 1392 960 comoediam
1430 924 1603 962 rettulit.
1652 927 1693 964 at

122 972 312 1020 universa
341 974 587 1014 narrationis
618 975 818 1015 sententia
848 978 889 1015 et
918 977 1129 1017 consilium
1159 978 1207 1017 de
1237 979 1414 1030 tragicis,
1444 993 1523 1020 non
1553 981 1601 1020 de
1631 993 1690 1021 co-

9 1029 12 1034 ’
47 1059 64 1077 3
122 1029 240 1072 micis
271 1031 336 1083 agi
368 1031 629 1072 demonstrat.

27 1096 67 1134 ,ᾗ
116 1115 139 1146 „³
239 1087 454 1130 Praeterea
492 1089 691 1141 Bergkius
734 1090 784 1129 fr.
819 1092 914 1132 677.
945 1092 985 1131 8.
1016 1093 1039 1131 9
1085 1092 1134 1131 ad
1177 1092 1377 1134 Danaides
1419 1094 1590 1135 rettulit.
1640 1094 1689 1134 cf.

29 1146 53 1189 s
108 1145 248 1187 retiam
279 1145 330 1188 fr.
365 1148 461 1187 189.
954 1176 955 1179 =

744 1240 827 1273 ΔΙΣ
852 1238 1087 1273 ΝΑΤΑΓΟΣ

242 1308 309 1349 Sic
338 1309 484 1349 Pollux
519 1310 583 1358 10,
618 1311 670 1350 33
701 1309 817 1350 Voss.
839 1323 953 1362 corr„
983 1310 1126 1361 reliqui
1157 1311 1310 1351 codices
1331 1310 1566 1363 διοναυαγῶ.
1598 1312 1717 1352 scri--

4 1366 45 1402 ζ’
122 1365 294 1407 bebatur
323 1367 407 1408 fere
437 1365 633 1420 Ναυαγός
653 1369 694 1407 et
713 1369 820 1407 inter
846 1367 1077 1408 subditicias
1096 1369 1352 1410 referebatur.
1381 1369 1462 1408 Vit.
1484 1369 1690 1421 Aristoph.

123 1423 300 1464 XXVIII
333 1426 386 1465 65
417 1425 578 1465 Duebn.
616 1422 765 1478 ἔγραψε
795 1422 839 1464 δὲ
876 1423 1055 1476 δράματα
1091 1422 1170 1477 μό”,
1209 1419 1268 1464 οἷν
1295 1418 1533 1478 ἀντιλέγεται
1562 1424 1606 1464 δ’
1636 1419 1690 1474 ὥς

122 1477 200 1522 οὐκ
235 1479 335 1522 ὄντα
365 1476 507 1522 αὐτοῦ.
554 1480 633 1522 ἔστι
670 1480 715 1522 δὲ
745 1487 869 1522 ταῦτα
900 1482 1082 1534 Ποίησις,
1113 1481 1319 1535 Ναυαγός,
1353 1483 1507 1535 Νῆσοι,
1545 1481 1689 1535 Νιόβις

125 1538 219 1592 (scr.
250 1538 446 1592 Νίοβος),
488 1537 516 1579 ἅ
555 1554 660 1588 τινες
690 1534 794 1580 εἶναι
825 1538 982 1591 ἔφασαν
1006 1537 1238 1592 Ἀρχίππου.
1276 1541 1326 1579 cf.
1348 1541 1517 1580 Meinek.
1547 1540 1567 1579 I
1596 1542 1691 1580 209.

123 1610 169 1638 ac
199 1597 459 1653 difficilexest
489 1599 621 1639 dicere
651 1599 766 1649 quale
787 1600 1069 1650 argumentum
1098 1598 1238 1637 fabula
1267 1610 1312 1637 eo
1333 1599 1492 1638 nomine
1512 1598 1692 1649 praedita

124 1656 314 1707 antiquae
359 1656 588 1696 comoediae
632 1658 761 1696 aetate
804 1656 950 1696 habere
987 1657 1185 1706 potuerit:
1224 1668 1316 1694 nam
1356 1655 1583 1706 Ephippus,
1624 1655 1691 1705 qui

126 1707 332 1766 Ναυαγόν
370 1714 551 1765 scripsit,
590 1714 824 1754 recentioris
862 1716 935 1754 est.
981 1713 1060 1753 nisi
1089 1713 1196 1752 forte
1225 1725 1370 1752 nomen
1398 1711 1565 1763 figurate
1595 1712 1690 1750 acci-

122 1770 318 1822 piendum
347 1774 410 1811 est
438 1772 487 1811 de
517 1784 563 1811 eo
593 1773 662 1822 qui
693 1771 754 1811 bis
784 1771 1013 1822 patrimonii
1050 1771 1301 1821 potentiaeve
1335 1770 1378 1808 in
1407 1769 1568 1808 civitate
1597 1781 1690 1807 nau·

125 1828 301 1881 fragium
331 1829 430 1869 fecit
470 1830 662 1877 (zweimal
692 1828 920 1878 bankerott).
971 1829 1014 1867 in
1043 1827 1173 1867 indice
1210 1826 1296 1867 cod.
1329 1826 1513 1866 Ambros.
1543 1825 1690 1864 Novati
1766 1872 1769 1874 v

122 1885 264 1927 Herm.
294 1886 417 1926 XIIII
446 1887 531 1927 464
560 1887 714 1938 legitur
744 1881 940 1932 Διόνυσος
972 1879 1160 1936 ναυαγός.
1192 1885 1233 1922 at
1260 1884 1303 1923 in
1332 1884 1444 1923 tanta
1472 1882 1556 1923 eius
1585 1882 1689 1921 codi-

124 1944 181 1985 cis
211 1944 501 1996 depravatione
532 1944 760 1984 auctoritati
790 1944 874 1983 eius
905 1955 986 1982 non
1005 1942 1172 1982 nimium
1203 1940 1461 1980 tribuendum
1491 1939 1660 1980 videtur.
1695 1944 1701 1950 ‘

873 2053 958 2097 266

485 2137 532 2178 τί
559 2128 598 2178 ὦ
627 2133 803 2191 πονηρέ
826 2131 875 2189 μ’
908 2132 1117 2188 ἐξορίζεις
1146 2129 1340 2188 ὡσπερεὶ

484 2202 767 2259 κλιντήριον;

237 2289 382 2330 Pollux
415 2290 488 2338 10,
513 2289 566 2328 33
597 2289 772 2326 καλεῖται
802 2282 847 2325 δὲ
877 2283 919 2325 τὸ
950 2283 1147 2324 κλινίδιον
1182 2280 1250 2322 καὶ
1287 2279 1522 2333 κλιντήρων,
1562 2276 1616 2327 ὦς
1647 2276 1691 2318 ἕν

124 2344 200 2395 Δὶς
231 2350 397 2401 ναυαγῷ
424 2342 716 2398 Ἀριστοφάνης
747 2341 822 2395 ἔφη
852 2345 933 2385 κτλ.
966 2337 998 2382 ὦ
1018 2339 1168 2393 πονηρέ
1186 2337 1232 2393 μ’
1256 2362 1309 2368 --
1329 2335 1495 2390 ὥςπερεὶ
1524 2334 1687 2388 Bergk]

123 2419 172 2456 με
192 2397 227 2444 «13
245 2403 398 2456 πόνηρε
422 2427 473 2432 —
495 2400 644 2455 ὥσπερ.
685 2399 887 2454 ἐξορίζεις]
911 2398 1120 2450 ἐκπορίζεις
1141 2398 1337 2450 Bergkius
1356 2400 1474 2435 recte.
1505 2394 1547 2433 in
1567 2393 1688 2433 verbo

125 2459 345 2515 ἑκκορίζειν
373 2462 488 2511 ludit,
520 2463 727 2511 tamquam
758 2460 878 2499 simul
908 2472 930 2497 a
959 2454 1056 2510 κόρη
1096 2459 1136 2496 et
1166 2453 1274 2507 κόρις
1312 2451 1582 2492 deducendum
1620 2450 1685 2488 sit.

97 2524 99 2527 ⁴
126 2521 217 2560 ‘cwr
243 2522 470 2571 virginitate
498 2531 559 2558 me
586 2519 742 2568 spolias,
775 2521 977 2565 tamquam
1005 2516 1140 2554 lectum
1170 2512 1365 2552 cimicibus
1385 2508 1580 2559 purqes?’
1631 2507 1687 2545 lo-

126 2578 267 2628 quitur
295 2579 422 2629 igitur
450 2576 598 2628 puella.
628 2575 763 2626 paullo
795 2574 911 2612 aliter
939 2572 1094 2612 Thesm.
1129 2571 1221 2609 760.
1263 2568 1312 2607 cf.
1342 2566 1484 2616 Eupol.
1518 2565 1618 2612 233,
1649 2564 1687 2601 4.

127 2635 335 2675 Menandr.
374 2649 439 2686 ap.
478 2633 609 2674 Schol.
649 2632 741 2671 Pac.
775 2631 842 2670 59.
891 2631 1060 2680 possunt
1088 2628 1205 2667 etiam
1243 2623 1403 2664 dimetri
1441 2635 1538 2662 esse.
1593 2618 1632 2659 τί
1657 2613 1689 2658 ὦ

0 2710 6 2716 2
51 2726 55 2730 A
126 2689 277 2745 πονηρέ
304 2688 350 2744 μ’
384 2687 605 2745 ἐκκορίΙζεις
635 2685 803 2740 ὡσπερεὶ
831 2684 1076 2738 κλιντήριον;

607 2823 840 2860 ΔΡΑΜΑΤΑ
862 2823 899 2855 Η
923 2818 1216 2856 ΚΕΝΤΑΤΡΟΣ

199 2955 202 2957 ,
242 2909 354 2949 Inter
393 2908 676 2959 Aristophanis
716 2905 870 2945 fabulas
906 2902 1129 2942 referuntur
1166 2893 1354 2952 Λράματα
1389 2892 1418 2946 ἢ
1447 2891 1683 2944 Κένταυρος,
