1872 3224
227 127 311 170 536
825 129 1213 165 ΑΡΙΣΤΟΦΑΝΟΤΣ
1816 0 1872 264 ἒ

342 232 471 272 Schol.
505 234 581 271 Av.
615 234 697 272 874
729 233 909 288 φρυγίλῳ
940 234 1146 289 Σαβαζίῳ·
1190 233 1277 275 ἐπεὶ
1306 237 1483 289 Φρυγῶν
1512 234 1534 277 ὁ
1563 236 1678 287 θεός.
1737 237 1807 280 καὶ
1848 266 1872 307 ἰ

226 288 270 328 ἐν
288 286 437 342 ’Ὡραις
467 292 545 329 κτλ.
579 290 750 329 ‘sabazii
781 293 903 331 cultor
933 292 1152 344 significari
1183 294 1358 334 videtur’
1380 294 1584 337 Lobeckio
1605 297 1805 350 Aglaoph.

227 349 307 386 627
340 348 431 386 adn.
465 348 500 388 d.
531 370 586 375 —
615 360 698 386 non
728 349 882 389 accedo.

1855 427 1872 458 k·

976 461 1058 504 567

1224 521 1323 576 ἐμοὶ
1863 535 1866 537 “

433 583 675 638 κράτιστόν
707 585 833 628 ε’στιν
866 587 927 637 εἰς
956 585 1006 630 vd
1041 590 1236 644 Θησεῖον
1266 590 1472 647 δραμεῖν,

434 654 532 696 ἐκεῖ
558 651 601 696 δ’
633 653 717 705 ἕως
747 653 806 697 ἂν
836 657 1006 710 πρᾶσιν
1038 654 1243 714 εὕρωμεν
1272 659 1442 714 μένειν.

340 737 482 776 Pollux
525 739 570 787 7,
606 739 657 777 13
693 734 719 776 ὃ
756 735 801 778 δὲ
839 739 880 779 οἱ
914 745 994 780 νῦν
1031 751 1132 791 φασι
1171 739 1263 790 τούς
1301 740 1455 791 οἰκέτας
1493 743 1645 797 πρᾶσιν
1678 744 1806 787 αἰτεῖν

223 791 329 832 ἔστιν
359 790 493 846 εὑρεῖν
523 792 567 834 ἐν
599 799 685 843 ταῖς
713 792 1023 848 Ἀριστοφάνους
1042 796 1191 850 ”Ώραις
1230 802 1311 839 κτλ.
1351 799 1436 853 ἐμοὶ
1473 802 1602 854 Toup.
1621 803 1803 846 Emend.

224 851 306 890 IIII
339 853 440 905 370]
472 851 514 892 εἴ
538 866 615 904 μοι.
647 854 853 895 Bekkerus
874 856 977 895 nihil
999 857 1207 897 varietatis
1228 858 1445 899 adnossavit.
1477 857 1689 927 κράτιστον
1706 856 1806 913 ἡμῖν

226 907 282 955 εἰς
314 912 395 950 κτλ.
429 910 566 951 Cobet.
599 911 747 952 Mnem.
779 912 816 950 V
850 914 944 953 195.
991 914 1146 954 facilius
1177 916 1295 955 etiam
1334 912 1432 967 ἡμῖν
1469 916 1804 970 κρατιστονΡοτ-

228 980 312 1007 son.
344 969 496 1008 Hecub.
533 969 657 1009 1238.
690 970 740 1011 cf.
773 970 847 1021 Eq.
885 971 939 1011 20
956 984 1014 1022 sq.
1050 973 1172 1012 1312.
1204 974 1254 1014 fr.
1286 975 1382 1013 458.
1416 975 1512 1015 459.

979 1106 1063 1149 568

207 1206 224 1246 3,
432 1183 684 1239 διέφθορας
714 1182 794 1227 τὸν
824 1183 967 1241 ὅρκον
997 1183 1139 1242 ἡμῶν.

144 1248 154 1267 ³
341 1269 579 1307 Ammonius
609 1269 662 1307 41
692 1265 982 1321 Ἀριστοφάνης
1001 1267 1162 1322 ”Ώραις.
1202 1270 1349 1325 ’Ὡραις
1381 1272 1606 1328 Ooddaeus]
1639 1273 1790 1328 Κάραις

226 1328 277 1368 cf.
309 1326 494 1365 Eustath.
522 1327 615 1375 191,
639 1327 706 1365 28.
767 1326 982 1366 admodum
1014 1330 1136 1368 dubia
1166 1333 1228 1370 est
1256 1331 1400 1371 horum
1431 1332 1649 1391 verborum
1676 1303 1805 1373 inter:

226 1385 398 1435 pretatio
431 1383 537 1433 apud
568 1384 762 1423 Fritzseh.
795 1384 954 1425 Daetal.
988 1387 1041 1426 83
1073 1387 1164 1427 adn.
1199 1390 1266 1428 50.

974 1520 1061 1563 569

282 1602 336 1640 A.
369 1595 469 1648 ὄψει
501 1597 550 1640 δὲ
582 1601 802 1654 χειμῶνος
831 1598 973 1655 μέσου
1005 1602 1207 1657 σικυούς,
1238 1603 1421 1660 βότρυς,
1453 1601 1656 1662 ὀπώραν,

283 1666 541 1721 στεφάνους
572 1670 655 1710 [ων
688 1700 696 1709 .
730 1701 740 1710 .
773 1705 781 1713 .
813 1669 1055 1723 κονιορτὸν
1087 1669 1418 1727 ἐκτυφλοῦντα.

283 1735 420 1787 αὐτὸς
451 1734 494 1778 δ’
527 1734 643 1792 ἀνὴρ
674 1739 820 1779 πωλεῖ
845 1739 1016 1794 κίχλας,
1048 1738 1225 1797 ἀπίους,
1258 1739 1497 1798 σχαδόνας,
1531 1742 1679 1798 ἐλάας,

283 1805 418 1859 πυόν,
451 1802 597 1861 χόρια,
629 1804 873 1860 χελιδόνια,
906 1807 1119 1864 τέττιγας,
1154 1810 1383 1867 ἐμβρύεια.

244 1884 265 1916 5
288 1873 474 1930 ὑρίχους
505 1871 544 1915 δ’
579 1875 694 1926 ἴδοις
724 1873 782 1918 ἂν
812 1875 1091 1933 νιφόμενους
1121 1875 1277 1922 σύκων
1308 1876 1422 1936 ὁμοῦ
1450 1896 1499 1924 τε
1527 1880 1734 1938 μύρτων·

283 1946 435 1986 ἔπειτα
467 1943 747 1994 κολοκύντας
777 1942 891 2001 ὁμοῦ
922 1953 1019 1998 ταῖς
1047 1949 1318 2003 γογγυλίσιν
1349 1946 1539 2005 άμῶσιν.

283 2009 392 2054 ὥστ’
426 2009 511 2056 οὐκ
543 2010 606 2056 ἔτ’
638 2010 789 2063 οὐδεὶς
819 2010 906 2056 οἷδ’
941 2012 1123 2071 ὁπηνίκ’
1155 2017 1250 2061 ἐστὶ
1280 2015 1566 2062 τούνιαυτοῦ.

286 2116 293 2124 .
328 2115 337 2124 .
367 2081 578 2135 μέγιστον
609 2079 803 2136 ἀγαθόν,
835 2085 961 2139 εἴπερ
993 2085 1086 2127 ἔστι
1117 2084 1180 2128 δι’
1213 2086 1428 2130 ἐνιαυτοῦ

283 2148 390 2192 ὅτου
421 2166 486 2200 τις
518 2149 736 2206 ἐπιθυμεῖ
762 2154 931 2207 λαβεῖν.
964 2156 1015 2197 Β.
1048 2153 1191 2197 κακὸν
1220 2156 1306 2210 μὲν
1336 2149 1421 2199 οὖν
1449 2157 1677 2212 μέγιστον.

228 2229 269 2260 10
287 2220 329 2261 εἰ
354 2217 413 2275 μὴ
444 2217 531 2274 γάρ
562 2213 637 2274 ἦν,
670 2218 755 2263 οὐκ
786 2217 844 2263 ἂν
877 2221 1143 2278 ἐπεθύμουν
1173 2222 1273 2267 οὐδ’
1306 2221 1365 2268 ἄν
1396 2224 1704 2269 ἐδαπανῶντο.

284 2286 370 2343 ἐγώ
405 2288 454 2330 δὲ
480 2286 607 2330 ταῦτ’
641 2286 797 2343 ὀλίγον
827 2289 995 2346 χρόνον
1024 2291 1194 2348 χρήσας
1222 2291 1477 2350 ἀφειλόμην
1507 2292 1579 2341 ἄν.

284 2361 337 2398 A.
372 2355 553 2411 κᾶγωγε
580 2364 676 2408 ταῖς
706 2355 863 2409 ἄλλαις
893 2359 1052 2402 πόλεσι
1083 2360 1178 2415 δρῶ
1208 2363 1351 2404 ταῦτα
1380 2361 1502 2419 πλὴν
1527 2360 1752 2419 Ἀθηνῶν·

284 2426 469 2475 ταύταις
499 2423 543 2468 δ’
577 2423 771 2481 ὑπάρχει
800 2425 945 2482 ταῦτ’,
978 2426 1134 2485 ἐπειδὴ
1165 2427 1271 2480 τούς
1300 2428 1440 2481 θεοὺς
1469 2430 1698 2486 σέβουσιν.

283 2495 331 2538 Β.
362 2492 628 2536 ἀπέλαυσαν
657 2493 745 2551 ἄρα
775 2497 984 2551 σέβοντες
1015 2495 1146 2554 ὑμᾶς,
1179 2495 1237 2548 ὠς
1268 2495 1327 2542 σύ
1358 2493 1456 2555 φής.
1491 2502 1546 2542 Α.
1575 2501 1621 2541 τί
1640 2498 1695 2555 δή
1717 2495 1796 2552 σύ;

227 2571 268 2602 15
282 2565 327 2604 Β.
360 2566 599 2617 Αἴγυπτον
630 2561 782 2607 αὐτῶν
811 2563 895 2621 τὴν
925 2565 1061 2610 πόλιν
1090 2569 1339 2623 πεποίηκας
1368 2561 1468 2610 ἀντ’
1497 2565 1717 2623 Ἀθηνῶν.

339 2646 568 2685 Athenaeus
608 2649 651 2696 9,
694 2649 812 2688 372b
855 2646 899 2687 ἕν
925 2647 1075 2701 ’Ώραις
1114 2645 1135 2688 ὁ
1173 2649 1324 2703 χαρίεις
1357 2647 1648 2703 Ἀριστοφάνης
1685 2646 1798 2692 εἶπεν

226 2700 404 2741 ἐπαινῶν
434 2702 503 2750 τὰς
535 2703 658 2752 καλὰς
686 2701 866 2756 Ἀθήνας
897 2703 942 2745 ἐν
972 2706 1125 2754 τούτοις
1154 2710 1235 2746 κτλ.
1286 2708 1392 2746 idem
1427 2709 1491 2759 14,
1524 2709 1635 2748 653f
1662 2707 1722 2750 ὅτι
1750 2706 1796 2748 δὲ

226 2757 269 2797 ἐν
299 2763 386 2806 ταῖς
414 2756 608 2810 Ἀθήναις
640 2762 837 2812 διηνεκεῖς
867 2756 972 2815 ἦσαν
1003 2762 1050 2802 αἱ
1075 2759 1232 2816 ὀπῶραι
1261 2768 1387 2803 πᾶσαι
1412 2767 1608 2817 μαρτυρεῖ
1627 2763 1796 2820 Ἀριστο-

226 2811 358 2868 φάνης
391 2813 603 2870 ἕν’Ώραις
643 2817 705 2871 (ἐν
734 2817 892 2875 Εἰρήνῃ
930 2821 1137 2873 epitome).
1197 2835 1234 2862 v.
1270 2824 1307 2862 1.
1340 2823 1376 2861 2.
1411 2824 1448 2862 7.
1482 2824 1520 2862 8.
1553 2824 1591 2862 9.
1626 2826 1680 2865 10
1709 2824 1795 2864 Sine
