1872 3224
245 169 329 212 240
890 164 1162 199 ΕΡΜΙΠΠΟΤ

356 274 588 313 Eustathius
614 273 732 319 1828,
756 272 808 310 58
831 285 878 310 ex
909 270 1175 320 Aristophane
1206 270 1492 320 grammatico:
1522 264 1711 324 μηλωτήν
1736 280 1824 325 ἰφ-ζ

245 336 389 383 λοῦμεν
418 329 484 369 καὶ
514 328 585 381 τὴν
614 327 767 381 αἰγείαν
805 326 950 379 δοράν,
989 325 1063 378 τὴν
1100 324 1143 365 δὲ
1182 331 1264 365 τῶν
1301 322 1515 379 προβάτων
1554 325 1654 368 ἔνιοι
1690 325 1814 382 offen.

245 396 324 429 τῶν
353 385 396 428 δὲ
425 384 600 439 ἀρχαίων
624 381 810 424 Ἀττικῶν
841 381 943 431 τινὲς
973 382 1205 435 συναλιφὴν
1235 382 1466 435 ποιούμενοι
1502 378 1591 424 ὦαν
1630 382 1830 443 ἐκάλουν(

243 445 309 486 καὶ
338 443 447 497 φέρει
467 442 533 482 καὶ
563 448 700 495 χρῆσιν
723 439 946 494 Ἑρμίππου
978 439 1147 491 ταύτην·
1187 439 1271 493 ὥρα
1301 439 1464 492 μάττειν
1495 439 1560 482 ἐπὶ
1589 445 1669 490 τοῖς
1690 442 1830 496 {eoois

243 502 309 542 καὶ
339 500 411 553 τὴν
440 495 526 540 οἷαν
555 499 807 552 περιὸεῖσθαι
837 498 924 551 περὶ
955 497 1028 550 τὴν
1058 495 1205 548 ὀσφύν.
1238 504 1278 538 et
1309 501 1404 547 877,
1430 500 1483 539 55
1516 500 1614 540 item
1645 514 1694 542 ex
1712 501 1839 543 Ari--¹

244 561 453 610 stophane:
485 555 668 609 μηλωτὴν
706 560 906 607 καλοῦμεν
941 554 1008 594 καὶ
1047 554 1122 608 τὴν
1161 555 1316 608 αἰγείαν
1353 554 1498 608 δοράν,
1539 554 1616 609 τὴν
1651 554 1712 598 δὲ’
1735 559 1816 599 τῶν

242 615 451 669 προβάτων
481 613 583 661 τινὲς
623 612 749 665 οἰέην,
789 611 894 653 ὅθεν
932 610 956 664 ἡ
1001 611 1060 668 ᾦα
1096 612 1356 664 συνήλειπται
1393 608 1500 652 οἷον·
1539 611 1625 667 ὥρα
1653 613 1816 668 μάττειν
1845 665 1848 668 ἢ

244 672 306 712 ἐπὶ
338 677 415 719 τοῖς
446 673 563 724 ἱεροῖς
594 674 673 710 κτλ.
706 672 752 710 ad
784 672 933 711 Milites
958 672 1052 710 haec
1072 672 1338 722 probabiliter
1357 672 1563 712 revocavit
1585 672 1810 715 Meinekiua
1844 673 1845 676 ’

242 734 404 782 propter
432 731 480 768 fr.
513 731 566 768 54
598 734 637 768 et
668 731 734 768 57.
766 731 846 775 τοῖς
877 728 995 781 ἱεροῖς
1027 731 1261 779 corruptum
1293 742 1378 769 esse
1408 729 1594 770 arbitror.
1637 736 1733 770 nam'
1762 731 1813 772 de

243 790 363 828 sacris
394 800 493 838 quae
524 788 670 826 milites
701 788 742 825 in
773 787 924 825 bellum
954 786 1251 837 proficiscentes
1273 787 1357 826 deis
1379 787 1600 827 offerebant
1620 784 1838 841 (gssttiffow

243 843 357 898 ἱερά),
390 845 438 883 ad
468 857 568 894 quae
590 844 811 882 Meinekius
842 843 935 882 haec
967 844 1087 882 verba
1117 844 1327 890 referebat,
1360 844 1531 895 cogitari
1559 857 1643 885 non
1662 847 1811 897 potent.

241 916 369 953 neque
401 915 492 941 vero
521 915 661 951 panem
691 901 952 940 conficiebant
989 902 1042 940 ad
1071 902 1213 950 templa
1249 898 1331 954 (ἐπὶ
1369 904 1450 948 τοῖς
1489 899 1627 956 ἱεροῖς)
1663 905 1734 942 aut
1768 903 1813 944 in

244 961 405 999 aedibus
450 959 633 1008 privatis,
680 971 779 1008 quae
824 958 1038 997 maximam
1077 962 1233 1009 partem
1271 959 1524 1010 angustiores
1568 961 1700 1009 erant,
1739 956 1814 1001 sed
1862 947 1872 1017 ξ·

243 1018 295 1056 ad
338 1018 491 1056 aedium
531 1017 675 1054 ianuas
717 1016 758 1054 in
801 1016 875 1054 viis
912 1015 1095 1065 publicis.
1136 1016 1185 1055 cf.
1219 1015 1339 1066 Vesp.
1374 1017 1438 1054 14.
1474 1017 1543 1056 23.
1574 1016 1652 1058 Av.
1686 1017 1811 1059 1579.
1870 1033 1872 1072 j

243 1075 376 1124 itaque
407 1073 653 1112 scribendum
685 1075 745 1112 est
776 1069 856 1110 ἐπὶ
887 1075 1022 1111 ταῖσι
1053 1069 1250 1124 θύραις.

987 1211 1042 1261 54
1080 1252 1082 1255 ,

242 1297 332 1354 ὥρα
361 1300 520 1341 τοίνυν
549 1297 647 1354 μετ’
680 1299 792 1355 ἐμοῦ
823 1306 985 1354 χωρεῖν
1014 1297 1097 1341 τὸν
1127 1301 1375 1356 κωπητῆρα
1406 1300 1607 1355 λαβόντα

243 1366 317 1409 καὶ
346 1365 726 1423 προσκεφάλαιον,
757 1365 817 1410 ἵν’
853 1368 895 1417 ἐς
926 1365 1009 1422 τὴν
1039 1369 1157 1410 ναῦν
1190 1366 1450 1424 ἐμπηδήσας
1481 1366 1706 1427 ῥοθιάζῃς.
1739 1407 1742 1410 .

242 1449 290 1488 Β.
314 1444 412 1488 ἀλλ’
431 1444 484 1489 οὐ
503 1445 658 1501 δέομαι
679 1447 901 1490 πανικτὸν
924 1449 1038 1503 ἔχων
1058 1446 1138 1490 τὸν
1155 1446 1368 1502 πρωκτὸν
1385 1449 1810 1508 [προσκεφαλαίου].
1868 1500 1872 1503 ,

355 1531 577 1581 Hesychius
598 1529 809 1569 πανικτόν·
828 1529 1057 1583 ’Ἐρμιππος
1073 1528 1116 1570 ἐν
1134 1528 1403 1583 Στρατιώταις
1418 1532 1499 1572 κτλ.
1555 1534 1591 1572 1.
1613 1530 1684 1572 τὸν
1703 1532 1814 1574 addi·

245 1588 304 1625 dit
334 1587 563 1626 Salmasius.
594 1593 809 1639 κωπητῆρα
830 1587 1000 1642 Musur.]
1034 1593 1252 1640 κοπητῆρα.
1313 1591 1352 1629 2.
1374 1586 1432 1628 ἵν’
1467 1586 1505 1637 ἐς
1536 1587 1610 1642 τὴν
1636 1587 1809 1644 Musun]

244 1641 301 1681 ἵν’
342 1641 435 1683 ἐστὶ.
474 1642 664 1698 ῥοθιάζῃς
709 1646 933 1685 Biomfieid.
974 1647 1102 1686 eioss.
1143 1647 1284 1686 Aesch.
1324 1647 1436 1687 Pers.
1467 1644 1573 1700 402]
1611 1641 1810 1697 ῥοθιᾰξις.

245 1702 281 1738 3.
310 1700 629 1752 προσκεφαλαίου
668 1703 821 1741 addidit
858 1703 1077 1745 Blomfield.
1138 1704 1340 1743 ‘hortatur
1376 1705 1519 1755 aliquis
1555 1705 1727 1744 alterum
1763 1706 1812 1745 nt

244 1770 376 1796 secum
404 1772 546 1797 navem
577 1760 813 1798 conscendat
843 1761 892 1799 ad
924 1761 1074 1799 bellum
1095 1764 1141 1800 ut
1163 1762 1323 1800 videtur
1341 1762 1627 1812 profecturus!
1659 1761 1808 1814 Bergk.

243 1814 290 1854 R.
324 1828 354 1853 c.
387 1816 472 1853 Att.
496 1816 589 1854 324.
622 1815 746 1866 πήνος
776 1818 839 1856 vel
869 1822 997 1864 ποῖνος
1029 1819 1208 1869 corporis
1239 1821 1431 1871 tumores,
1461 1819 1643 1870 pustulas
1674 1820 1715 1859 et
1744 1821 1808 1859 tu-

243 1872 403 1910 bercula
424 1872 527 1922 apud
547 1873 720 1912 medicos
750 1874 959 1924 significat.
992 1875 1041 1913 cf.
1064 1875 1168 1914 Cels.
1193 1877 1232 1925 5,
1256 1877 1324 1924 28,
1349 1878 1412 1915 10.
1444 1877 1580 1927 itaque
1609 1873 1807 1916 πανικτὸν
1854 1877 1860 1881 ’

243 1926 425 1978 πρωκτὸν
454 1931 629 1978 podicem
669 1931 875 1970 tuberculis
913 1933 1080 1972 obsitum
1118 1935 1160 1971 et
1197 1945 1287 1972 cum
1325 1934 1527 1973 contraria
1563 1933 1671 1984 apud
1709 1933 1810 1973 Her·

243 1986 421 2035 mippum
452 1987 645 2026 sententia
674 1989 911 2037 requiratur,
943 1985 990 2027 οὐ
1021 1986 1150 2040 δέομ’,
1182 1985 1230 2028 οὐ
1260 1987 1469 2037 πανικτὸνἶ
1499 1987 1600 2042 ἔχων
1635 1990 1810 2031 scriben-

245 2043 336 2079 dum
367 2055 450 2081 esse
480 2043 611 2092 opinio
641 2047 703 2083 est
732 2045 933 2084 Meinekii.
966 2047 1081 2085 ‘nihil
1101 2059 1143 2086 se
1164 2059 1263 2098 opus
1284 2047 1429 2088 habere
1457 2048 1660 2098 pulvinari
1689 2047 1808 2088 dicit:

244 2112 367 2148 neque
399 2100 502 2138 enim
533 2101 758 2149 pustulatas
789 2115 829 2141 se
855 2106 968 2142 nates
999 2103 1172 2143 habere’.
1211 2104 1311 2146 mihi
1341 2105 1475 2144 nescio
1514 2105 1604 2155 quis
1642 2104 1810 2145 militiae

245 2168 285 2192 se
317 2156 543 2195 subtrahere
572 2157 729 2196 videtur
760 2159 937 2210 podicem
960 2161 1132 2210 pustulis
1153 2153 1329 2200 obsitum
1350 2174 1559 2202 excusans:
1592 2157 1640 2200 οὐ
1670 2157 1811 2212 δέομαι

246 2208 485 2265 (δύναμαιῬ)
517 2210 700 2263 ἐμπηδοῖν
728 2213 823 2265 μετὰ
855 2221 929 2255 σοῦ
960 2216 1014 2263 εἰς
1053 2215 1127 2268 τὴν
1162 2217 1279 2260 ναῦν.
1340 2231 1387 2258 ea
1417 2219 1473 2270 de·
1497 2231 1615 2259 causa
1643 2230 1809 2271 magno-

244 2281 335 2317 pere
372 2269 511 2308 dubito
551 2284 600 2308 an
641 2285 721 2310 non
765 2275 870 2311 recte
907 2274 1106 2314 addiderit
1146 2275 1423 2316 Blomfieldius
1466 2274 1812 2327 προσκεφαλαίου,

244 2338 314 2373 pro
346 2339 423 2375 quo
455 2326 629 2366 dativum
660 2342 683 2366 a
719 2328 915 2369 πανικτόν
951 2344 1186 2381 suspensum
1223 2327 1303 2378 (ἀεὶ
1333 2329 1574 2385 φυγέθλοισι
1601 2333 1667 2373 vel
1696 2329 1810 2384 χιμέ-

244 2383 376 2428 τλοισι,
409 2382 510 2422 Cels.
538 2386 574 2431 5,
600 2385 662 2432 18,
698 2387 760 2424 19.
794 2388 858 2435 28,
885 2386 954 2436 10)
986 2388 1179 2428 desidero.
1219 2389 1267 2428 de
1297 2390 1495 2441 remigum
1523 2390 1725 2441 pulvinari
1755 2390 1804 2432 cf.

244 2438 445 2488 Aristoph.
477 2440 551 2490 Eq.
585 2442 678 2481 785.
711 2442 860 2483 Oratin.
893 2446 987 2484 269.

982 2557 1039 2599 55

647 2634 733 2675 Χία
763 2634 811 2675 δὲ
842 2633 970 2687 κύλιξ
1000 2634 1125 2687 ὑψοῦ
1155 2636 1372 2693 κρέμαται

649 2701 751 2755 περὶ
780 2704 1085 2759 πασσαλόφιν.

357 2778 581 2820 Athenaeus
613 2784 677 2830 11,
708 2784 821 2824 48οθ
852 2782 1110 2825 ἐπαινοῦνται
1141 2785 1183 2826 δὲ
1212 2786 1279 2827 καὶ
1316 2789 1364 2828 αἱ
1396 2790 1495 2829 Χῖαι
1530 2787 1711 2840 κύλικες,
1748 2782 1811 2829 οἷν

244 2832 479 2885 μνημονεύει
496 2835 719 2890 ”Έρμιππος
751 2839 794 2879 ἐν
815 2839 1082 2895 Στρατιώταις
1102 2847 1182 2884 κτλ.
1207 2846 1590 2906 Ευεῂαὲὴίιιε-Ιίλῖὃ,
1615 2848 1681 2886 61.
1710 2859 1806 2897 prae
