1872 3224
751 204 1074 239 ΔΡΑΠΕΤῙΔΕΣ
1648 203 1701 246 31

114 307 183 350 καὶ
213 311 410 362 Κρατῖνος
441 307 486 348 ἒν
519 306 752 361 Δραπέτισι
786 311 907 360 Greg.
932 308 1058 360 Cypr.
1081 308 1193 347 Leid.
1226 308 1263 356 2,
1288 309 1343 348 90
1373 302 1394 346 ὅ
1425 310 1561 358 μῦθος
1592 305 1704 348 ἀπώ-

115 370 223 408 λετο·
261 364 327 407 ἐπὶ
369 366 451 406 τῶν
488 364 562 418 τὴν
601 366 791 419 διήγησιν
826 364 880 418 μὴ
921 364 984 405 ἐπὶ
1022 363 1144 418 πέρας
1183 361 1366 418 ἀγόντων
1396 366 1513 415 (ohne
1543 367 1703 417 Pomte)

116 427 154 475 2,
186 427 239 466 91
273 423 398 480 τούτῳ
435 429 491 480 τῷ
528 419 629 478 λόγῳ
667 429 841 476 χρῶνται
881 423 922 462 οἷ
947 421 1125 476 λέγοντές
1166 437 1201 461 τι
1230 421 1331 475 πρὸς
1371 421 1465 471 τοὺς
1495 422 1550 476 μὴ
1581 438 1703 477 προσ-

117 480 294 535 έχοντας.
327 483 375 523 de
404 466 589 533 utr‘isque
621 482 828 522 commode
860 485 1091 533 usurpatur.
1124 482 1173 521 cf.
1206 481 1310 520 Plat.
1342 481 1455 533 Reip.
1483 484 1546 531 10,
1573 485 1652 522 621
1664 484 1704 524 b.

888 605 945 648 60

233 691 380 731 Zenob.
403 692 441 740 6,
465 691 520 730 24
540 687 672 743 ύδωρ
702 686 996 755 παραρρέει·
1028 685 1132 740 αύτη
1153 702 1331 728 ταττεται
1352 686 1416 728 ἐπὶ
1437 693 1516 729 τῶν
1538 688 1581 729 ἐκ
1604 705 1705 730 παν-

118 746 184 796 τὸς
215 747 331 802 εργου
369 745 721 819 ἐπαγγελλομένων
758 742 1094 800 καταπράξασθαι
1133 739 1176 787 τὸ
1213 745 1486 799 προκείμενον.
1538 745 1704 800 μετενή-

117 820 253 846 νεκται
282 803 327 845 δὲ
356 801 436 845 ἀπὸ
465 811 547 845 τῶν
575 801 657 845 ὑπὸ
688 802 872 856 σπουδῆς
903 804 959 851 εἰς
991 803 1134 856 ρέοντα
1165 806 1285 843 πλοῖα
1306 800 1608 856 εἰσβαινόντων,
1640 805 1709 846 καὶ

118 861 487 918 παραβαλλομένων
516 868 570 920 τῷ
590 860 782 932 κινδύνῳ.
814 860 1011 914 μέμνηται
1040 859 1168 913 αυτῆς
1200 863 1400 928 Κρατῖνος
1433 861 1477 902 ἐν
1509 862 1706 916 Δραπέτι-

118 918 762 994 σιν.Ρ1101;.υ’δωρἎ’παραρέῃ·
809 918 874 959 ἐπὶ
918 935 998 959 των
1039 917 1364 972 ἐπαγγελλόντων
1401 920 1522 960 παντὶ
1567 920 1710 961 σθένει

119 975 387 1029 σπουδάσειν,
419 975 474 1026 ὥς
505 994 582 1018 nav
613 979 669 1027 εἰς
701 976 844 1032 ρὲοντα
873 980 992 1017 πλοῖα
1024 975 1198 1030 ἐμβῆναι
1228 974 1303 1016 οὐκ
1335 974 1608 1029 ὀκνησαντων.
1658 981 1709 1019 si-

119 1038 271 1077 militer
292 1037 497 1077 Plutarch.
519 1037 714 1077 Proverb.
736 1039 771 1085 1,
790 1037 858 1076 28.
881 1049 928 1075 ex
949 1036 1093 1075 Photio
1115 1036 1338 1076 Meinekius
1362 1035 1442 1091 (ed.
1464 1038 1559 1076 min.
1583 1052 1618 1088 p.
1633 1035 1709 1091 VI)

119 1095 324 1135 concludit
363 1094 592 1134 ‘Cratinum
623 1096 704 1134 tale
735 1095 833 1145 quid
865 1094 1075 1144 scripsisse
1096 1092 1236 1146 πράξω
1258 1090 1303 1132 δὲ
1324 1098 1465 1145 ταῦτα,
1499 1090 1579 1133 κόἰν
1599 1093 1710 1147 ὕδωρ

119 1149 364 1207 παραρρέηᾶ
398 1154 599 1192 sententia
629 1166 750 1204 quam
772 1151 971 1191 Zenobius
1004 1152 1192 1202 exposuit
1219 1152 1476 1191 vehementer
1497 1153 1636 1192 dubito
1658 1167 1709 1193 an

119 1210 334 1262 proverbio
366 1210 529 1250 subesse
560 1223 642 1250 non
672 1210 812 1261 possit.
860 1222 989 1260 neque
1021 1210 1127 1248 enim
1159 1210 1427 1249 Athenienses
1458 1213 1542 1249 tam
1576 1211 1711 1249 timidi

121 1270 236 1308 erant
265 1271 311 1308 ut
340 1268 504 1320 navigia
535 1269 635 1307 mari
672 1268 847 1307 fluviove
878 1268 1032 1318 agitata
1063 1264 1271 1321 (ρέονταῖ)
1305 1268 1570 1307 conscendere
1600 1281 1711 1308 vere-

121 1329 274 1365 rentur.
309 1338 470 1375 semper
499 1326 543 1365 in
573 1327 750 1365 mentem
780 1326 894 1365 venit
925 1325 1084 1364 Horatii
1121 1325 1252 1375 Epist.
1289 1327 1326 1377 1,
1361 1326 1399 1374 2,
1433 1326 1486 1363 42
1519 1330 1712 1375 exspectat

121 1385 218 1423 dum
246 1385 392 1432 defluat
421 1390 572 1424 amnis:
605 1387 647 1423 at
665 1384 730 1423 ille
750 1384 899 1423 labitur
928 1386 963 1422 et
983 1383 1137 1422 labetur
1155 1389 1202 1422 in
1222 1395 1336 1422 omne
1355 1384 1537 1423 volubilis
1557 1396 1709 1423 aevum.

122 1455 216 1480 nam
246 1441 398 1481 dictum
425 1442 585 1481 videtur
616 1441 877 1492 proverbium
909 1440 957 1479 de
987 1441 1044 1479 eis
1075 1441 1145 1491 qui
1176 1441 1329 1492 aliquid
1360 1441 1470 1480 omni
1501 1442 1636 1480 studio
1669 1455 1710 1481 se

123 1499 385 1550 perfecturos
402 1512 488 1540 esse
519 1499 783 1550 pollicentur,
816 1499 1066 1538 occasionem
1105 1500 1239 1538 autem
1278 1499 1336 1538 rei
1367 1498 1569 1550 gerendae
1599 1513 1711 1550 prae-

123 1557 370 1596 termittunt.

896 1646 950 1688 61
1192 1639 1215 1651 “

241 1729 479 1780 Harpocrat.
514 1727 620 1782 ἱερὰ
651 1726 769 1777 ὁδός
801 1726 909 1768 ἐστιν
938 1725 993 1781 ἣν
1014 1728 1056 1768 οἵ
1080 1727 1228 1780 μύσται
1259 1727 1498 1781 πορεύονται
1529 1724 1608 1768 ἀπὸ
1640 1735 1715 1769 τοῦ

124 1784 265 1834 ἄστεος
298 1783 363 1826 ἐπ’
392 1784 603 1826 Ἐλευσῖνα
635 1817 644 1826 .
678 1821 685 1829 .
719 1818 728 1826 .
767 1785 1011 1839 μνημονεύει
1049 1784 1089 1826 δ’
1122 1783 1248 1839 αὐτῆς
1288 1788 1488 1840 Κρατῖνος
1528 1785 1572 1826 ἕν
1604 1791 1713 1841 Δρα-

125 1842 296 1884 πέτισιν.

893 1934 949 1976 62

242 2018 467 2069 Hesychius
487 2013 909 2088 ἆγερσικύβηλις·
943 2019 1143 2068 Κρατῖνος
1166 2015 1209 2056 ἐν
1230 2015 1523 2089 Δραπέτισιν’
1505 2016 1568 2056 επὶ
1590 2017 1710 2069 Λαμ-

127 2088 274 2122 πωνος.
326 2072 396 2114 τὸν
425 2071 551 2114 αὐτὸν
579 2071 759 2144 ἆγύρτην
787 2073 858 2113 καὶ
887 2073 1136 2127 κυβηλιστὴν
1166 2069 1292 2126 εἶπεν,
1325 2073 1447 2114 οἱονεὶ
1479 2074 1613 2126 θύτην
1643 2075 1711 2115 καὶ

127 2146 286 2184 μαντιν.
336 2130 509 2184 κύβηλιν
546 2130 622 2184 γὰρ
664 2130 798 2185 ἔλεγον
838 2130 907 2171 τὸν
942 2129 1127 2172 πέλεκυν.
1167 2133 1296 2172 Bekk.
1337 2134 1618 2182 Anecd.336,
1658 2135 1706 2173 15

128 2186 439 2259 ἆγερσικύβηλιν
468 2190 669 2241 Κρατῖνος
701 2188 917 2242 Λαμπωνα
939 2187 1008 2229 τὸν
1027 2205 1174 2241 μαντιν
1194 2181 1248 2238 ὦς
1269 2186 1452 2243 ἁγύρτην
1472 2189 1540 2229 καὶ
1560 2189 1711 2242 θύτην.

128 2245 299 2299 κύβηλις
319 2245 394 2300 γὰρ
415 2243 436 2286 ὁ
457 2245 639 2295 πέλεκυς.
655 2261 692 2286 οι
682 2245 748 2287 ’δὲ
769 2245 1160 2301 ἐγερσικύβηλιν
1181 2246 1225 2287 ἐν
1239 2253 1293 2303 τῷ
1308 2246 1479 2300 δράματι
1499 2247 1715 2301 γράφουσι,

130 2302 201 2344 τὸν
231 2302 296 2355 ἐφ’
332 2302 482 2344 ἑαυτὸν
508 2303 708 2358 ἐγείροντα
739 2303 808 2345 τὸν
837 2304 1022 2345 πέλεκυν.
1061 2306 1111 2345 cf.
1146 2307 1256 2346 Suid.
1279 2305 1495 2358 κυβηλίσαι
1515 2309 1556 2345 et
1577 2307 1716 2357 Etym.

131 2377 184 2402 m.
223 2363 361 2411 8,11.
410 2363 695 2403 ‘sacrificulum
733 2365 881 2415 stipem
913 2364 1202 2415 conligentem,
1245 2377 1410 2404 avarum
1441 2364 1644 2402 hominem
1675 2366 1717 2402 et

131 2421 251 2460 alieni
283 2421 556 2470 adpetentem’
590 2421 882 2472 interpretatur
910 2421 1110 2473 Bergkius
1141 2422 1189 2460 R.
1221 2434 1253 2461 c.
1278 2422 1365 2460 Att.
1383 2423 1450 2460 47.
1483 2435 1577 2459 nam
1608 2417 1715 2472 ἇγεί-

133 2491 230 2530 ρειν,
261 2478 368 2517 unde
397 2473 587 2531 ἀγύρτης,
619 2481 680 2518 est
708 2480 968 2519 mendicando
998 2480 1200 2530 conligere.
1232 2479 1444 2519 Ruhnken.
1480 2479 1584 2517 Tim.
1620 2480 1685 2518 10.

896 2591 951 2634 63

248 2668 615 2725 ἄνεικασασθε,
636 2668 920 2724 ἆνασκωψατε.
942 2671 1158 2726 Δραπέτισι
1178 2675 1390 2739 Κρατῖνος.
1412 2674 1541 2713 Bekk.
1566 2674 1716 2714 Anecd.

135 2733 231 2780 396,
264 2732 318 2769 24
350 2734 391 2771 et
428 2731 585 2772 Suidas.
630 2731 804 2782 Hesych.
842 2728 1135 2772 ἄνεικασασθε·
1173 2724 1446 2780 ἆνασκιόψατε
1478 2728 1583 2784 (cod.
1616 2727 1716 2769 ἅνα-

135 2786 374 2840 κάσασθαι).
419 2802 548 2851 neque
579 2784 807 2836 ἁνεικάζειν
843 2803 975 2841 neque
1013 2785 1296 2828 ἀνασκώπτειν
1334 2789 1480 2828 Atticis
1520 2790 1716 2827 usitatum

136 2846 260 2886 fuisse
290 2847 419 2886 credo.
440 2843 591 2897 ubique
612 2847 868 2890 scribendum
889 2848 1050 2887 videtur
1070 2842 1388 2885 ἆντεικασασθε·
1419 2842 1715 2895 αντισκώψατε.

137 2904 186 2943 cf.
219 2904 342 2944 Arist.
374 2903 496 2954 Vesp.
532 2905 700 2944 1308—
706 2906 829 2944 1311.
870 2905 999 2944 media
1029 2905 1159 2943 fmma
1190 2904 1315 2944 Arist.
1350 2905 1427 2943 Av.
1459 2905 1555 2943 807.
1607 2898 1715 2941 εἰκα-
