1872 3224
221 225 306 268 604
874 223 1146 257 ΠΛΑῬῼΝΟΣ

845 325 1170 372 [nummum]

991 417 1044 459 14

426 498 502 542 καὶ
532 496 587 554 νὴ
620 497 697 541 Δί’
732 499 773 541 εἰ
801 496 1050 553 Πάμφιλόν
1078 512 1129 553 γε
1160 498 1298 552 φαίης

426 569 636 617 κλέπτειν
665 566 719 610 τὰ
751 564 868 610 κοίν’
901 566 993 622 ἅμα
1023 581 1071 609 τε
1102 572 1422 622 συκοφαντεῖν.
1461 574 1464 577 “

336 652 468 691 Schol.
501 651 707 701 Aristoph.
740 651 844 690 Plut.
871 651 967 690 174.
999 651 1046 690 cf.
1071 650 1274 700 Aristoph.
1299 650 1348 688 fr.
1370 649 1438 689 40.
1470 649 1514 688 in
1543 648 1674 689 indice
1703 647 1790 688 An-

222 710 375 748 dronici
410 706 600 762 (Bekker.
630 709 780 748 Aneod.
814 706 941 759 1461)
971 707 1114 747 titulus
1153 719 1234 746 non
1264 707 1617 746 commemoratur:
1656 719 1793 756 quam-
1851 702 1856 708 '

220 780 340 816 quam
361 766 454 805 huic
474 766 635 816 quidem
652 766 883 806 testimonio
899 778 980 806 non
1007 765 1177 806 nimium
1200 764 1456 804 tribuendum
1481 776 1566 804 esse
1589 763 1794 806 Bekkerus

222 824 308 875 ipse
326 823 494 864 monuit·

910 890 1114 924 ΓΡΤΠΕΣ

427 1059 716 1117 άνηρπάκασ’
749 1059 1034 1112 ἁπαξάπαντ’
1068 1057 1190 1117 αὐτῷ
1221 1061 1357 1116 κανῷ.

338 1145 534 1184 zenobius
566 1147 604 1192 2,
637 1147 687 1184 31
730 1141 840 1199 αὐτῷ
877 1149 1008 1213 κανῷ·
1049 1140 1153 1194 αὕτη
1191 1140 1369 1182 τάττεται
1406 1138 1508 1182 κατὰ
1548 1147 1628 1182 τῶν
1664 1139 1795 1196 αρδην

220 1198 359 1240 ὁτιοῦν
388 1199 704 1253 λυμαινομένων.
736 1200 836 1252 φησὶ
865 1196 939 1254 γὰρ
962 1198 982 1241 ὁ
1008 1200 1187 1252 Δίδυμος
1217 1197 1280 1240 ότι
1310 1197 1357 1238 τὰ
1387 1199 1531 1240 δεῖπνα
1562 1196 1626 1239 ἐπὶ
1655 1205 1795 1240 κανῶν

223 1257 430 1310 ἐκομίζετο,
461 1257 648 1311 καθάπερ
679 1257 723 1298 ἐν
754 1258 953 1311 Κρυψίοις
994 1255 1144 1311 λέγεται
1176 1256 1347 1297 Πλάτων
1386 1254 1623 1310 άνήρπακας
1671 1254 1796 1306 ἅπαξ-

219 1313 365 1355 άπαντ’
399 1312 508 1370 αὐτῷ
537 1317 659 1371 κανῷ.
691 1317 913 1356 Meinekius
947 1314 991 1356 ἐν
1023 1313 1159 1367 Γρυψὶ
1189 1312 1340 1367 λέγεται
1372 1311 1560 1354 Πλάτωνι
1576 1316 1662 1368 (vel
1690 1312 1793 1367 λέγει

222 1372 425 1425 Πλάτων).
487 1375 632 1414 omisso
664 1375 822 1413 fabulae
860 1375 981 1414 titulo
1021 1372 1213 1413 Proverb.
1245 1373 1399 1412 Bodlei.
1436 1373 1537 1424 155,
1580 1373 1650 1412 ubi
1687 1374 1794 1413 reete

219 1427 476 1483 άνηρπάκασ’
485 1461 494 1470 .
528 1432 578 1471 cf.
611 1431 850 1483 Diogenian.
886 1433 923 1480 2,
955 1433 1023 1471 39.
1056 1432 1094 1480 4,
1129 1432 1196 1471 68.
1229 1430 1414 1482 Apostol.
1446 1430 1487 1483 4,
1520 1431 1588 1470 40.

989 1543 1041 1585 16

427 1619 456 1666 ἂ
485 1616 527 1677 ἆ,
557 1624 704 1678 γελῶν
737 1621 1090 1680 ἑπηκροασάμην
1120 1623 1272 1664 πάλαι.

335 1707 502 1746 Bekker.
535 1707 683 1747 Anecd.
716 1708 812 1755 360,
843 1709 866 1746 6
898 1705 942 1745 αἲ
972 1704 1035 1744 αι’·
1065 1702 1215 1757 ἠθικὸν
1245 1705 1370 1745 τοῦτο.
1406 1702 1579 1744 Πλάτων
1610 1702 1792 1758 Γρυψίν·

223 1765 304 1802 κτλ
337 1761 418 1801 ἔστι
447 1762 491 1802 δὲ
522 1761 622 1802 πολὺ
653 1761 762 1816 παρὰ
793 1765 874 1810 τοῖς
905 1768 974 1814 τῆς
1004 1760 1125 1814 μέσης
1158 1762 1371 1816 κωμῳδίας
1397 1761 1464 1801 και
1484 1759 1577 1809 νέας
1598 1775 1792 1812 ποιηταις.

220 1817 250 1858 δί
279 1835 304 1858 α
335 1843 391 1848 -——
428 1818 736 1872 ἐπηκροασάμην
774 1819 969 1872 Meinek.]
1008 1819 1053 1859 αἳ
1091 1819 1219 1858 013-
1260 1817 1298 1858 δ’
1341 1814 1611 1888 ἐπηνκροώμην.
1670 1818 1795 1872 γελῶν

221 1876 411 1930 Bekken]
450 1880 564 1930 γελῶ.
611 1878 809 1929 sse1gkius
847 1879 894 1916 R.
926 1891 958 1919 o.
990 1878 1078 1917 Att.
1117 1879 1198 1917 383
1236 1876 1341 1915 αιάἴ·
1380 1873 1506 1928 γέλων
1542 1872 1581 1914 δ’
1623 1874 1791 1928 ἐπηκρο-

220 1932 335 1985 ώμην
365 1945 437 1974 σου
467 1934 590 1973 πάλαι
620 1936 832 1976 ἿιαΙιαῙιαω
863 1937 988 1975 risum
1018 1935 1131 1975 tuum
1161 1935 1311 1974 dudum
1340 1935 1504 1974 audivi’.
1545 1947 1706 1973 narrare
1736 1934 1794 1973 vi-

221 1992 338 2031 detur
367 1994 500 2032 nescio
531 1994 619 2043 quis
650 2006 691 2033 se
722 1992 891 2031 alterum
913 1992 1111 2032 ridentem
1134 1988 1348 2031 audivisse.
1380 1992 1515 2042 itaque
1537 1990 1791 2030 scribendum

221 2043 326 2088 est
299 2064 324 2086 α
341 2043 370 2086 οἳ
384 2048 530 2101 γελῶν·
556 2047 891 2101 ἐπηκροωμην
910 2047 1000 2102 γὰρ
1020 2047 1155 2087 πάλαι.
1178 2049 1292 2089 initio
1309 2060 1433 2099 pauca
1449 2049 1606 2088 desunt.
1627 2047 1795 2088 Photius

222 2102 250 2143 δι’
279 2102 307 2144 δι’
337 2137 346 2146 .
369 2135 379 2145 .
405 2104 657 2146 .δασυνθὲν
687 2103 730 2145 δὲ
759 2105 906 2158 γέλωτα
937 2106 1063 2157 δηλοῖ,
1097 2103 1150 2153 ὥς
1182 2115 1282 2156 φησι
1306 2100 1574 2158 Διογενιανός.
1605 2105 1791 2144 Eustath.

222 2163 404 2210 855,19
444 2167 569 2203 κεῖται
609 2162 653 2203 ἐν
683 2160 872 2219 Ἐπιλογῇ
909 2161 1052 2212 λέξεων
1088 2159 1253 2216 ἀρχαία,
1290 2160 1351 2202 ότι
1379 2159 1408 2201 δι’
1436 2159 1464 2201 ὁὶ
1493 2158 1701 2201 δασυνθὲν
1734 2158 1794 2214 γέ-

222 2221 325 2258 λωτα
357 2219 480 2270 δηλοῖ.

992 2310 1042 2352 17

429 2389 575 2444 ἰχθῦς,
609 2391 768 2445 κωλᾶς,
798 2388 977 2445 φύσκας

335 2472 567 2512 Athenaeus
599 2475 636 2521 9,
671 2475 782 2513 368e
812 2468 891 2511 ἀπὸ
921 2469 966 2511 δὲ
995 2476 1067 2511 τοῦ
1094 2469 1223 2511 κωλέα
1260 2468 1538 2525 συνῃρημένον
1575 2468 1683 2510 ἐστίν
1713 2499 1723 2509 .
1747 2498 1756 2508 .
1780 2500 1789 2509 .

222 2530 331 2579 κωλῆ
363 2558 373 2567 .
397 2560 405 2568 .
431 2560 442 2586 ·.
475 2528 647 2568 Πλάτων
667 2529 833 2583 Γρυψίν
852 2531 932 2568 κτλ.
957 2527 1107 2582 ἐρίφων
1127 2532 1256 2576 κωλᾶς
1278 2530 1340 2569 vel
1360 2530 1440 2568 tale
1459 2529 1556 2579 quid
1576 2528 1788 2580 Bergkius.

428 2710 846 2765 πλειστηριάσαντες
990 2653 1040 2695 18

337 2787 426 2830 ἀντὶ
468 2797 537 2831 τοῦ
567 2788 866 2858 ὑπερβαλόντες
905 2790 949 2831 ἐν
981 2797 1035 2860 τῇ
1072 2795 1166 2859 τιμῇ
1204 2795 1284 2829 τῶν
1322 2786 1660 2840 πιπρασκομένων
1697 2818 1706 2827 .
1739 2819 1747 2828 .
1780 2820 1789 2829 .

223 2845 407 2899 κέχρηται
437 2849 493 2901 τῷ
509 2845 670 2900 ὀνόματι
690 2848 756 2889 καὶ
780 2848 952 2888 Πλάτων
973 2844 993 2886 ὁ
1018 2845 1191 2899 κωμικὸς
1214 2845 1258 2886 ἐν
1281 2845 1454 2898 Γρυψίν.
1486 2847 1788 2897 Harpocration,

223 2906 404 2954 Photius,
436 2906 610 2946 Clamet.
643 2907 793 2947 Anecd.
827 2906 899 2947 Ox.
920 2907 961 2946 II
982 2907 1152 2954 498,19
1184 2903 1272 2959 (ubi
1301 2905 1344 2943 in
1374 2904 1452 2943 fine
1482 2900 1588 2942 οὕτω
1619 2898 1790 2941 Πλάτων
