1872 3224
0 2329 13 2387 Ξ

0 2393 15 2433 1

766 227 1024 262 ΔΗΛιΑΔΕΣ
1639 228 1692 270 21

41 363 58 380 ,
105 332 155 374 of.
187 333 309 372 etiam
340 332 513 383 Hesych.
541 328 757 384 ἤσπαιρεν·
792 328 997 385 ἐσκάριζεν
1029 329 1144 384 (ἠσκ)
1169 364 1178 373 .
1198 363 1207 372 .
1227 362 1236 372 .
1259 330 1459 386 ἔσπαιρεν.
1482 336 1522 374 et
1550 331 1694 386 ἤσκαι-

36 399 53 434 ᾗ
105 397 194 443 osv·
226 387 398 442 ἐσκίρτα.
439 412 484 417 -
517 390 614 440 quid
646 390 700 429 sit
731 387 864 442 ἔρραζε
884 388 984 442 πρὸς
1006 388 1081 442 τὴν
1101 395 1181 442 γῆν
1209 391 1355 431 nescio.
1419 392 1488 431 sed
1521 392 1692 432 fortasse

42 474 57 483 2-
105 448 261 488 dixerat
299 444 472 500 (βλέπων
508 443 564 498 δὲ)
605 444 683 499 ἔρρ.
722 460 787 499 πρ.
827 461 859 485 τ.
892 462 928 500 γ.
969 462 1129 488 versum
1164 451 1184 487 1
1218 449 1398 488 nondum
1437 450 1693 489 emendatum

36 508 58 533 ἐ
105 503 204 546 'dicit
231 504 479 555 Meinekius3
511 504 684 544 fortasse
714 509 943 552 σιωπῶντες
974 503 1120 557 τέχνην
1150 507 1406 546 scribendum
1437 509 1518 547 est:
1559 509 1620 547 ‘ut
1649 509 1695 547 de

104 566 189 604 arte
217 566 375 603 taceant
397 563 563 612 posthac
592 574 681 602 cum
709 564 946 613 nuyantur’‚
979 564 1003 602 i.
1027 577 1060 602 e.
1094 565 1140 603 ut
1170 577 1261 603 cum
1292 566 1498 615 nugantur
1527 578 1577 604 ne
1608 565 1693 616 glo-

31 634 38 654 ·,
82 621 260 664 ,110111111-
290 622 416 660 artem
446 633 489 660 se
520 632 715 659 exercere.
775 633 870 659 nam
901 634 949 660 ex
979 621 1243 671 epirrhemate
1275 622 1474 662 trochaico
1506 622 1693 673 desump-

25 677 38 731 J
103 680 169 718 tus
199 690 340 718 versus
372 678 551 726 videtur,
590 678 632 716 in
671 690 750 728 quo
788 678 831 716 in
871 678 1050 718 aemulos
1081 678 1361 718 invehebatur.
1421 680 1523 719 alter
1554 682 1617 720 est
1647 693 1693 719 ex

30 771 31 774 ,
105 737 361 787 syntagmate
393 735 579 775 iambico.
612 737 763 774 temere
784 735 970 775 Naberus
1003 749 1040 775 v.
1065 737 1088 774 2
1113 736 1163 775 ad
1185 735 1307 787 Soph.
1327 737 1391 775 Ai.
1417 738 1497 776 299
1519 738 1693 780 rettulit.

878 836 931 878 27

290 919 352 972 τῷ
385 914 427 958 δ’
461 913 717 971 ὑποτρίψας
746 931 788 959 τι
819 916 955 972 μέρος
984 915 1147 967 πνῖξον
1178 917 1498 972 καθαρύλλως.

219 1012 450 1052 Athenaeus
490 1014 534 1061 9,
575 1013 657 1052 396
679 1012 704 1050 b
745 1011 944 1061 Κοατῐνος
987 1008 1032 1050 ἐν
1080 1010 1266 1064 Δῃλιοὶσι.
1332 1013 1589 1052 scribendum
1637 1014 1693 1054 vi-

106 1070 225 1109 detur
254 1075 340 1121 τοῦ,
373 1066 611 1121 suspensum
649 1083 672 1108 a
709 1083 745 1108 τι
783 1066 912 1121 μέρος.
975 1073 1099 1121 τυροῦ
1136 1070 1280 1120 opinor
1318 1071 1384 1109 vel
1421 1070 1522 1110 alius
1561 1072 1694 1110 condi-

104 1128 243 1167 menti.
304 1128 580 1179 fragmentum
620 1129 683 1167 est
719 1127 948 1166 tetrametri
986 1128 1250 1178 anapaestici3
1300 1128 1447 1167 desunt
1484 1129 1563 1169 duo
1602 1142 1693 1168 ana-

22 1187 23 1190 ’
104 1185 248 1236 paesti.
311 1185 430 1224 aliter
460 1185 662 1225 Herwerd.
696 1184 811 1223 stud.
844 1185 929 1225 crit.
964 1186 1031 1224 76.

822 1296 892 1338 28.
925 1295 982 1338 29

440 1380 575 1427 εἴτις
604 1375 649 1419 δ’
681 1374 810 1432 ὑμῶν
842 1376 1000 1419 κάλλει
1031 1379 1281 1433 προκριθῇ.

439 1445 550 1502 πρὶν
580 1447 792 1501 παροῦσα
823 1445 1034 1502 διδάσκῃ.

220 1541 666 1589 Bekk.Aneed.129,
702 1542 754 1581 10
783 1539 908 1579 λείπει
939 1536 983 1579 δὲ
1015 1536 1106 1595 (ἂν)
1136 1554 1204 1579 και
1236 1537 1280 1579 ἐν
1309 1535 1624 1588 ὑποτακτικοῑς.

105 1600 240 1652 Κρατ
237 1612 304 1646 νος
337 1596 548 1652 Δηλιάσιν.
608 1571 712 1638 alt’er
741 1611 880 1638 versus
912 1601 974 1638 est
1013 1598 1309 1648 anapaesticus,
1350 1599 1454 1638 alter
1490 1600 1694 1649 pherecra-

104 1614 332 1697 136113.ἦέ
347 1656 522 1708 syntaxi,
554 1669 764 1707 perpeiam
796 1669 818 1694 a
849 1654 1004 1695 Cobeto
1036 1651 1204 1710 (Mnem.
1227 1669 1320 1695 nov.
1352 1656 1393 1695 II
1425 1655 1525 1708 420)
1558 1657 1600 1696 111
1632 1670 1693 1697 co-

104 1715 299 1755 micorum
330 1714 478 1754 fabulis
510 1714 710 1762 damnata,
743 1714 790 1754 cf
816 1714 863 1752 L.
898 1713 1081 1752 Schmidt
1110 1713 1153 1752 in
1182 1713 1266 1752 ind.
1298 1714 1504 1764 Marbuimg
1539 1716 1692 1765 1868s9

104 1787 144 1823 p.
178 1774 243 1812 16.
278 1772 401 1811 Thuc.
435 1774 472 1820 6,
507 1773 574 1820 21,
610 1773 646 1811 1.
677 1772 778 1813 Plat.
800 1771 898 1822 Leg.
923 1773 959 1819 6,
986 1772 1064 1811 761
1090 1783 1121 1810 c.
1158 1771 1222 1819 12,
1256 1772 1337 1811 958
1357 1772 1395 1811 d.
1426 1771 1527 1810 Xen.
1559 1772 1692 1811 Anab.

106 1831 153 1878 3,
190 1831 233 1879 1,
266 1831 334 1869 36.
374 1831 418 1879 3,
453 1830 497 1879 2,
531 1830 599 1869 22.
641 1831 683 1878 7,
719 1831 765 1877 6,
799 1829 852 1867 24
893 1841 981 1868 cum
1020 1829 1113 1867 adn.
1146 1828 1295 1880 Krueg.
1325 1828 1453 1868 Arist.
1486 1829 1563 1880 Eq.
1597 1831 1692 1869 698.

108 1887 204 1928 700.
236 1887 331 1927 805.
363 1887 454 1926 Pac.
488 1887 586 1926 450.
617 1887 667 1926 fr.
692 1888 786 1926 201.
817 1899 911 1925 nam
941 1886 1189 1936 tragicorum
1220 1886 1384 1936 quidem
1415 1887 1595 1936 exempla
1625 1887 1692 1925 ad-

105 1945 209 1983 ferre
239 1945 341 1983 nihil
372 1944 530 1986 attinet.
564 1945 770 1995 aliquanto
812 1944 933 1983 etiam
957 1943 1222 1994 frequentius
1261 1942 1358 1995 πρίν
1389 1944 1473 1983 sine
1511 1941 1565 1982 ἄν
1603 1957 1691 1983 cum

105 2002 306 2041 coniunct.

876 2100 932 2143 30

248 2179 450 2225 τούτοισι
481 2178 524 2222 δ’
548 2171 756 2223 ’ὄπισθεν
787 2183 866 2222 ἴτω
898 2181 1068 2236 δίφρον
1099 2180 1255 2235 φέρων
1286 2182 1558 2236 Λυκοῦργος

251 2252 367 2306 ἔχων
397 2251 654 2305 καλάσιριν.

222 2346 355 2389 Schol.
387 2345 593 2409 Aristoph.
616 2344 695 2384 Av.
721 2345 830 2384 1294
862 2342 1077 2394 φαίνονται
1107 2340 1177 2383 τὸν
1197 2345 1444 2396 Λυκοῦργον
1464 2342 1691 2397 Αἰγύπτιον

102 2397 210 2443 ,εἶναι
240 2401 464 2470 νομίζοντες
494 2398 523 2454 ἢ
552 2395 597 2441 τὸ
626 2399 741 2454 γένος
771 2398 800 2453 ἢ
830 2399 924 2449 τούς
965 2399 1136 2454 τρόπους
1170 2432 1178 2440 .
1202 2402 1473 2453 ..Κρατῖνος
1509 2401 1691 2453 Δηλιάσι.

107 2459 279 2500 τούτοισι
308 2454 344 2499 δ’
379 2457 555 2500 ὄπισθεν
583 2460 722 2499 Herm.
756 2459 902 2510 Opusc.
935 2459 973 2497 V
1005 2457 1102 2512 296]
1137 2457 1289 2505 τούτοις
1321 2455 1366 2498 δὲ
1396 2456 1583 2498 ὄπισθεν.
1629 2461 1693 2500 vel

108 2519 213 2559 ‘aliis
243 2519 422 2558 numeris
453 2513 624 2556 τούτοισι
655 2512 695 2556 δ’
729 2512 916 2566 ἐξόπισθ’
951 2515 1039 2556 ἴ’τω
1044 2545 1052 2554 .
1086 2517 1258 2557 Meinek.

223 2576 271 2614 de
308 2576 492 2626 Lycurgo
531 2575 581 2614 cf.
622 2575 748 2615 Arist.
780 2575 858 2614 Av.
895 2575 1003 2614 1296
1045 2587 1134 2613 cum
1176 2574 1345 2623 interpr.
1377 2574 1411 2613 is
1442 2575 1549 2624 quod
1580 2588 1602 2613 a
1633 2587 1693 2614 co-

108 2633 221 2673 micis
243 2633 444 2684 (Pherecr.
472 2633 541 2680 11)
565 2633 790 2684 Aegyptiae
810 2632 978 2683 originis
999 2632 1121 2670 fuisse
1143 2631 1302 2679 dicitur,
1325 2631 1366 2669 id
1387 2644 1516 2681 neque
1537 2632 1586 2670 ab
1610 2632 1694 2670 ulla

108 2691 193 2730 eius
223 2690 472 2741 inprobitate
503 2685 794 2742 (αἰγυπτιάζων
825 2689 932 2728 enim
963 2689 1150 2728 dicebant
1180 2701 1254 2738 pro
1275 2684 1592 2741 πονηρεύεσθαι)
1624 2702 1691 2727 ne-

108 2761 186 2798 que
217 2761 307 2787 cum
337 2747 515 2799 Bergkio
548 2743 967 2799 (R.c.Att.40.1)
999 2755 1022 2784 a
1047 2746 1301 2797 cognatione
1331 2746 1463 2785 nescio
1489 2759 1569 2796 qua
1598 2746 1692 2784 Ete-

109 2805 379 2844 obutadarum
423 2817 513 2844 eum
552 2805 849 2856 Aegyptiorum
889 2803 1023 2853 aliqua
1066 2804 1186 2866 gente
1232 2803 1498 2852 repetendum
1536 2805 1598 2842 est
1638 2799 1693 2855 (ei

111 2862 230 2911 enim,
262 2863 296 2902 si
326 2862 536 2913 Lycurgus
569 2862 618 2901 ad
648 2875 716 2902 eos
747 2861 992 2912 pertinebat,
1026 2859 1205 2898 omnium
1227 2860 1398 2898 maxime
1419 2854 1693 2910 αὐτοχθονίαν

110 2932 206 2969 prae
227 2933 268 2959 se
290 2917 507 2972 ferebant),
538 2919 608 2959 sed
629 2918 896 2969 probabiliter
921 2918 978 2956 ita
999 2916 1276 2967 explicandum
1297 2917 1469 2966 videtur,
1501 2920 1546 2956 ut
1565 2930 1693 2967 nuper
