1872 3224
634 203 795 238 AHPOI
843 205 1126 240 ΜΕΤΑΛΛΗΣ
1596 207 1676 250 175

12 306 18 326 ³
76 295 168 366 (¹272
204 303 400 361 ποταμοὶ
430 304 515 362 μὲν
547 302 723 362 ἀθάρης
753 307 828 349 καὶ
859 307 1053 363 μέλανος
1083 310 1231 364 ζωμοῦ
1262 308 1383 366 πλέῳ

50 423 52 425 ,
204 372 282 419 διὰ
311 376 406 418 τῶν
437 378 687 418 στενωπῶν
718 378 1125 432 πομφολυγοῦντες
1155 378 1316 435 ἔρρεον

14 439 17 442 ’
70 442 178 505 7-ῗῦ
205 441 387 489 αὐταῖσι
417 444 695 499 μυστίλαισι,
730 444 806 487 καὶ
837 449 1018 489 ναστῶν
1048 444 1216 503 τρύφη,

56 505 148 578 s
203 507 313 559 ὥστ’
347 510 523 570 εὐμαρῆ
553 529 606 568 γε
636 510 926 571 καύτομάτην
956 513 1040 570 τὴν
1071 517 1258 559 ἔνθεσιν

8 613 9 620 κ
47 579 70 584 ⁷⁴
122 585 127 587 ’
202 589 370 640 χωρεῖν
401 580 602 638 λιπαρὰν
632 580 747 626 κατὰ
777 585 859 626 τοῦ
890 583 1118 640 λάρυγγος
1147 592 1242 635 τοῖς
1271 592 1465 642 νεκροῖς.
1497 612 1501 615 -

202 651 379 709 φύσκαι
410 650 460 696 δὲ
492 652 569 695 καὶ
600 651 772 705 ζέοντες
803 650 1045 696 ἀλλάντων
1075 652 1206 710 τόμοι

58 761 77 775 ,7
199 719 324 779 παρὰ
357 728 452 773 τοῖς
481 728 700 777 ποταμοῖς
731 720 897 775 σίζοντ’
933 720 1106 778 έκέχυτ’
1141 720 1241 766 ἀντ’
1274 721 1522 780 ὀστράκων.

7 792 82 836 7³
130 799 175 832 10
205 788 283 834 καὶ
312 789 404 848 μὴν
435 793 591 847 παρῆν
622 790 789 847 τεμάχη
822 790 907 847 μὲν
941 790 1231 847 ἐξωπτημένα

54 854 55 857 “
199 862 605 916 καταχυσματίοισι
635 861 999 904 παντοδαποῖσιν
1031 858 1251 918 εὐπρεπῆ,

202 930 435 974 τεύτλοισί
462 927 503 972 τ’
537 928 740 986 ἐγχέλεια
772 931 1193 986 συγκεκαλυμμένα.

202 999 406 1055 σχελίδες
437 994 482 1041 δ’
518 996 767 1055 ὁλόκνημοι
797 1000 994 1056 πλησίον
1023 998 1331 1054 τακερώταται

202 1067 278 1112 ἐπὶ
307 1070 610 1124 πινακίσκοις,
644 1069 719 1111 καὶ
750 1064 908 1124 δίεφθ’
942 1063 1202 1124 ἀκροκώλια

133 1146 176 1180 15
209 1137 398 1195 ἥδιστον
429 1133 752 1194 ἀπατμίζοντα,
785 1137 859 1180 καὶ
891 1136 1067 1193 χόλικες
1097 1136 1220 1193 βοός,

207 1207 284 1251 καὶ
315 1205 493 1264 πλευρά
526 1206 767 1263 δελφάκει’
801 1205 1167 1262 ἐπεξανθισμένα

199 1276 488 1333 χναυρότατα
519 1274 751 1334 παρέκειτ’
785 1274 859 1319 ἐπ’
892 1274 1081 1332 ἀμύλοις
1111 1275 1364 1333 καθήμενα.
1408 1293 1414 1298 ·

203 1348 357 1402 παρῆν
387 1346 439 1389 δὲ
469 1347 667 1403 χόνδρος
695 1345 860 1401 γάλατι
889 1346 1274 1402 κατανενιμμένος

203 1415 256 1459 ἐν
286 1413 584 1472 καταχύτλοις
617 1415 854 1458 λεκάναισι
885 1413 961 1457 καὶ
991 1416 1115 1457 πυοῦ
1144 1414 1287 1471 τόμοι.

128 1493 174 1527 20
203 1487 254 1528 Β.
289 1482 382 1540 οἴμ’
415 1482 475 1536 ῶς
505 1482 692 1535 ἀπολεῖς
720 1479 763 1541 μ’
802 1483 1007 1527 ἐνταῦθα
1038 1481 1324 1539 διατρίβουσ’
1358 1485 1438 1539 ἔτι,

202 1551 352 1611 παρόν
383 1556 624 1611 κολυμβᾶν
655 1551 715 1604 ῶς
745 1551 858 1609 ἔχετ’
895 1553 958 1604 εἰς
987 1551 1068 1596 τὸν
1106 1551 1355 1610 Τάρταρον.

202 1626 260 1668 Α.
290 1624 337 1666 τί
362 1624 476 1679 δῆτα
507 1623 665 1678 λέξεις,
697 1620 932 1665 τάπίλοιπ’
963 1620 1112 1678 ἤνπερ
1144 1622 1301 1679 πύθῃ;

204 1689 340 1736 ὀπταὶ
373 1694 526 1749 κίχλαι
555 1690 645 1749 γάρ
678 1692 741 1742 εἰς
772 1689 1027 1747 ἀνάβραστ’
1059 1689 1311 1748 η’ρτυμέναι

202 1761 308 1818 περὶ
338 1760 390 1805 τὸ
420 1759 550 1818 στόμ’
585 1760 789 1804 ἐπέτοντ’
821 1758 1149 1815 ἀντιβολοῦσαι
1180 1766 1432 1815 καταπιεῖν,

133 1839 177 1872 25
209 1826 302 1874 ὑπὸ
331 1833 602 1889 μυρρίναισι
633 1829 918 1887 κάνεμώναις
949 1829 1205 1885 κεχυμέναι.

205 1898 260 1943 τοὶ
293 1900 343 1944 δε
373 1898 481 1956 μῆλ’
515 1899 734 1957 ἐκρέματο
764 1897 820 1942 τά
850 1896 966 1942 καλοὶ
999 1899 1092 1940 τῶν
1121 1900 1277 1941 καλῶν
1308 1898 1424 1941 ἰδεῖν

204 1967 323 2025 ὑπὲρ
355 1971 597 2047 κεφαλῆς,
607 1968 653 2021 ἐξ
685 1966 889 2051 οὐδενος
899 1968 1160 2050 πεφυκότα.

203 2038 337 2095 κόραι
368 2037 413 2081 δ’
448 2039 499 2082 ἐν
530 2023 807 2119 ἀμπεχόναις
836 2024 1097 2093 τριχάπτοις
1127 2034 1293 2093 ἀρτίως

202 2101 488 2163 ἡβυλλιῶσαι
517 2122 571 2150 τα
604 2106 718 2163 ρόδα
749 2105 825 2148 καὶ
856 2105 1132 2161 κεκαρμέναι

134 2185 179 2218 30
209 2177 399 2232 πλήρεις
423 2177 621 2228 κύλικας
651 2178 783 2218 οἴνου
813 2174 1007 2230 μέλανος
1036 2173 1296 2229 ἀνθοσμίου

179 2239 404 2302 ἤντλουν
436 2243 511 2289 διὰ
541 2243 689 2302 χώνης
718 2251 838 2287 τοῖσι
867 2243 1164 2299 βουλομένοις
1195 2250 1329 2286 πιεῖν.

206 2314 283 2357 καὶ
312 2313 468 2358 τῶνδ’
487 2311 688 2358 εκάστοτ’
725 2313 766 2357 εί
795 2312 935 2369 φάγοι
965 2328 1031 2362 τις
1060 2309 1089 2368 ἢ
1121 2314 1232 2367 πίοι,

207 2381 412 2428 διπλάσι’
447 2381 640 2439 ἐγίγνετ’
676 2381 820 2432 εὐθὺς
852 2382 898 2434 ἐξ
930 2379 1070 2438 ἀρχῆς
1099 2381 1252 2424 πάλιν.

206 2503 440 2544 Athenaeus
479 2505 524 2552 6,
566 2504 687 2543 2686
726 2497 1073 2572 ἀπομνημονεύσω
1119 2493 1220 2537 κατά
1257 2492 1341 2550 τὴν
1375 2496 1488 2546 τάξιν
1525 2496 1594 2537 καὶ
1630 2512 1677 2536 τα

91 2563 173 2609 τοῖς
210 2558 348 2608 ἄλλοις
387 2558 574 2629 εἰρημένα
611 2562 813 2609 ποιηταῖς,
854 2559 915 2602 ών
954 2551 1012 2604 εἷς
1053 2555 1161 2596 ἐστιν
1199 2552 1220 2594 ὁ
1257 2552 1517 2603 ἀττικωτατος
1555 2555 1679 2607 Φερε-

91 2617 255 2670 κράτης,
287 2615 332 2665 ὃς
366 2615 411 2657 ἐν
439 2615 515 2670 μὲν
552 2620 633 2664 τοῖς
665 2618 850 2656 Μεταλλε
853 2614 926 2654 υσί
953 2624 1080 2666 φησιν
1109 2615 1190 2653 κτλ.
1252 2628 1291 2653 v.
1313 2615 1394 2653 3—
1401 2614 1454 2652 24
1475 2613 1619 2652 Pollux
1641 2614 1678 2660 6,

93 2677 160 2726 58,
184 2677 342 2716 omissis
364 2678 404 2715 6.
426 2677 465 2715 7.
484 2677 552 2716 20.
576 2676 643 2714 21.
667 2675 734 2714 22.
785 2688 823 2714 v.
843 2676 909 2714 30.
934 2676 955 2711 1
981 2666 1339 2724 κύλικας-χώνης
1360 2671 1506 2710 Pollux
1528 2673 1592 2719 10,
1611 2671 1677 2710 75.

95 2734 146 2774 ef.
162 2733 350 2774 Eustath.
377 2734 502 2784 1095,
526 2734 648 2783 18sq.
710 2733 749 2773 3.
771 2727 952 2783 ἀθάρης]
971 2725 1132 2782 ἀθάρας
1155 2728 1309 2768 codices
1324 2728 1515 2767 Pollucis.
1539 2722 1678 2779 ἀθάρη

93 2803 251 2841 semper
281 2791 422 2830 Attici.
484 2791 536 2830 cf.
558 2789 776 2829 Herodian.
808 2788 829 2827 I
860 2789 955 2836 340,
982 2788 1032 2826 13
1064 2787 1203 2826 Lentz.
1235 2782 1339 2839 πλέῳ
1367 2782 1523 2838 Dindf.]
1555 2781 1678 2823 πλέοι.

93 2849 129 2887 Α
158 2848 262 2888 Poll.
293 2845 428 2888 πλέον.
490 2849 528 2890 4
558 2848 914 2898 πομφολυγοῦντες
946 2845 1113 2894 ‘scripta
1132 2843 1327 2893 quaedam
1355 2843 1520 2892 antiqua
1540 2843 1675 2881 manu'

94 2904 262 2947 Casaub.
265 2902 279 2958 ]
293 2906 649 2958 τονθολνγοῦντες.
662 2904 749 2943 cod.
761 2903 937 2943 Pollucis
949 2903 1294 2953 τονθορυγοῢντες
1305 2898 1507 2952 (θορυβοῦ
1514 2912 1597 2946 ντες
1608 2896 1677 2954 A).
