1872 3224
222 200 276 241 20
431 209 433 212 .
866 191 897 222 Κ
903 187 1113 222 ΡΑΤΙΝΟΤ

222 297 267 342 τοὶ
295 299 468 353 αἰθέρια·
506 294 532 348 ἣ
560 292 722 348 μεγάλα·
760 294 800 333 οἵ
830 290 873 331 δὲ
910 284 955 330 τὰ
991 287 1070 328 ἀπὸ
1108 292 1187 326 τῶν
1222 284 1400 338 δένδρων
1428 279 1457 336 ἢ
1486 281 1532 322 τὰ
1561 280 1605 349 ἐξ
1639 278 1797 334 ‘Davo-¹
1826 296 1837 339 3⁴

224 357 372 411 βορέων
400 350 641 407 κομιζόμενα,
672 348 725 398 ὥς
756 347 832 389 ἀεὶ
862 347 911 387 ἕν
940 345 1172 399 ὑπαίθρῳ
1202 340 1404 394 τιθέμενα.
1438 343 1479 381 et
1501 338 1782 392 SU1dae(Gte·1
1827 370 1842 385 ,,

226 414 416 465 φάνωσις)
446 414 521 450 duo
552 410 634 449 cod.
656 409 730 447 VA
758 420 883 458 marg.
915 402 1057 454 στέφος
1087 400 1153 441 καὶ
1183 398 1319 451 στέφη.
1364 397 1432 438 καὶ
1460 396 1607 450 αἴθρια
1636 393 1796 462 στέφη,
1831 441 1837 459 3

223 466 268 510 τὰ
294 469 331 519 ἐξ
356 464 622 520 Ὑπερβορέων
657 460 907 516 κομιζόμενα,
945 458 1096 508 ὡς’ἆεὶ
1134 457 1177 497 ἐν
1212 454 1402 510 ὑπαίθρῳ
1441 451 1646 506 τνθέμενοι.
1706 452 1787 499 affl,

225 528 417 579 quomodo
448 523 493 563 τὰ
523 520 583 562 ἀεὶ
612 520 656 561 ἐν
683 518 871 573 ὑπαίθρῳ
901 516 1089 569 τιθέμενα
1120 516 1196 555 dici
1226 515 1384 566 possint
1403 511 1548 564 αἲθρια
1579 507 1707 563 στέφη
1736 511 1795 560 et
1832 531 1836 542 :

226 585 318 635 quid
350 585 401 623 sit
421 586 535 633 τιμᾶν
555 578 696 630 αἴθρια
718 575 840 628 στέφη
861 589 940 616 non
971 576 1066 615 satis
1094 574 1298 624 intellego.
1359 570 1580 621 antiquitus
1607 569 1783 624 fortusse
1843 586 1848 631 ¹.

226 642 293 679 illa
313 652 430 688 sacra,
451 650 550 688 quae
571 636 675 687 quod
696 635 818 674 tritici
839 633 996 684 stipulis
1025 631 1206 671 involuta
1233 631 1347 669 erant
1377 625 1502 678 στέφη
1529 626 1778 678 diceba-utut,
1800 659 1813 681 ,Κ

223 698 270 736 de
300 697 404 735 caelo
434 696 499 734 vel
529 707 574 732 ex
603 693 756 731 aethere
787 691 945 740 delapsa
975 702 1058 728 esse
1089 687 1372 735 credebantur,
1413 698 1502 725 cum
1538 681 1808 739 praesertim‘s
1843 683 1847 687 “

224 753 471 803 Hyperborei
515 751 607 789 deos
644 749 806 800 propius
844 748 1071 797 contingere
1108 745 1352 784 viderentur.
1391 743 1528 792 itaque
1566 740 1779 781 Cratinum
1822 758 1856 804 -f

225 810 324 848 nihil
354 810 481 848 dicere
521 808 823 846 consentaneum
865 806 923 843 est
960 803 1036 842 nisi
1075 802 1180 852 quod
1218 800 1444 840 Herodotus
1482 798 1783 849 pausaniasque.

224 868 386 905 narrant
415 877 523 904 sacra
561 864 630 902 illa
668 876 711 901 ex
743 862 896 901 aethere
927 861 1102 910 delapsa,
1133 871 1232 909 quae
1262 857 1478 908 quotannis
1498 857 1542 895 in
1572 854 1780 896 Graeciam

222 923 481 973 perferantur,
512 921 559 958 ab
604 919 869 969 Hyperboreis
913 917 1114 956 adservari
1126 931 1134 955 :
1176 911 1256 953 Ὺπ
1266 929 1283 954 ε
1293 929 1314 965 ρ
1323 915 1350 964 β
1360 928 1380 953 ο
1391 928 1413 966 ρ
1423 911 1441 952 έ
1448 927 1469 952 o
1478 928 1503 952 υ
1516 927 1535 960 ς
1573 926 1600 950 α
1609 908 1692 963 ἰθ,ιέ
1699 926 1722 966 ρ
1731 920 1786 951 toe'
1842 956 1847 961 p

224 983 372 1031 τηροῦ
385 991 496 1024 ντας
527 974 691 1026 στέφη.

971 1073 1025 1115 23

474 1154 638 1210 ἐτήσιοι
667 1150 752 1208 γὰρ
783 1150 959 1207 πρόσωπ’
991 1149 1060 1194 ἀεὶ
1090 1149 1200 1205 πρὸς
1229 1149 1312 1206 τὴν
1342 1150 1516 1206 τέχνην.

333 1238 495 1277 Photius
537 1234 699 1287 ἐτήσιοι·
735 1234 967 1288 πρόσκαιροι
1010 1236 1221 1287 Κρατῖνος·κ
1250 1231 1458 1285 Δηλιάσιν.
1515 1226 1669 1286 πρόσιτ’
1694 1228 1779 1277 -ἆεὶ

224 1294 392 1345 Porson]
438 1291 601 1345 πρόσιτα
646 1293 689 1332 εἰ.
729 1294 932 1343 praeterea
975 1293 1060 1331 cod.
1100 1291 1305 1331 δειλιᾶσιν.
1349 1292 1452 1331 male
1495 1290 1780 1343 grammaticus

225 1349 384 1402 ἐτήσιοι·
421 1349 659 1403 πρόσκαιροι.
704 1363 776 1389 nec
812 1362 973 1400 prorsus
1019 1351 1124 1389 recte
1164 1349 1359 1400 Bergkius
1402 1348 1464 1399 (R.
1502 1361 1536 1388 c.
1575 1348 1663 1389 Att.
1702 1345 1779 1400 45)
1859 1330 1872 1363 ⁴3

225 1409 450 1458 ‘quotannis
481 1407 663 1446 acceditis
702 1407 749 1445 ad
791 1406 943 1454 artem',
974 1408 1182 1456 propterea
1211 1407 1331 1446 etiam
1361 1419 1479 1456 quam
1511 1408 1639 1446 artem
1670 1403 1781 1446 dicat

222 1468 338 1514 poeta
368 1465 567 1503 dubitans.
599 1466 639 1502 at
659 1463 854 1514 significat
884 1464 966 1502 sine
998 1463 1119 1502 dubio
1151 1466 1278 1502 artem
1310 1463 1544 1512 scaenicum,
1566 1475 1658 1514 qua,
1680 1474 1779 1515 quo·
1818 1467 1823 1474 ’

223 1522 327 1559 niam
357 1521 519 1559 Lenaeis
556 1522 711 1559 tantum
749 1521 863 1559 modo
901 1522 941 1559 et
974 1520 1179 1571 Dionysiis
1218 1521 1376 1559 fabulae
1416 1521 1656 1571 agebantur,
1692 1523 1781 1571 poet

225 1590 362 1616 armna
403 1578 557 1616 demum
598 1578 801 1617 intervalla
857 1577 1123 1617 Athenienses
1174 1577 1423 1617 fruebantur.
1485 1591 1530 1616 ea
1576 1578 1664 1628 ipsa
1721 1586 1779 1628 re,
1828 1576 1842 1603 Γ

225 1635 266 1672 in
295 1634 552 1684 epirrhemate
582 1634 767 1682 fortasse,
807 1634 992 1674 Cratinus
1032 1634 1132 1674 falsa
1169 1635 1313 1673 civium
1345 1635 1391 1673 de
1423 1636 1508 1674 arte
1541 1635 1689 1674 comica
1716 1634 1777 1675 iu-

225 1690 324 1729 dicia
352 1691 637 1740 quodammodo
667 1692 840 1731 excusari
870 1704 985 1741 posse
1017 1691 1183 1731 dicebat.

974 1802 1031 1844 24

453 1862 510 1923 ἦν
539 1862 612 1924 ἆρ’
643 1866 812 1925 ἀληθὴς
842 1867 864 1912 ὁ
895 1870 1042 1925 λόγος,
1074 1867 1133 1921 ὡς
1164 1869 1231 1921 δὶς
1261 1877 1365 1921 παῖς
1393 1870 1553 1926 γέρων.

340 1950 465 1990 Schol.
496 1951 672 1991 Platonis
702 1953 744 1990 in
773 1952 946 2004 Boettig.
977 1953 1123 2003 Opusc.
1153 1954 1215 1993 ΙΙΙ
1247 1955 1324 1993 197
1356 1951 1549 2005 μέμνηται
1579 1952 1624 1993 δὲ
1653 1950 1794 2009 αὐτῆς·
1868 1964 1872 1967 ’

229 2005 313 2058 (τῆς
342 2006 562 2059 παροιμίας)
595 2009 788 2059 Κρατῖνος
826 2006 869 2047 ἐν
909 2007 1113 2061 Δηλιάσιν.
1173 2005 1239 2063 ἆρ’
1272 2033 1327 2039 —
1357 2014 1453 2058 παῖς
1484 2012 1644 2052 Bastius
1674 2011 1783 2064 apud

186 2090 193 2099 .
227 2061 414 2116 Boettig.]
446 2061 522 2116 ἄρα
555 2087 602 2092 -
635 2068 728 2111 παῖς
760 2062 879 2105 ἐστὶν.
1781 2084 1783 2086 ·

922 2177 991 2220 25.
1024 2178 1079 2220 26

375 2240 450 2282 ἵνα
481 2245 625 2298 σιωπῇ
655 2245 731 2298 τῆς
758 2244 911 2300 τέχνής
942 2243 1103 2301 ῥάζωσι
1128 2243 1207 2288 τὸν
1236 2245 1396 2291 λοιπὸν
1426 2248 1605 2304 χρόνον.

379 2309 531 2363 ε”ρραζε
560 2307 670 2365 πρὸς
698 2309 780 2365 τὴν
809 2315 910 2367 γῆν,
943 2310 966 2354 ὁ
996 2312 1040 2355 δ’
1069 2312 1276 2371 ήσκάριζε
1305 2315 1579 2373 κάπέπαρδε.

343 2390 504 2429 Photius
547 2394 588 2430 et
632 2392 775 2433 Suidas
818 2392 951 2445 ρ’ἆζειν
993 2395 1060 2435 καὶ
1102 2396 1252 2448 ρ’ύζειν·
1300 2396 1343 2437 τὸ
1379 2395 1608 2440 ὑλακτεῖν..
1631 2432 1642 2442 .
1663 2429 1674 2440 .
1703 2396 1784 2441 ἄπο

235 2443 372 2483 τούτου
403 2443 446 2484 δὲ
484 2445 545 2486 ἐπὶ
581 2445 671 2495 τούς
708 2449 1034 2502 πικραινομένους
1070 2452 1136 2493 καὶ
1173 2457 1501 2508 σκαιολογοῦντας
1537 2456 1763 2511 μετηνέχθη
1772 2455 1787 2482 ’“

235 2502 427 2551 Κρατῖνος
460 2502 664 2553 Δηλιάσιν.
706 2508 743 2546 2.
775 2504 812 2545 δ’
845 2504 1028 2561 ήσκοὶριζε
1057 2511 1234 2551 Pierson.
1267 2513 1392 2552 Moer.
1426 2516 1494 2554 36.
1524 2515 1637 2556 Pors.
1669 2516 1782 2558 Miso.

234 2556 328 2610 377]
351 2554 372 2596 ὁ
392 2555 435 2596 δὲ
455 2560 635 2611 σκαρίζει.
666 2563 779 2603 Phot.
809 2561 1034 2616 ήσκοὶριζεν·
1068 2564 1164 2617 ἀντὶΙ
1186 2574 1256 2608 τοῦ
1285 2567 1495 2622 ἤσπαιρεν.
1527 2575 1568 2611 et
1595 2569 1784 2611 duacum·

233 2612 350 2664 ρίζειν
380 2614 499 2656 Arist.
531 2618 579 2656 fr.
611 2619 704 2658 495.
734 2621 917 2661 Menand.
947 2625 1050 2673 apud
1080 2624 1188 2664 Suid.
1219 2622 1513 2680 ἅπασκαρίζειν.
1552 2623 1785 2679 κᾶπέπαρδε
1822 2660 1833 2680 4

234 2669 363 2722 Pors.]
407 2669 621 2724 κατέπαρδε
656 2676 792 2725 Ρὶιοῂ.,
829 2676 896 2716 καὶ
935 2678 1103 2732 πέπορδε
1146 2683 1255 2723 Suid.
1292 2706 1344 2713 —
1381 2688 1490 2725 recte
1532 2686 1618 2726 sine
1660 2672 1784 2727 dubio

235 2726 309 2764 iam
341 2729 430 2765 ante
462 2727 650 2769 Cobetum
681 2731 842 2783 (Mnem.
865 2735 964 2774 VIII
995 2735 1068 2789 48)
1109 2739 1302 2780 Porsonus
1347 2743 1454 2791 apud
1493 2743 1618 2783 Dobr.
1654 2743 1783 2784 Arist.
1856 2759 1858 2762 ’

235 2782 338 2820 Nub.
386 2784 492 2823 1350
523 2782 777 2839 κᾶπεπόρδει;
822 2792 1051 2841 imperfecto
1086 2796 1207 2844 enim,
1248 2810 1329 2836 non
1371 2800 1520 2838 aoristo
1564 2812 1664 2851 opus
1705 2802 1784 2841 est.

235 2838 357 2878 Arist.
388 2840 474 2879 Pac.
513 2844 591 2881 335
633 2841 776 2895 ’ἥδομαι
817 2845 891 2899 γὰρ
930 2847 997 2887 καὶ
1039 2848 1192 2902 γέγηθα
1235 2852 1302 2892 καὶ
1341 2852 1520 2907 πέπορδα
1556 2856 1623 2895 καὶ
1667 2859 1783 2910 γελῶ.
