1872 3224
228 219 281 261 98
862 204 1113 242 KPATINOT

228 320 328 362 λαιοὶ
357 319 454 360 ὥστε
483 317 556 357 δύο
585 315 744 369 ἄρθρα,
778 309 1039 364 προτακτικόν
1075 323 1115 347 τε
1144 304 1212 346 καὶ
1243 301 1534 355 ὖποτακτικόν,
1569 298 1671 342 κατὰ
1711 305 1784 346 τοῦ
1824 354 1834 369 ζ

229 376 352 418 αὐτοῦ
380 374 566 427 ὀνόματος
596 369 935 425 παραλαμβάνειν.
967 369 1163 419 Κρατῖνος
1195 361 1318 429 ὅνπερ
1348 363 1431 402 κτλ.
1462 361 1511 400 de
1531 360 1706 427 Phqocle-
1729 358 1785 411 οἱ,
1828 402 1829 405 Ἰ

230 435 430 485 Aristoph.
460 434 535 472 Av.
569 432 645 470 281
681 443 769 469 cum
797 429 964 477 interpr.
996 427 1037 464 et
1066 424 1114 462 de
1153 424 1309 473 syntaxi
1339 422 1498 470 praeter
1529 419 1669 470 Anug.
1699 415 1786 458 404
1838 444 1839 449 ,

230 493 348 542 Soph.
382 490 500 530 OCol.
533 490 684 537 907sq.
1832 486 1844 492 ··

954 570 1038 613 293

562 649 599 697 ὦ
629 656 813 709 μεγίστη
843 655 1013 707 γλῶττα
1043 651 1136 691 τῶν
1160 645 1448 702 Ἐλληνίδων.
1848 706 1851 707 ⁷

340 741 536 780 Aristides
566 739 633 789 45,
668 739 717 776 19
757 729 788 774 ὦ
824 734 985 787 μεγίστη
1026 730 1076 770 σὺ
1108 734 1258 783 γλῶττα
1288 735 1371 768 τῶν
1403 725 1669 779 Ἑλληνίδων,
1708 722 1788 779 ἔφη
1854 759 1855 765 ,

231 801 436 850 Κρατῖνος.
467 800 508 836 et
528 797 594 843 46,
620 796 697 833 129
725 790 876 831 οὐκοῦν
896 790 975 830 τῶν
994 787 1204 842 μαρτύρων
1233 783 1329 839 ἡμῖν
1351 791 1433 825 τῶν
1453 785 1510 833 εἰς
1531 783 1624 833 τοὺς
1643 781 1788 838 λόγους
1855 823 1859 837 4

229 852 478 906 κεκλημένων
507 857 559 907 τῷ
589 851 780 903 Περικλεῖ
802 847 869 888 καὶ
897 843 957 895 οἷς
988 843 1061 886 οὐκ
1092 845 1295 897 ἐλάχιστον
1324 846 1499 896 μετεῖναι
1529 841 1708 894 φαίημεν
1733 838 1790 883 ἂν

231 913 298 963 τῆς
321 910 417 964 ,περὶ
445 915 568 949 ταῦτα
599 907 818 960 ἐμπειρίας,
850 903 871 945 ὁ
891 902 965 957 μὲν
985 910 1065 944 τῶν
1089 901 1390 954 Ἑλληνίδων
1419 899 1661 953 μεγίστην
1697 897 1791 953 τὴν

232 967 425 1008 ἐκείνου
454 970 673 1020 γλῶτταν
702 963 846 1016 εἴρηκε.
878 959 943 1001 ἴθ’
977 956 1011 1001 0‘5'
1042 961 1274 1001 Meinekius.
1307 963 1349 999 at
1379 958 1520 1010 quidni
1549 953 1637 997 ἀλλ’
1660 949 1693 999 οἶ
1722 957 1791 1000 vel
1863 973 1872 1004 »ῑ

231 1026 389 1076 quidvis
420 1024 558 1063 aliud?

966 1108 1051 1151 294

603 1189 753 1246 ἄρχων
785 1189 872 1245 εἰμὶ
902 1191 990 1231 νῦν
1016 1187 1272 1243 Ἀθηναίοις
1302 1185 1400 1242 ἐγώ.

344 1276 593 1315 Herodianus
622 1274 767 1313 Philet.
796 1287 834 1323 p.
865 1274 943 1311 441
976 1272 1103 1311 Piers.
1135 1268 1246 1323 ἄρχει
1272 1266 1519 1319 Ἀθηναίοις.
1550 1268 1619 1311 καὶ
1638 1265 1661 1310 ὁ
1682 1271 1790 1323 Κρα-

234 1337 338 1380 τῖνος
364 1331 497 1384 ἄρχων
528 1354 578 1361 ·-
611 1329 699 1382 ἐγώ.
730 1328 790 1369 ’ὅτι
820 1328 886 1368 καὶ
914 1326 1013 1367 κατὰ
1044 1326 1135 1375 τοὺς
1167 1326 1316 1379 νόμους
1346 1324 1372 1378 ἡ
1403 1323 1520 1380 ἀρχή.
1572 1328 1791 1369 Piersonus

233 1389 366 1441 ἄρχων
393 1388 467 1442 γάρ
497 1389 585 1439 εἰμι.
616 1389 782 1427 fortasse
812 1388 861 1425 ad
890 1387 1091 1425 Bubulcos
1121 1386 1376 1425 referendum
1416 1389 1457 1424 et
1485 1387 1520 1426 is
1553 1386 1702 1427 archon
1731 1386 1792 1427 in-

234 1448 498 1498 tellegendus,
529 1446 598 1496 qui
628 1445 789 1484 Cratino
820 1445 981 1483 chorum
1011 1444 1177 1494 negavit
1205 1444 1371 1494 eiusque
1400 1443 1460 1482 rei
1489 1443 1687 1484 rationem
1714 1442 1793 1484 sibi
1864 1479 1867 1481 ,

235 1518 318 1544 esse
346 1503 587 1543 reddendam
616 1504 754 1552 utpote
784 1502 928 1540 archon
958 1503 1092 1551 negat.

962 1612 1047 1655 295

1098 1689 1244 1734 δασὺν
1274 1693 1391 1747 ἔχων

578 1759 657 1803 τὸν
687 1758 899 1817 πρωκτὸν
929 1759 1008 1802 ἅτε
1038 1757 1219 1816 κυρήβι’
1254 1759 1439 1804 ἐσθίων.

347 1846 522 1895 Etymol.
553 1858 606 1884 m.
639 1846 742 1893 512,
775 1845 800 1883 8
838 1843 1060 1896 κυρηβίων·
1100 1841 1419 1895 καθαρματῶδές
1458 1841 1540 1883 ἔστι
1577 1837 1622 1884 τὸ
1649 1841 1794 1896 ὄνομα.

236 1900 407 1954 κυρήβια
436 1900 509 1954 γὰρ
538 1900 682 1953 κυρίως
712 1898 758 1939 τὰ
788 1896 1076 1952 ἆποβροὶσματα
1114 1906 1195 1940 τῶν
1225 1899 1395 1954 κυάμων
1423 1903 1634 1954 Κρατῖνος.
1674 1914 1795 1954 κυρη-

237 1958 336 2009 βίων
367 1981 416 1986 -
447 1955 606 2010 κυρήβι’
639 1956 972 2011 Kulenkampius]
1004 1957 1210 2010 κηρυβίων
1237 1981 1295 1988 -
1324 1954 1503 2011 κηρύβι’.
1535 1958 1712 2000 Cobetus
1741 1957 1794 1999 N.

238 2017 264 2053 l.
289 2017 366 2055 147
399 2029 479 2055 non
507 2017 722 2064 trimetros,
755 2016 822 2054 sed
852 2029 975 2054 unum
1005 2018 1281 2056 tetrametrum
1317 2016 1564 2056 trochaicum
1595 2029 1680 2057 esse
1716 2019 1797 2056 sta-

239 2074 339 2124 tuit,
381 2073 567 2123 supplens
602 2073 643 2111 in
673 2073 751 2111 fine
781 2068 846 2111 ἆεί
883 2070 943 2123 (in
972 2073 1108 2123 Etym.
1139 2077 1230 2124 post
1268 2070 1421 2113 ἐσθίων
1454 2074 1603 2126 legitur
1639 2072 1677 2114 εἰ
1702 2070 1796 2126 μή).

238 2129 445 2168 Εκοναΐθηι
475 2130 725 2168 Melitensem
754 2130 908 2168 traduci
939 2130 1128 2169 Meinekii
1159 2134 1220 2170 est
1249 2132 1461 2170 sententia.
1504 2131 1555 2171 cf.
1586 2131 1794 2182 Aristoph.

240 2186 313 2235 Eq.
356 2187 433 2224 129
466 2189 504 2224 et
541 2188 623 2224 254
661 2187 753 2225 cum'
785 2187 951 2237 interpr.
991 2187 1220 2237 Epicratem
1258 2189 1467 2239 aequalem
1505 2188 1796 2228 Demosthenes

241 2242 324 2292 (19,
355 2241 452 2293 287)
483 2242 723 2294 Κυρηβίωνα
749 2244 975 2293 adpellavit.

966 2355 1050 2397 296
1095 2412 1099 2415 ι

1138 2431 1188 2486 ὃς
1215 2433 1299 2491 τὴν
1329 2437 1466 2479 πίτυν

470 2502 691 2556 ἔκαμπτεν
722 2500 857 2552 ἑστι-ὸς
887 2503 1091 2558 χαμάθεν
1121 2501 1262 2560 ἄκρας
1290 2503 1369 2559 τῆς
1398 2503 1538 2561 κόμης

469 2569 719 2612 καθέλκων.

354 2649 542 2689 Priscian.
574 2653 638 2703 18,
660 2653 740 2692 306
771 2651 995 2704 χαμάθεν
1024 2656 1126 2704 quod
1155 2659 1209 2695 est
1239 2656 1280 2696 ‘a
1300 2657 1394 2696 loco'
1429 2655 1619 2696 Oratim
1639 2669 1717 2706 pro
1738 2656 1800 2696 “bn

244 2706 336 2744 loco'
352 2709 501 2759 posuit,
531 2704 582 2753 ὃς
603 2730 657 2735 -—
677 2708 952 2749 καθέλκων.
972 2714 1109 2751 melius
1128 2716 1261 2753 tamen
1280 2714 1604 2764 distinquendwm
1625 2710 1748 2752 ἔσται’
1757 2727 1798 2764 ς,

245 2765 280 2799 et
307 2763 389 2800 iam
409 2763 500 2802 bene
525 2777 553 2804 ,a
572 2766 648 2804 loco
678 2769 865 2816 accipitur
884 2766 1114 2819 χαμάθεν
1135 2770 1201 2809 ‘ab
1220 2771 1369 2810 humo’.
1401 2771 1580 2811 codicum
1603 2770 1800 2810 Prisciani

245 2819 413 2857 varietas
450 2820 549 2858 nihil
587 2822 635 2860 ad
671 2836 756 2862 rem
793 2825 901 2865 facit.
950 2838 1022 2875 pro
1061 2820 1106 2872 ὃς
1145 2823 1220 2878 τὴν
1256 2826 1378 2866 πίτυν
1416 2828 1596 2879 Scaliger
1632 2823 1721 2866 ὅστ’
1755 2823 1801 2866 ἐν

246 2873 422 2928 Πυτίνῃ,
458 2877 677 2918 Meinekius
712 2881 773 2920 ed.
818 2882 915 2920 min.
945 2882 1025 2920 VH
1053 2879 1163 2930 ὅστις
1195 2881 1240 2923 ἐν
1270 2883 1443 2938 Πυτίνῃ.
1488 2886 1678 2933 neutrum
1707 2896 1800 2924 con*
