1872 3224
223 183 274 225 14
863 160 1112 200 KPATINOT

222 284 284 326 ἐπὶ
319 288 398 322 τῶν
433 281 548 332 ἱερῶν
585 273 651 315 καὶ
690 271 842 312 ἆθίκτω
1235 316 1253 325 -

224 340 320 388 Διὸς
357 342 479 377 θᾶκοι
512 332 577 373 καὶ
612 329 768 371 πεσσοί·
810 324 911 373 τινὲς
947 320 1146 376 γράφουσι
1183 326 1358 387 ψηφοι.
1385 309 1520 383 ωφαοξὶ
1564 308 1609 350 δὲ
1645 307 1691 350 ἐν
1727 312 1790 374 τῇ

221 404 300 438 τῶν
325 392 551 446 Ἀθηναίων
579 386 835 438 διαψηφίσει,
876 381 940 421 ὅτε
975 375 1213 431 ἠμφισβήτει
1250 374 1402 424 Αθηνα
1439 384 1507 409 και
1545 365 1776 420 Ποσειδῶν,

222 454 293 506 τὴν
319 450 497 502 Ἀθηνᾶν
527 445 622 493 Διὸς
653 444 850 495 δεηθῆναι
878 436 979 490 ὑπὲρ
1009 431 1134 487 αὐτῆς
1157 431 1230 484 τὴν
1251 435 1394 482 ψῆφον
1414 425 1603 479 ἐνεγκεῖν.
1635 425 1776 476 itaque
1851 438 1855 440 ’

223 511 438 560 antiquitus
468 503 606 544 πεσσοί
632 515 702 553 pro
733 497 889 550 ψήφοις
929 495 1175 535 dicebantur.
1215 487 1464 540 significatur
1501 485 1638 523 autem
1674 482 1782 548 areis

225 569 466 607 Athenarum
496 575 541 600 ea
569 561 691 610 regio,
722 557 791 596 ubi
821 555 1001 593 Minerva
1031 564 1121 590 cum
1150 548 1339 598 Neptuno
1378 544 1426 583 de
1457 544 1587 581 terrae
1618 541 1777 580 Atticae

223 623 464 675 possessione
503 616 767 657 contenderat.
827 613 994 651 fortasse
1029 607 1179 646 ibidem
1209 603 1313 654 apud
1337 601 1549 641 Cratinum
1569 598 1781 649 poetarum
1856 628 1860 635 ‚

224 683 419 720 certamen
454 674 748 715 instituebatur.
789 668 944 708 dicendi
987 677 1113 717 genus
1151 659 1253 700 ἔνθα
1294 657 1512 697 καλοῦνται
1553 653 1778 720 llll-einoldus

224 735 451 776 inlustravit
480 731 645 771 conlatis
675 728 790 767 Hom.
819 726 867 764 Il.
900 727 964 771 11,
999 722 1093 761 757.
1128 719 1248 770 Soph.
1272 716 1411 755 Traoh.
1435 715 1529 754 639.
1563 725 1620 752 sm
1649 713 1780 779 etlam

224 794 339 833 Pind.
370 791 484 830 Nem.
516 790 552 836 9,
588 789 623 839 1,
655 786 706 823 41
740 785 832 836 (96)
863 776 953 820 ἔνθ’
989 776 1144 830 Ἀρείας
1173 773 1296 827 πόρον
1334 770 1547 825 ἄνθρωποι
1585 771 1776 808 καλεοισι.

225 851 322 889 Xen.
352 848 457 886 Hell.
490 847 530 896 5,
565 846 600 893 1,
635 844 686 882 10
715 839 816 879 ἔνθα
844 835 869 890 ἡ
905 834 1122 890 Τριπυργία
1153 834 1343 872 καλεῖται.

983 948 1009 990 8

481 1020 507 1079 ἡ
537 1022 619 1078 μὲν
648 1018 701 1076 δὴ
733 1021 917 1074 πίννῃσι
947 1015 1022 1059 καὶ
1053 1013 1324 1071 ὀστρείοισιν
1356 1007 1500 1066 ὁμοίη.
1572 1048 1577 1051 ,

342 1109 561 1149 Athenaeus
599 1106 644 1152 3,
683 1104 772 1142 86e
811 1106 890 1140 τῶν
933 1096 976 1138 δὲ
1022 1096 1178 1138 πιννῶν
1221 1091 1465 1146 μνημονεύει
1503 1092 1702 1144 Κρατῖνος
1741 1087 1786 1130 ἐν

227 1163 470 1218 Ἀρχιλόχοις.
502 1164 548 1202 cf.
581 1164 627 1212 3‚·
657 1162 707 1199 92
726 1173 746 1198 e
783 1156 935 1210 ὄστρεια
971 1153 1015 1194 δὲ
1051 1153 1175 1206 μόνον
1211 1149 1335 1196 οὕτως
1373 1147 1508 1202 ἔλεγον
1544 1148 1586 1188 οἰ
1617 1144 1786 1200 ἀρχαῖοι.

233 1225 425 1273 Κρατῖνος
459 1216 691 1271 Ἀρχιλόχοις
722 1215 901 1269 (πίννῃσι
933 1211 1001 1252 καὶ
1030 1208 1261 1263 ὀστρείοισιν
1299 1205 1450 1259 ὁμοίη’.
1480 1207 1598 1246 Phot.
1631 1206 1729 1258 354,
1762 1207 1784 1244 1

232 1279 402 1331 ὄστρεια·
447 1275 523 1315 σὺν
552 1280 603 1330 τῷ
635 1283 648 1309 ῖ
675 1275 834 1325 μᾶλλον.
868 1294 918 1299 --
961 1264 1008 1322 δὴ
1047 1269 1213 1323 πίννῃσι
1260 1262 1454 1317 Μθίῐιθῑς.]
1487 1262 1668 1318 σηπίῃσι.
1698 1261 1788 1302 wlv-

235 1348 324 1391 νῃσι
353 1336 479 1375 solum
510 1334 561 1372 92
574 1347 606 1372 e.
638 1334 839 1383 praeterea
868 1325 1087 1380 ὅστρέοισιν
1116 1328 1169 1367 86
1185 1339 1221 1365 e.

995 1439 1022 1482 9

508 1509 744 1568 ὠμολίνοις
773 1508 885 1564 κόμη
916 1490 1127 1564 βρύουσ’,
1160 1503 1337 1561 ἀτιμίας
1366 1505 1516 1555 πλέως.

346 1596 573 1635 Athenaeus
605 1596 642 1643 9,
673 1593 795 1633 410d
825 1588 1020 1643 ὠμολίνου
1050 1586 1095 1628 δὲ
1124 1586 1316 1640 μέμνηται
1357 1589 1552 1640 Κρατῖνος
1591 1582 1636 1625 ἐν
1660 1580 1792 1638 Ἀρχι-
1830 1626 1832 1628 ,

237 1651 374 1705 λόχοις.
414 1652 554 1690 Pollux
586 1652 651 1699 10,
685 1651 737 1689 64
773 1646 840 1688 καὶ
880 1644 1094 1699 ὠμόλινον,
1131 1642 1179 1685 οὐ
1209 1644 1411 1698 Κρατίνου
1447 1642 1574 1696 μόνον
1611 1640 1795 1690 εἰπόντος

238 1708 280 1748 τὸ
310 1705 516 1760 ὠμόλινον,
546 1702 640 1745 ἀλλὰ
670 1705 735 1745 καὶ
766 1704 980 1756 Αἰσχύλου.
1013 1706 1047 1745 si
1078 1718 1125 1743 ex
1153 1704 1338 1754 parabasi
1367 1703 1486 1752 haec,
1518 1703 1565 1740 ut
1593 1700 1795 1748 videntur,

238 1767 363 1818 petita
392 1767 495 1813 sunt,
526 1764 752 1803 Cratineum
781 1764 914 1813 potius
943 1764 1116 1801 metrum
1146 1774 1235 1800 cum
1264 1760 1438 1810 Bergkio
1460 1754 1530 1812 (R.
1553 1770 1585 1798 c.
1611 1758 1696 1797 Att.
1716 1756 1796 1802 12¹7)

238 1824 386 1862 inserta
416 1823 505 1860 ante
541 1817 695 1871 ἀτιμίας
734 1821 887 1871 syllaba
920 1820 1040 1870 longa
1075 1831 1195 1868 quam
1222 1817 1521 1856 Archilochium
1559 1815 1695 1865 (quale
1732 1815 1797 1855 est

847 285 880 309 ν.
917 269 967 308 ef.
1007 266 1126 315 areg.
1166 262 1286 312 prr.
1325 259 1371 297 L.
1407 258 1452 306 1,
1487 256 1553 296 93.
1594 231 1773 305 Hosy‘oh.
1844 304 1846 306 ¹

1861 694 1872 746 ὲ

1862 755 1872 821 ³3

238 1881 279 1918 in
308 1879 443 1918 Horat.
474 1878 601 1927 Epod.
635 1876 703 1930 11)
736 1890 824 1916 cum
853 1876 1052 1916 Meinekio
1093 1871 1372 1925 (ὠμολίνοισι)
1410 1872 1705 1912 restituendum
1734 1883 1796 1911 ar-
1864 1915 1867 1918 ,

239 1937 377 1975 bitror.
415 1935 585 1985 Bergkio
615 1937 733 1984 poeta
762 1934 920 1974 videtur
957 1934 1004 1972 de
1043 1932 1209 1971 muliere
1239 1931 1350 1982 loqui
1387 1943 1490 1981 quae
1521 1939 1675 1969 comam
1713 1940 1797 1969 sor·
1862 1945 1872 1969 ,τ

243 1993 354 2031 dibus
385 1993 424 2030 et
452 1992 600 2030 inluvie
627 1991 872 2041 inquinatam
902 1991 1026 2029 linteo
1063 1990 1305 2036 obvolverit,
1339 1987 1537 2027 Meinekio
1569 1986 1617 2025 de
1650 1984 1813 2037 aemuli,

243 2051 380 2098 poetae
410 2048 559 2096 fabula,
599 2061 716 2098 quam
755 2047 957 2098 squalidae
993 2047 1147 2097 puellae
1185 2047 1397 2096 comparet.
1458 2045 1629 2084 fortasse
1667 2044 1798 2085 arum

244 2107 427 2144 comicam
456 2102 582 2155 ipsam
619 2104 804 2143 Cratinus
843 2104 1060 2155 significat,
1099 2116 1261 2154 eamque
1301 2102 1633 2153 antiquissimam,
1665 2099 1800 2151 qualis
1870 2136 1872 2138 .

243 2162 319 2200 fuit
347 2164 437 2200 ante
466 2162 589 2211 ipsius
619 2163 804 2209 aetatem,
836 2161 1027 2200 rusticam
1057 2161 1265 2199 etiamtum
1303 2162 1344 2199 et
1373 2159 1578 2198 incultam.
1638 2153 1802 2210 ἀτιμίαν

243 2219 487 2257 inhonestam
506 2218 727 2257 comoediae
748 2218 1030 2267 condicionem,
1053 2221 1265 2267 antequam
1287 2217 1449 2256 chorum
1470 2215 1630 2256 comicis
1651 2214 1800 2255 archon

246 2275 413 2323 dederit,
445 2275 521 2313 dici
550 2277 658 2324 puto.
719 2270 917 2325 ὠμόλινον
945 2275 1161 2313 secundum
1199 2274 1436 2313 Salmasium
1476 2273 1601 2319 (Plin.
1636 2271 1800 2312 exereit-

247 2331 346 2381 538)
387 2334 446 2370 est
474 2333 598 2370 linum
627 2329 872 2379 cruciarium,
912 2329 1140 2369 λευκόλινον
1176 2329 1305 2371 linum
1332 2334 1597 2378 ‘maceratwm‚·
1627 2341 1800 2369 macera-

246 2388 351 2426 tione
390 2388 494 2426 enim
541 2388 673 2426 album
714 2388 771 2427 fit.
814 2410 865 2415 —
907 2383 1046 2439 βρύειν
1082 2389 1188 2438 apud
1229 2390 1367 2438 poetas
1408 2387 1801 2439 frequentissimum3

249 2447 289 2481 at
324 2444 416 2493 quid
459 2445 511 2483 sit
553 2445 684 2494 puella
725 2445 789 2484 vel
833 2445 986 2494 puellae
1029 2458 1141 2484 coma
1184 2441 1388 2496 ὠμολίνοις
1426 2442 1607 2496 βρύουσα
1652 2442 1800 2486 neseio.

249 2500 378 2549 itaque
414 2500 550 2539 dubito
590 2514 640 2539 an
677 2501 926 2540 scribendum
965 2502 1019 2540 sit
1055 2499 1397 2554 (περιβεβλημένη)
1429 2497 1659 2552 ὠμολίνοις,
1698 2497 1803 2555 κόμῃ
1870 2513 1872 2516 ·

250 2552 458 2606 βρυάζουσ’
492 2557 578 2604 (hoc
606 2558 764 2607 quidem
801 2571 890 2597 cum
919 2555 1136 2612 Meinekio)
1174 2560 1238 2598 vel
1263 2556 1364 2612 κόμῃ
1402 2572 1442 2598 τε
1473 2554 1684 2610 βρίθουσ’,
1715 2553 1802 2596 dn·-

250 2611 339 2661 μίας
368 2609 504 2663 πλέως,
535 2614 560 2652 i.
592 2626 624 2652 e.
656 2615 854 2653 comoedia
883 2616 1157 2665 antiquissima
1186 2616 1336 2656 vestitu
1357 2628 1532 2667 paupere
1562 2616 1604 2654 et
1634 2614 1802 2663 inculto,

253 2668 420 2707 horridis
451 2670 610 2719 capillis,
643 2671 844 2711 dedecoris
873 2673 1004 2721 plena.
