1838 3230
715 533 763 582 N
776 532 802 581 I
817 533 869 582 K
884 532 922 582 o
935 532 986 581 Χ
1000 530 1046 580 Α
1059 533 1101 581 Ρ
1114 496 1166 581 Η
1181 533 1226 581 Σ
1276 498 1278 501 ’

801 638 974 677 Meinek.
996 637 1015 676 Ῑ
1039 638 1135 677 253.

838 705 1094 785 Amnem

293 847 434 886 Suidas
466 848 560 897 post
590 846 846 896 Amymonen
875 844 1065 895 Pelopem
1095 844 1329 884 Nicoeharis
1369 844 1548 884 fabulam
1576 844 1760 887 nominat

176 906 351 955 reliquas
396 905 623 943 litterarum
668 902 806 942 ordine
846 914 1098 942 enumerans.
1159 903 1298 952 itaque
1344 915 1466 941 unam
1512 901 1759 943 comoediam

177 963 333 1002 duobus
377 962 510 1001 titulis
547 963 617 999 aut
655 975 677 999 a
712 962 830 1011 poeta
876 961 946 998 aut
984 973 1008 998 a
1044 959 1320 1011 grammaticis
1365 959 1648 1011 significatam-
1671 972 1760 1002 ease

177 1022 311 1059 censet
341 1019 564 1058 Meinekius
594 1018 614 1057 Ι
646 1019 741 1058 253.
774 1018 814 1056 4.
846 1018 1072 1068 Amymone
1101 1017 1275 1057 fortasse
1305 1029 1352 1056 ea
1372 1018 1454 1067 est,
1485 1029 1532 1056 ex
1553 1030 1632 1069 qua
1651 1014 1758 1058 Nan·

176 1077 304 1127 plium
335 1077 550 1126 Neptunus
583 1076 771 1126 suscepit.

964 1187 986 1228 1

386 1266 611 1323 Οἰνόμαος
641 1260 776 1317 οὗτος
805 1273 949 1322 χαῖρε,
982 1264 1118 1309 πέντε
1149 1266 1226 1308 καὶ
1256 1265 1359 1322 δύο,

382 1334 508 1391 κάγώ
538 1351 588 1379 τε
618 1336 695 1379 καὶ
725 1333 784 1378 σύ
814 1333 1043 1391 συμπόται
1071 1336 1333 1391 γενοίμεθα

291 1421 522 1490 Athenaeus
557 1422 631 1470 10,
662 1420 778 1459 4269
818 1418 859 1458 ot
894 1415 1180 1471 ἐπιτεταμένως
1218 1431 1413 1471 χρωμενοι
1450 1423 1505 1457 τοῦ
1540 1422 1650 1474 ποτῷ
1684 1413 1762 1459 δύο

177 1477 292 1518 οἴνου
331 1475 470 1516 ἔπινον
510 1473 615 1529 πρὸς
661 1474 778 1516 πέντε
822 1474 983 1531 ὓδατος.
1044 1474 1277 1528 Νικοχάρης
1322 1481 1424 1528 γοῦν
1460 1459 1504 1516 ἕν
1543 1459 1761 1532 Ἀμυμωνῃ

178 1533 299 1588 πρὸς
338 1533 566 1585 τοῦνομα
605 1533 796 1582 παίζων
835 1532 914 1585 ἔφη
950 1535 1031 1573 κτλ.
1092 1531 1144 1573 σὺ
1174 1534 1266 1575 add.
1300 1534 1619 1586 Schweighaeus.
1678 1539 1762 1575 non

178 1597 284 1633 reete
316 1593 539 1632 Meinekius
571 1593 611 1631 in
643 1592 849 1631 Athenaeo
879 1587 1088 1644 γενοίμεθ’
1119 1588 1187 1630 ἄν.
1219 1592 1350 1641 mpit
1354 1591 1461 1631 enim
1491 1591 1672 1643 quisquis
1701 1591 1760 1632 lo-

182 1652 322 1702 quitur
351 1652 559 1700 compotor
589 1650 755 1689 alterius
786 1662 885 1689 esse.
945 1645 1062 1687 πέντε
1093 1645 1161 1687 καὶ
1192 1646 1265 1687 δύο
1294 1647 1758 1700 Eup01.8.Amipe.4

179 1708 357 1748 Bacchus
387 1707 634 1757 adpellatur‚
667 1707 731 1746 hic
771 1706 1019 1746 Oenomaum
1059 1707 1137 1746 diei
1175 1707 1407 1746 Athenaeus
1444 1709 1602 1755 narrat,
1641 1718 1762 1758 quem

180 1765 427 1805 Oenomaum
458 1778 540 1803 non
571 1764 799 1804 fabulosum
830 1764 959 1813 illum,
1000 1764 1070 1803 sed
1101 1764 1234 1803 nescio
1273 1776 1393 1814 quem
1431 1763 1637 1803 hominem
1672 1775 1760 1804 esse

177 1824 430 1862 vinolentum
460 1822 646 1861 arbitror.
680 1821 848 1861 fortasse
878 1823 1014 1861 tamen
1042 1821 1107 1860 hic
1127 1833 1285 1872 quoque
1314 1820 1493 1868 Bacchus
1523 1820 1662 1861 intelle
1693 1833 1760 1861 en-

179 1880 253 1920 dus
279 1882 325 1919 et
355 1892 444 1918 vers
449 1892 493 1918 us
527 1880 639 1929 prior
675 1879 731 1918 ita
769 1879 1079 1930 distinguendus
1118 1880 1179 1918 est
1217 1881 1348 1917 ΔΙΟΝ.
1388 1875 1589 1930 Οἰνόμαος
1628 1833 1746 1926 οιῗτος

180 1940 352 1974 ΟΙΝΟΜ.
386 1939 498 1988 χαῖρε
527 1933 645 1975 πέντε
678 1933 745 1974 καὶ
775 1934 862 1975 δύα·

841 2058 1096 2094 PAAATEIA

296 2141 481 2193 Cyclopis
513 2145 552 2181 et
591 2143 780 2182 Galateae
817 2155 974 2182 amores
1014 2155 1106 2181 cum
1142 2144 1247 2182 teste
1285 2142 1436 2182 Duride
1476 2142 1612 2183 Samio
1652 2141 1759 2194 apud
1810 2127 1814 2130 ⁴

182 2199 313 2238 Schol.
343 2200 509 2239 Theoor.
543 2202 581 2252 6,
611 2202 634 2239 7
666 2200 820 2251 primus
850 2199 1094 2239 Philoxenus
1126 2198 1342 2251 Cytherius
1371 2200 1508 2251 paullo
1545 2201 1639 2240 ante
1667 2200 1760 2240 Ari-

180 2257 386 2307 stophanis
416 2257 581 2296 Plutum
611 2258 859 2306 tractaverit,
889 2256 1123 2297 Nicocharis
1153 2256 1361 2298 Galateam
1394 2270 1478 2298 non
1508 2257 1636 2298 multo
1665 2258 1759 2298 ante

182 2313 245 2353 Ol.
279 2315 331 2354 98
364 2316 493 2354 actam
523 2327 611 2354 esse
641 2315 845 2354 existimat
874 2314 1098 2354 Meinekius
1129 2314 1149 2353 Ῑ
1181 2315 1276 2378 254.
1308 2316 1349 2355 5.

963 2426 991 2468 2

389 2513 576 2561 σοφαῐσι
607 2504 835 2562 παλάμαις
863 2501 1090 2548 τεκτόνων
1120 2503 1421 2561 εἰργασμένον

387 2573 464 2616 καὶ
494 2571 626 2617 πόλλ’
661 2574 714 2617 ἐν
743 2571 868 2631 αὐτῷ
897 2571 1021 2619 λέπτ’
1055 2575 1168 2629 ἔχον
1187 2575 1406 2617 achialonem

388 2639 697 2696 κυμινοδόκον

297 2725 443 2764 Pollux
476 2727 540 2774 10,
575 2728 627 2765 93
659 2725 788 2773 εἴποις
818 2722 857 2765 δ’
889 2721 944 2766 α“ν
972 2740 1040 2764 και
1071 2719 1146 2778 τὴν
1174 2722 1521 2778 ἡδυσματοθήκην
1547 2719 1759 2777 κυμινοδό-

183 2795 270 2832 κον,
302 2780 556 2847 Νικοχᾶρους
588 2781 772 2831 εἰπόντος
794 2781 839 2822 ἐν
859 2781 1056 2838 Γαλατεία
1087 2785 1169 2824 κτλ.
1200 2785 1368 2834 σοφαῖσι
1388 2780 1581 2849 Meinek]
1600 2785 1758 2833 σοφαῖς.

186 2839 251 2878 vel
283 2839 339 2879 sic
368 2840 435 2879 vel
456 2843 610 2891 σοφαῖς
648 2838 870 2892 παλάμαισι
906 2822 1160 2881 scribe‘ndum
1197 2842 1272 2882 est.
1333 2835 1530 2879 τεκτόνων
1559 2837 1760 2910 ΜοίιιθΙι]
1831 2851 1838 2884 ²:

184 2892 378 2943 τέκτονος.
410 2887 556 2938 Athen.
592 2899 658 2949 11,
691 2899 838 2938 476ef
870 2893 1031 2951 αγγεῖον
1060 2902 1283 2951 κεραμεοῦν
1311 2894 1402 2949 ἕχον
1439 2895 1484 2935 ἐν
1520 2893 1631 2952 αὐτῷ
1665 2898 1758 2937 noi.-

1813 2919 1838 2942 4

1830 2947 1838 3095 3
