1872 3224
188 196 272 239 396
780 192 1172 227 ΑΡΙΣΤΟΦΑΝΟΤΣ

192 300 455 341 Αἰολοσίκωνι
485 294 607 348 εἶπεν,
639 295 767 344 οὕτως
798 295 923 349 λέγων
952 294 1071 335 οἷονεί
1101 291 1153 335 δι’
1188 293 1283 347 ὅλης
1315 294 1472 343 νυκτός.
1532 285 1781 337 convivium·

190 360 286 398 dicit
314 360 355 397 in
388 357 647 397 Aeolosicone
676 369 749 405 per
779 358 905 394 totam
934 357 1094 394 noctem
1125 354 1364 394 continuari.

956 489 1009 530 14

393 571 526 613 δυοῖν
556 570 809 625 λυχνιδιόιν

301 666 444 705 Pollux
478 667 541 713 10,
581 666 656 704 118
687 661 786 703 ὅταν
816 662 910 718 εἴπῃ
941 659 982 700 ἐν
1005 667 1056 717 τῷ
1078 661 1344 702 Αἰολοσίκωνι
1363 656 1654 714 Ἀριστοφάνης
1682 693 1691 702 .
1717 693 1726 702 .
1749 691 1760 703 .

188 722 311 774 δῆλον
331 719 390 761 ὅτι
410 721 551 773 λυχνία
572 720 746 774 εἴρηκεν,
776 717 865 759 ἄλλ’
899 716 947 759 οὐ
980 716 1150 771 λύχνους
1180 715 1356 771 μικρούς.
1387 720 1523 770 itaque
1543 733 1558 757 ι
1577 720 1762 771 produci·

188 784 255 819 tur
285 782 331 818 ut
361 780 402 818 in
433 778 603 819 οἰκίδιον
632 779 682 817 al.
715 779 763 818 cf.
795 779 844 817 fr.
878 779 974 817 281.
1021 778 1166 818 Pollux
1201 780 1271 825 10,
1306 778 1357 816 15
1394 771 1578 828 λύχνων,
1610 773 1680 828 ἐφ’
1711 769 1764 818 οὗ
1862 802 1872 837 3

189 834 388 876 ἕντίθεται
418 832 440 876 ὁ
469 834 627 887 λύχνος.
1727 844 1731 846 ’
1867 842 1870 847 ·

956 947 1008 989 15

393 1001 669 1059 ἀκερματίαν

301 1100 444 1139 Pollux
477 1101 516 1149 9,
549 1100 601 1138 89
635 1096 679 1137 ε’-ν
710 1128 717 1136 .
745 1128 751 1136 .
777 1130 784 1138 .
819 1102 873 1153 τῷ
905 1097 1170 1138 Αἰολοσίκωνι
1200 1095 1242 1137 τὸ
1272 1095 1325 1149 μὴ
1347 1090 1450 1149 ἔχέιν
1469 1094 1640 1149 κέρματα
1661 1093 1764 1137 ὦνό-

187 1166 314 1208 μασεν
335 1153 379 1210 (ἡ
401 1152 637 1210 άκερματία)
667 1170 747 1195 non
769 1169 868 1207 opus
891 1159 953 1196 est
973 1156 1182 1196 Fritzschii
1204 1156 1482 1195 emendatione
1503 1150 1762 1207 άκερματιᾶν.

959 1290 1010 1332 16

395 1346 595 1389 κλειδίον

188 1499 236 1538 Β.
271 1439 408 1538 ᾱὲταρὰ
449 1437 723 1494 Ἀριστοφάνει
767 1438 812 1481 ἐν
857 1439 1135 1480 Αἰολοσίκωνι.
1195 1441 1341 1481 Pollux
1373 1442 1450 1490 10,
1483 1441 1549 1480 24.
1600 1438 1765 1494 κλῃδίον

227 1513 268 1539 m
317 1528 326 1538 .

394 1674 788 1723 σμηματοφορεῖον
961 1611 1010 1653 17

305 1759 347 1800 ἐν
375 1757 690 1814 Ἀριστοφάνους
723 1760 1004 1802 Αἰολοσίκωνι.
1036 1761 1178 1801 Pollux
1211 1763 1275 1810 10,
1310 1762 1403 1800 127.

303 1865 514 1904 Praeterea
545 1865 595 1903 ad
625 1864 932 1904 Aeolosiconem
961 1865 1011 1904 fr.
1045 1866 1125 1904 695
1165 1864 1292 1903 refert
1327 1863 1560 1903 Dindorfius
1599 1865 1767 1914 propter

190 1923 308 1961 metri
339 1922 647 1961 similitudinem
679 1935 769 1961 cum
799 1922 847 1963 fr.
882 1923 948 1971 10,
980 1921 1029 1961 fr.
1063 1922 1144 1961 684
1174 1921 1385 1972 Bergkius.

832 2067 1123 2101 ΑΜΦΙΑΡΕΩΣ

307 2183 373 2223 Sic
403 2184 508 2222 enim
540 2196 629 2222 cum
650 2183 1025 2228 Dindorfio,titulus
1045 2183 1280 2223 scribendus
1302 2185 1374 2232 est,
1397 2195 1479 2222 non
1506 2178 1764 2234 Ἀμφιάραος.

191 2240 429 2291 Argument.
459 2240 536 2280 Av.
566 2240 608 2279 II
638 2237 702 2278 ἐπὶ
732 2238 916 2292 Χαβρίου
948 2237 1030 2292 (01.
1065 2241 1132 2288 91,
1165 2239 1208 2290 2)
1247 2236 1291 2278 τὸ
1320 2239 1456 2290 δροῒμα
1495 2231 1606 2292 (τούς
1626 2235 1764 2291 ’Όρνι-

191 2294 289 2362 θοις)
319 2299 503 2348 καθῆκεν
522 2296 578 2343 εἰς
599 2294 702 2335 ὅίστυ
728 2289 794 2335 διὰ
815 2294 1126 2349 Καλλιστράτου,
1157 2296 1227 2343 εἰς
1257 2295 1282 2335 δ
1292 2293 1310 2335 ὲ
1341 2293 1542 2347 Λήναια
1572 2293 1642 2335 τὸν
1668 2291 1765 2346 Ἀμ-

192 2367 408 2406 φιαραον
439 2351 593 2402 ἐδίδαξε
624 2351 690 2392 διὰ
722 2352 966 2404 Φιλωνίδου,
997 2366 1042 2393 eo
1074 2366 1178 2393 anno
1215 2366 1295 2404 quo
1332 2354 1559 2393 comoediae
1597 2353 1765 2392 libertas

191 2413 279 2462 lege
310 2410 511 2462 Syracosii
541 2412 711 2450 coercita
741 2413 838 2450 erat.
889 2423 1037 2450 nomen
1073 2410 1209 2450 fabula
1245 2411 1398 2462 aceepit
1433 2410 1483 2449 ab
1519 2409 1765 2461 Amphiarao

191 2468 323 2516 heroe,
355 2468 466 2507 cuius
497 2469 700 2508 oraculum
734 2468 965 2518 fontemque
994 2480 1120 2518 prope
1151 2466 1331 2518 Oropum
1351 2469 1394 2507 in
1415 2466 1584 2507 confinio
1606 2467 1765 2506 Atticae

194 2525 460 2575 Boeotiaeque
492 2525 613 2564 situm
644 2525 796 2576 aegroti
824 2524 1080 2575 potissimum
1117 2524 1294 2566 adibant.
1332 2525 1451 2564 Paus.
1484 2525 1522 2572 1,
1553 2523 1619 2572 34,
1655 2525 1691 2566 1.
1723 2524 1762 2562 3.

192 2582 231 2622 4.
264 2583 302 2620 5,
336 2581 484 2620 Herod.
516 2583 555 2634 8,
591 2582 684 2621 134.
716 2582 900 2620 Bursian.
931 2581 1076 2632 Geogr.
1108 2594 1170 2633 gr.
1200 2581 1221 2619 I
1251 2582 1347 2621 220.
1383 2583 1418 2619 1.
1449 2579 1623 2619 Boeckh.
1655 2578 1700 2619 C.
1731 2579 1765 2623 I.

191 2638 211 2676 Ι
245 2640 365 2679 1570.
404 2637 693 2689 Aristophanes
730 2651 866 2678 senem
905 2637 1181 2689 δεισιδαίμονα
1216 2634 1261 2676 ἐν
1294 2634 1376 2683 τοῖς
1403 2635 1586 2688 μάλιστα,
1615 2637 1686 2687 qui
1715 2636 1764 2676 de

193 2694 318 2733 salute
348 2695 559 2744 desperam—
584 2708 673 2734 cum
711 2707 831 2734 uxore
868 2695 919 2733 ad
949 2696 1237 2745 Amphiaraum
1267 2695 1567 2745 confugientem
1595 2693 1695 2733 faeit
1723 2695 1766 2733 et

139 2787 141 2789 .
191 2751 316 2790 robur
344 2751 517 2790 iuvenile
547 2754 862 2802 recuperantem.
893 2752 1088 2802 populum
1115 2752 1401 2792 Atheniensem
1422 2749 1639 2801 significari
1659 2750 1764 2789 arbi-

193 2809 324 2846 tratur
352 2807 568 2858 Bergkius,
600 2809 734 2849 minus
763 2810 871 2848 reete
901 2821 990 2848 mea
1019 2810 1221 2848 sententia
1249 2808 1407 2848 Niciam
1429 2807 1673 2847 Suevernius
1704 2807 1764 2846 De

192 2864 348 2905 Avibus
378 2865 444 2904 58.
477 2866 501 2905 9
533 2870 574 2905 et
603 2865 779 2907 Cobetus
810 2865 906 2906 Obs.
937 2866 1024 2906 crit.
1056 2866 1124 2905 42.
