<?xml version="1.0" encoding="UTF-8"?>
<!DOCTYPE html PUBLIC "-//W3C//DTD XHTML 1.0 Transitional//EN"
    "http://www.w3.org/TR/xhtml1/DTD/xhtml1-transitional.dtd">
<html xmlns="http://www.w3.org/1999/xhtml" xml:lang="en" lang="en">
 <head>
  <title>
</title>
<meta http-equiv="Content-Type" content="text/html;charset=utf-8" />
  <meta name='ocr-system' content='tesseract 3.04.00' />
  <meta name='ocr-capabilities' content='ocr_page ocr_carea ocr_par ocr_line ocrx_word'/>
</head>
<body>
  <div class='ocr_page' id='page_1' title='image "./comicorumatticor01kockuoft_0348.png"; bbox 0 0 1872 3224; ppageno 0'>
   <div class='ocr_carea' id='block_1_1' title="bbox 194 170 1123 219">
    <p class='ocr_par' dir='ltr' id='par_1_1' title="bbox 194 170 1123 219">
     <span class='ocr_line' id='line_1_1' title="bbox 194 170 1123 219; baseline -0.016 -1"><span class='ocrx_word' id='word_1_1' title='bbox 194 177 276 219; x_wconf 74' lang='lat'><strong><em>318</em></strong></span> <span class='ocrx_word' id='word_1_2' title='bbox 825 170 1123 206; x_wconf 78' lang='grc' dir='ltr'><strong>ΕΤΠΟΛΙΔΟΣ</strong></span> 
     </span>
    </p>
   </div>
   <div class='ocr_carea' id='block_1_2' title="bbox 192 269 1768 499">
    <p class='ocr_par' dir='ltr' id='par_1_2' title="bbox 192 269 1768 499">
     <span class='ocr_line' id='line_1_2' title="bbox 194 269 1765 331; baseline -0.002 -12"><span class='ocrx_word' id='word_1_3' title='bbox 194 278 369 331; x_wconf 82' lang='grc' dir='ltr'><strong><em>φευκτὸν</em></strong></span> <span class='ocrx_word' id='word_1_4' title='bbox 398 276 463 317; x_wconf 79' lang='grc' dir='ltr'><strong><em>καὶ</em></strong></span> <span class='ocrx_word' id='word_1_5' title='bbox 493 274 701 327; x_wconf 70' lang='grc' dir='ltr'><strong><em>ἀποίητον·</em></strong></span> <span class='ocrx_word' id='word_1_6' title='bbox 735 275 775 314; x_wconf 86' lang='grc' dir='ltr'><strong><em>τί</em></strong></span> <span class='ocrx_word' id='word_1_7' title='bbox 801 272 841 313; x_wconf 81' lang='grc' dir='ltr'><strong><em>δ’</em></strong></span> <span class='ocrx_word' id='word_1_8' title='bbox 865 277 945 314; x_wconf 83' lang='grc' dir='ltr'><strong><em>κτλ.</em></strong></span> <span class='ocrx_word' id='word_1_9' title='bbox 979 272 1159 321; x_wconf 75' lang='grc' dir='ltr'><strong><em>Εὔπολις</em></strong></span> <span class='ocrx_word' id='word_1_10' title='bbox 1183 270 1226 312; x_wconf 77' lang='grc' dir='ltr'><strong><em>ἕν</em></strong></span> <span class='ocrx_word' id='word_1_11' title='bbox 1246 276 1332 320; x_wconf 82' lang='grc' dir='ltr'><strong><em>ταῖς</em></strong></span> <span class='ocrx_word' id='word_1_12' title='bbox 1353 269 1539 314; x_wconf 86' lang='grc' dir='ltr'><strong><em>Πόλεσιν.</em></strong></span> <span class='ocrx_word' id='word_1_13' title='bbox 1571 274 1623 314; x_wconf 78' lang='lat' dir='ltr'><strong><em>cf.</em></strong></span> <span class='ocrx_word' id='word_1_14' title='bbox 1644 275 1765 316; x_wconf 81' lang='lat' dir='ltr'><strong>Dion.</strong></span> 
     </span>
     <span class='ocr_line' id='line_1_3' title="bbox 192 329 1766 399; baseline -0.003 -22"><span class='ocrx_word' id='word_1_15' title='bbox 192 339 397 389; x_wconf 79' lang='lat' dir='ltr'>Chrysost.</span> <span class='ocrx_word' id='word_1_16' title='bbox 433 336 485 374; x_wconf 89' lang='grc'><strong>32</strong></span> <span class='ocrx_word' id='word_1_17' title='bbox 516 349 554 385; x_wconf 89' lang='lat' dir='ltr'><strong><em>p.</em></strong></span> <span class='ocrx_word' id='word_1_18' title='bbox 589 335 668 373; x_wconf 87' lang='lat'><strong><em>655</em></strong></span> <span class='ocrx_word' id='word_1_19' title='bbox 703 331 804 384; x_wconf 87' lang='grc'><strong>(402</strong></span> <span class='ocrx_word' id='word_1_20' title='bbox 837 333 884 371; x_wconf 90' lang='lat' dir='ltr'><strong><em>L.</em></strong></span> <span class='ocrx_word' id='word_1_21' title='bbox 918 329 1090 399; x_wconf 84' lang='lat' dir='ltr'><strong>Dindf..)</strong></span> <span class='ocrx_word' id='word_1_22' title='bbox 1131 332 1280 371; x_wconf 79' lang='lat' dir='ltr'>rectius</span> <span class='ocrx_word' id='word_1_23' title='bbox 1311 332 1480 372; x_wconf 90' lang='lat' dir='ltr'>Bekker.</span> <span class='ocrx_word' id='word_1_24' title='bbox 1513 332 1666 372; x_wconf 80' lang='lat' dir='ltr'>Aneod.</span> <span class='ocrx_word' id='word_1_25' title='bbox 1697 333 1766 386; x_wconf 81' lang='lat'><strong><em>21,</em></strong></span> 
     </span>
     <span class='ocr_line' id='line_1_4' title="bbox 192 385 1768 444; baseline -0.002 -11"><span class='ocrx_word' id='word_1_26' title='bbox 192 397 216 434; x_wconf 88' lang='lat'><strong>3</strong></span> <span class='ocrx_word' id='word_1_27' title='bbox 253 392 463 444; x_wconf 76' lang='grc' dir='ltr'><strong><em>ἀπώμοτον</em></strong></span> <span class='ocrx_word' id='word_1_28' title='bbox 500 392 680 442; x_wconf 77' lang='grc' dir='ltr'><strong><em>πρᾶγμα·</em></strong></span> <span class='ocrx_word' id='word_1_29' title='bbox 719 387 743 428; x_wconf 75' lang='grc' dir='ltr'><em>ὃ</em></span> <span class='ocrx_word' id='word_1_30' title='bbox 778 387 832 428; x_wconf 68' lang='grc' dir='ltr'><strong><em>ἄν</em></strong></span> <span class='ocrx_word' id='word_1_31' title='bbox 869 403 927 436; x_wconf 83' lang='grc' dir='ltr'><strong><em>τις</em></strong></span> <span class='ocrx_word' id='word_1_32' title='bbox 965 385 1182 440; x_wconf 82' lang='grc' dir='ltr'><strong><em>ἆπομόσειε</em></strong></span> <span class='ocrx_word' id='word_1_33' title='bbox 1219 385 1273 440; x_wconf 87' lang='grc' dir='ltr'><strong><em>μὴ</em></strong></span> <span class='ocrx_word' id='word_1_34' title='bbox 1311 385 1366 428; x_wconf 65' lang='grc' dir='ltr'><strong><em>ἂν</em></strong></span> <span class='ocrx_word' id='word_1_35' title='bbox 1401 386 1605 442; x_wconf 80' lang='grc' dir='ltr'><strong><em>γενέσθαι.</em></strong></span> <span class='ocrx_word' id='word_1_36' title='bbox 1664 389 1768 430; x_wconf 83' lang='lat' dir='ltr'>nihil</span> 
     </span>
     <span class='ocr_line' id='line_1_5' title="bbox 192 447 1768 499; baseline -0.002 -8"><span class='ocrx_word' id='word_1_37' title='bbox 192 466 276 491; x_wconf 85' lang='lat' dir='ltr'>esse</span> <span class='ocrx_word' id='word_1_38' title='bbox 300 452 396 490; x_wconf 75' lang='lat' dir='ltr'>dicit</span> <span class='ocrx_word' id='word_1_39' title='bbox 417 450 524 499; x_wconf 88' lang='lat' dir='ltr'>quod</span> <span class='ocrx_word' id='word_1_40' title='bbox 549 449 814 490; x_wconf 76' lang='lat' dir='ltr'>Athenienses</span> <span class='ocrx_word' id='word_1_41' title='bbox 836 460 916 486; x_wconf 91' lang='lat' dir='ltr'><strong><em>non</em></strong></span> <span class='ocrx_word' id='word_1_42' title='bbox 938 447 1114 486; x_wconf 77' lang='lat' dir='ltr'>facturos</span> <span class='ocrx_word' id='word_1_43' title='bbox 1135 459 1223 486; x_wconf 84' lang='lat' dir='ltr'>esse</span> <span class='ocrx_word' id='word_1_44' title='bbox 1243 447 1455 497; x_wconf 81' lang='lat' dir='ltr'>quisquam</span> <span class='ocrx_word' id='word_1_45' title='bbox 1476 447 1607 487; x_wconf 78' lang='lat' dir='ltr'>iurare</span> <span class='ocrx_word' id='word_1_46' title='bbox 1626 447 1768 498; x_wconf 73' lang='lat' dir='ltr'>possit·</span> 
     </span>
    </p>
   </div>
   <div class='ocr_carea' id='block_1_3' title="bbox 395 570 1245 706">
    <p class='ocr_par' dir='ltr' id='par_1_3' title="bbox 395 570 1245 706">
     <span class='ocr_line' id='line_1_6' title="bbox 939 570 1023 612; baseline 0.012 -1"><span class='ocrx_word' id='word_1_47' title='bbox 939 570 1023 612; x_wconf 79' lang='grc'><strong>218</strong></span> 
     </span>
     <span class='ocr_line' id='line_1_7' title="bbox 395 648 1245 706; baseline -0.002 -12"><span class='ocrx_word' id='word_1_48' title='bbox 395 651 439 703; x_wconf 81' lang='grc' dir='ltr'><strong><em>ἐξ</em></strong></span> <span class='ocrx_word' id='word_1_49' title='bbox 463 649 731 706; x_wconf 71' lang='grc' dir='ltr'><strong><em>“Ηρακλείας</em></strong></span> <span class='ocrx_word' id='word_1_50' title='bbox 761 648 983 706; x_wconf 74' lang='grc' dir='ltr'><strong><em>ἀργύριον</em></strong></span> <span class='ocrx_word' id='word_1_51' title='bbox 1015 648 1245 705; x_wconf 82' lang='grc' dir='ltr'><strong><em>ὑφείλετο.</em></strong></span> 
     </span>
    </p>
   </div>
   <div class='ocr_carea' id='block_1_4' title="bbox 190 729 1770 902">
    <p class='ocr_par' dir='ltr' id='par_1_4' title="bbox 190 729 1770 902">
     <span class='ocr_line' id='line_1_8' title="bbox 307 729 1770 787; baseline -0.001 -12"><span class='ocrx_word' id='word_1_52' title='bbox 307 737 440 776; x_wconf 84' lang='lat' dir='ltr'><strong>Schol</strong></span> <span class='ocrx_word' id='word_1_53' title='bbox 472 735 678 785; x_wconf 79' lang='lat' dir='ltr'>Aristoph.</span> <span class='ocrx_word' id='word_1_54' title='bbox 709 735 815 773; x_wconf 82' lang='lat' dir='ltr'><strong>Nub.</strong></span> <span class='ocrx_word' id='word_1_55' title='bbox 850 735 927 772; x_wconf 82' lang='grc'><strong><em>351</em></strong></span> <span class='ocrx_word' id='word_1_56' title='bbox 962 731 1029 772; x_wconf 81' lang='grc' dir='ltr'><strong><em>καὶ</em></strong></span> <span class='ocrx_word' id='word_1_57' title='bbox 1060 730 1238 780; x_wconf 81' lang='grc' dir='ltr'><strong><em>Εὔπολις</em></strong></span> <span class='ocrx_word' id='word_1_58' title='bbox 1277 729 1322 771; x_wconf 81' lang='grc' dir='ltr'><strong><em>ἕν</em></strong></span> <span class='ocrx_word' id='word_1_59' title='bbox 1352 730 1501 772; x_wconf 83' lang='grc' dir='ltr'><strong><em>Πόλεσι</em></strong></span> <span class='ocrx_word' id='word_1_60' title='bbox 1537 731 1770 787; x_wconf 77' lang='grc' dir='ltr'><strong><em>διαβάλλων</em></strong></span> 
     </span>
     <span class='ocr_line' id='line_1_9' title="bbox 190 787 1770 845; baseline -0.001 -11"><span class='ocrx_word' id='word_1_61' title='bbox 190 788 313 834; x_wconf 79' lang='grc' dir='ltr'><strong><em>αὐτὸν</em></strong></span> <span class='ocrx_word' id='word_1_62' title='bbox 346 791 578 845; x_wconf 85' lang='grc' dir='ltr'><strong><em>(Σίμωνα)</em></strong></span> <span class='ocrx_word' id='word_1_63' title='bbox 611 790 674 831; x_wconf 81' lang='grc' dir='ltr'><strong><em>ἐπὶ</em></strong></span> <span class='ocrx_word' id='word_1_64' title='bbox 704 794 785 838; x_wconf 83' lang='grc' dir='ltr'><strong><em>τοῖς</em></strong></span> <span class='ocrx_word' id='word_1_65' title='bbox 815 787 952 837; x_wconf 79' lang='grc' dir='ltr'><strong><em>αὐτοῖς</em></strong></span> <span class='ocrx_word' id='word_1_66' title='bbox 979 788 1222 842; x_wconf 75' lang='grc' dir='ltr'><strong><em>ἐγκλήμασιν</em></strong></span> <span class='ocrx_word' id='word_1_67' title='bbox 1242 787 1369 837; x_wconf 73' lang='grc' dir='ltr'><strong><em>οὕτως</em></strong></span> <span class='ocrx_word' id='word_1_68' title='bbox 1390 791 1471 829; x_wconf 85' lang='grc' dir='ltr'><strong><em>κτλ.</em></strong></span> <span class='ocrx_word' id='word_1_69' title='bbox 1532 790 1581 831; x_wconf 88' lang='lat' dir='ltr'><strong><em>de</em></strong></span> <span class='ocrx_word' id='word_1_70' title='bbox 1609 791 1770 832; x_wconf 76' lang='lat' dir='ltr'><strong><em>Simone</em></strong></span> 
     </span>
     <span class='ocr_line' id='line_1_10' title="bbox 190 847 1623 902; baseline -0.002 -10"><span class='ocrx_word' id='word_1_71' title='bbox 190 853 291 892; x_wconf 85' lang='lat' dir='ltr'>nihil</span> <span class='ocrx_word' id='word_1_72' title='bbox 321 854 525 902; x_wconf 80' lang='lat' dir='ltr'>praeterea</span> <span class='ocrx_word' id='word_1_73' title='bbox 554 852 707 888; x_wconf 80' lang='lat' dir='ltr'>notum.</span> <span class='ocrx_word' id='word_1_74' title='bbox 739 862 867 899; x_wconf 87' lang='lat' dir='ltr'>neque</span> <span class='ocrx_word' id='word_1_75' title='bbox 898 861 1018 899; x_wconf 78' lang='lat' dir='ltr'>quam</span> <span class='ocrx_word' id='word_1_76' title='bbox 1049 848 1284 888; x_wconf 80' lang='lat' dir='ltr'><strong>Heracleam</strong></span> <span class='ocrx_word' id='word_1_77' title='bbox 1316 847 1423 888; x_wconf 82' lang='lat' dir='ltr'>dicat</span> <span class='ocrx_word' id='word_1_78' title='bbox 1453 850 1623 889; x_wconf 76' lang='lat' dir='ltr'><strong><em>constat.</em></strong></span> 
     </span>
    </p>
   </div>
   <div class='ocr_carea' id='block_1_5' title="bbox 396 966 1587 1188">
    <p class='ocr_par' dir='ltr' id='par_1_5' title="bbox 396 966 1587 1188">
     <span class='ocr_line' id='line_1_11' title="bbox 939 966 1122 1025; baseline 0.005 -1"><span class='ocrx_word' id='word_1_79' title='bbox 939 983 1024 1025; x_wconf 81' lang='lat'><strong><em>219</em></strong></span> <span class='ocrx_word' id='word_1_80' title='bbox 1104 966 1122 981; x_wconf 76' lang='lat'><strong><em>⁹</em></strong></span> 
     </span>
     <span class='ocr_line' id='line_1_12' title="bbox 1170 1061 1494 1119; baseline 0 -13"><span class='ocrx_word' id='word_1_81' title='bbox 1170 1062 1232 1114; x_wconf 80' lang='grc' dir='ltr'><strong><em>ὠς</em></strong></span> <span class='ocrx_word' id='word_1_82' title='bbox 1262 1061 1374 1119; x_wconf 75' lang='grc' dir='ltr'><strong><em>’ὑμῖν</em></strong></span> <span class='ocrx_word' id='word_1_83' title='bbox 1406 1061 1494 1118; x_wconf 74' lang='grc' dir='ltr'><strong><em>ἐγώ</em></strong></span> 
     </span>
     <span class='ocr_line' id='line_1_13' title="bbox 396 1130 1587 1188; baseline 0 -13"><span class='ocrx_word' id='word_1_84' title='bbox 396 1133 573 1183; x_wconf 83' lang='grc' dir='ltr'><strong><em>πάντως</em></strong></span> <span class='ocrx_word' id='word_1_85' title='bbox 603 1131 939 1187; x_wconf 74' lang='grc' dir='ltr'><strong><em>ἀποκρινοῦμαι</em></strong></span> <span class='ocrx_word' id='word_1_86' title='bbox 970 1131 1084 1186; x_wconf 80' lang='grc' dir='ltr'><strong><em>πρὸς</em></strong></span> <span class='ocrx_word' id='word_1_87' title='bbox 1114 1130 1170 1174; x_wconf 79' lang='grc' dir='ltr'><strong><em>τὰ</em></strong></span> <span class='ocrx_word' id='word_1_88' title='bbox 1200 1131 1587 1188; x_wconf 79' lang='grc' dir='ltr'><strong><em>κατηγορούμενα.</em></strong></span> 
     </span>
    </p>
   </div>
   <div class='ocr_carea' id='block_1_6' title="bbox 190 1211 1771 1384">
    <p class='ocr_par' dir='ltr' id='par_1_6' title="bbox 190 1211 1771 1384">
     <span class='ocr_line' id='line_1_14' title="bbox 307 1211 1769 1269; baseline 0 -13"><span class='ocrx_word' id='word_1_89' title='bbox 307 1218 570 1267; x_wconf 75' lang='lat' dir='ltr'>Harpocratio</span> <span class='ocrx_word' id='word_1_90' title='bbox 601 1212 868 1269; x_wconf 72' lang='grc' dir='ltr'><strong><em>ἀπόκρισις</em></strong></span> <span class='ocrx_word' id='word_1_91' title='bbox 898 1212 922 1267; x_wconf 82' lang='grc' dir='ltr'><em>ἡ</em></span> <span class='ocrx_word' id='word_1_92' title='bbox 952 1211 1156 1268; x_wconf 75' lang='grc' dir='ltr'><strong><em>ἀπολογία.</em></strong></span> <span class='ocrx_word' id='word_1_93' title='bbox 1189 1246 1198 1255; x_wconf 91' lang='grc'><strong><em>.</em></strong></span> <span class='ocrx_word' id='word_1_94' title='bbox 1255 1213 1469 1264; x_wconf 67' lang='grc' dir='ltr'><strong><em>,Εὔπολις</em></strong></span> <span class='ocrx_word' id='word_1_95' title='bbox 1491 1213 1668 1256; x_wconf 81' lang='grc' dir='ltr'><strong><em>Πόλεσιν</em></strong></span> <span class='ocrx_word' id='word_1_96' title='bbox 1685 1217 1769 1257; x_wconf 78' lang='grc' dir='ltr'><strong><em>κτλ.</em></strong></span> 
     </span>
     <span class='ocr_line' id='line_1_15' title="bbox 191 1269 1768 1369; baseline -0.001 -55"><span class='ocrx_word' id='word_1_97' title='bbox 191 1273 370 1326; x_wconf 76' lang='grc' dir='ltr'><strong><em>πάντως]</em></strong></span> <span class='ocrx_word' id='word_1_98' title='bbox 403 1269 524 1312; x_wconf 77' lang='grc' dir='ltr'><strong><em>πάντ’</em></strong></span> <span class='ocrx_word' id='word_1_99' title='bbox 560 1274 727 1313; x_wconf 87' lang='lat' dir='ltr'>Meinek.</span> <span class='ocrx_word' id='word_1_100' title='bbox 789 1274 926 1369; x_wconf 63' lang='grc' dir='ltr'><strong><em>(Ῑιιοᾶκ</em></strong></span> <span class='ocrx_word' id='word_1_101' title='bbox 926 1286 1005 1312; x_wconf 92' lang='lat' dir='ltr'><strong><em>non</em></strong></span> <span class='ocrx_word' id='word_1_102' title='bbox 1036 1274 1247 1325; x_wconf 79' lang='lat' dir='ltr'><strong>intellego.</strong></span> <span class='ocrx_word' id='word_1_103' title='bbox 1307 1274 1517 1313; x_wconf 81' lang='lat' dir='ltr'>Dobraeus</span> <span class='ocrx_word' id='word_1_104' title='bbox 1549 1273 1653 1314; x_wconf 84' lang='lat' dir='ltr'><strong>Adv.</strong></span> <span class='ocrx_word' id='word_1_105' title='bbox 1684 1274 1768 1314; x_wconf 81' lang='lat'><strong><em>416</em></strong></span> 
     </span>
     <span class='ocr_line' id='line_1_16' title="bbox 190 1327 1771 1384; baseline 0 -13"><span class='ocrx_word' id='word_1_106' title='bbox 190 1329 287 1384; x_wconf 78' lang='grc' dir='ltr'><strong><em>πρὸς</em></strong></span> <span class='ocrx_word' id='word_1_107' title='bbox 323 1327 444 1369; x_wconf 77' lang='grc' dir='ltr'><strong><em>πάντ’</em></strong></span> <span class='ocrx_word' id='word_1_108' title='bbox 485 1327 779 1382; x_wconf 79' lang='grc' dir='ltr'><strong><em>ἀποκρινοῦμαι</em></strong></span> <span class='ocrx_word' id='word_1_109' title='bbox 817 1329 862 1369; x_wconf 84' lang='grc' dir='ltr'><strong><em>τὰ</em></strong></span> <span class='ocrx_word' id='word_1_110' title='bbox 930 1330 1212 1370; x_wconf 77' lang='lat' dir='ltr'>.Fritzschius</span> <span class='ocrx_word' id='word_1_111' title='bbox 1249 1331 1412 1382; x_wconf 80' lang='lat' dir='ltr'>Fragm.</span> <span class='ocrx_word' id='word_1_112' title='bbox 1444 1331 1548 1381; x_wconf 86' lang='lat' dir='ltr'><strong>Eup.</strong></span> <span class='ocrx_word' id='word_1_113' title='bbox 1578 1343 1682 1371; x_wconf 83' lang='lat' dir='ltr'>vers.</span> <span class='ocrx_word' id='word_1_114' title='bbox 1715 1332 1771 1372; x_wconf 91' lang='grc'><strong>20</strong></span> 
     </span>
    </p>
   </div>
   <div class='ocr_carea' id='block_1_7' title="bbox 190 1345 1771 1496">
    <p class='ocr_par' dir='ltr' id='par_1_7' title="bbox 190 1345 1771 1496">
     <span class='ocr_line' id='line_1_17' title="bbox 191 1345 1771 1454; baseline 0 -26"><span class='ocrx_word' id='word_1_115' title='bbox 191 1386 244 1436; x_wconf 83' lang='grc' dir='ltr'><strong><em>ὡς</em></strong></span> <span class='ocrx_word' id='word_1_116' title='bbox 286 1386 386 1439; x_wconf 81' lang='grc' dir='ltr'><strong><em>ὑμῖν</em></strong></span> <span class='ocrx_word' id='word_1_117' title='bbox 429 1386 503 1439; x_wconf 78' lang='grc' dir='ltr'><strong><em>ἐγώ</em></strong></span> <span class='ocrx_word' id='word_1_118' title='bbox 549 1345 926 1454; x_wconf 68' lang='grc' dir='ltr'><strong><em>(ἀπεκρινάμην),κ</em></strong></span> <span class='ocrx_word' id='word_1_119' title='bbox 927 1402 1088 1435; x_wconf 82' lang='grc' dir='ltr'><strong><em>παντως</em></strong></span> <span class='ocrx_word' id='word_1_120' title='bbox 1132 1384 1347 1440; x_wconf 78' lang='grc' dir='ltr'><strong><em>ἀπόκριναι</em></strong></span> <span class='ocrx_word' id='word_1_121' title='bbox 1385 1385 1512 1441; x_wconf 63' lang='grc' dir='ltr'><strong><em>πρὸς</em></strong></span> <span class='ocrx_word' id='word_1_122' title='bbox 1523 1385 1570 1427; x_wconf 81' lang='grc' dir='ltr'><strong><em>τὰ</em></strong></span> <span class='ocrx_word' id='word_1_123' title='bbox 1608 1401 1673 1439; x_wconf 83' lang='grc' dir='ltr'><strong><em>κ.,</em></strong></span> <span class='ocrx_word' id='word_1_124' title='bbox 1699 1388 1771 1428; x_wconf 75' lang='lat' dir='ltr'><strong><em>ubi</em></strong></span> 
     </span>
     <span class='ocr_line' id='line_1_18' title="bbox 190 1441 1086 1496; baseline -0.002 -10"><span class='ocrx_word' id='word_1_125' title='bbox 190 1447 323 1486; x_wconf 82' lang='lat' dir='ltr'>nescio</span> <span class='ocrx_word' id='word_1_126' title='bbox 355 1459 404 1484; x_wconf 78' lang='lat' dir='ltr'><strong><em>an</em></strong></span> <span class='ocrx_word' id='word_1_127' title='bbox 435 1443 501 1483; x_wconf 80' lang='grc' dir='ltr'><strong><em>καὶ</em></strong></span> <span class='ocrx_word' id='word_1_128' title='bbox 534 1441 584 1484; x_wconf 85' lang='grc' dir='ltr'><strong><em>σύ</em></strong></span> <span class='ocrx_word' id='word_1_129' title='bbox 615 1447 752 1486; x_wconf 83' lang='lat' dir='ltr'>deesse</span> <span class='ocrx_word' id='word_1_130' title='bbox 781 1459 863 1485; x_wconf 89' lang='lat' dir='ltr'><strong><em>non</em></strong></span> <span class='ocrx_word' id='word_1_131' title='bbox 893 1446 1086 1496; x_wconf 75' lang='lat' dir='ltr'><strong><em>potuerit.</em></strong></span> 
     </span>
    </p>
   </div>
   <div class='ocr_carea' id='block_1_8' title="bbox 395 1654 1415 1716">
    <p class='ocr_par' dir='ltr' id='par_1_8' title="bbox 395 1654 1415 1716">
     <span class='ocr_line' id='line_1_19' title="bbox 395 1654 1415 1716; baseline 0.001 -14"><span class='ocrx_word' id='word_1_132' title='bbox 395 1657 454 1715; x_wconf 75' lang='grc' dir='ltr'><strong><em>ἣν</em></strong></span> <span class='ocrx_word' id='word_1_133' title='bbox 486 1654 568 1702; x_wconf 82' lang='grc' dir='ltr'><strong><em>οὐκ</em></strong></span> <span class='ocrx_word' id='word_1_134' title='bbox 600 1658 773 1716; x_wconf 76' lang='grc' dir='ltr'><strong><em>ἄνέῳξα</em></strong></span> <span class='ocrx_word' id='word_1_135' title='bbox 803 1657 979 1702; x_wconf 72' lang='grc' dir='ltr'><strong><em>πώποτ’</em></strong></span> <span class='ocrx_word' id='word_1_136' title='bbox 1013 1659 1279 1715; x_wconf 74' lang='grc' dir='ltr'><strong><em>ἀνθρώποις</em></strong></span> <span class='ocrx_word' id='word_1_137' title='bbox 1311 1660 1415 1715; x_wconf 73' lang='grc' dir='ltr'><strong><em>ἐγώ.</em></strong></span> 
     </span>
    </p>
   </div>
   <div class='ocr_carea' id='block_1_9' title="bbox 195 1739 1772 1912">
    <p class='ocr_par' dir='ltr' id='par_1_9' title="bbox 195 1739 1772 1912">
     <span class='ocr_line' id='line_1_20' title="bbox 305 1739 1769 1797; baseline 0.001 -15"><span class='ocrx_word' id='word_1_138' title='bbox 305 1744 473 1783; x_wconf 91' lang='lat' dir='ltr'>Bekker.</span> <span class='ocrx_word' id='word_1_139' title='bbox 515 1744 667 1783; x_wconf 84' lang='lat' dir='ltr'>Anecd.</span> <span class='ocrx_word' id='word_1_140' title='bbox 700 1744 803 1792; x_wconf 86' lang='lat'>399,</span> <span class='ocrx_word' id='word_1_141' title='bbox 845 1745 899 1783; x_wconf 91' lang='lat'><strong><em>30</em></strong></span> <span class='ocrx_word' id='word_1_142' title='bbox 938 1746 978 1783; x_wconf 73' lang='lat' dir='ltr'><strong><em>et</em></strong></span> <span class='ocrx_word' id='word_1_143' title='bbox 1015 1743 1157 1784; x_wconf 84' lang='lat' dir='ltr'>Suidas</span> <span class='ocrx_word' id='word_1_144' title='bbox 1194 1739 1450 1797; x_wconf 75' lang='grc' dir='ltr'><strong><em>ἆνέῳγεισαν.</em></strong></span> <span class='ocrx_word' id='word_1_145' title='bbox 1487 1771 1524 1786; x_wconf 92' lang='grc'><strong><em>..</em></strong></span> <span class='ocrx_word' id='word_1_146' title='bbox 1551 1775 1560 1784; x_wconf 95' lang='grc'><strong><em>.</em></strong></span> <span class='ocrx_word' id='word_1_147' title='bbox 1588 1740 1769 1792; x_wconf 69' lang='grc' dir='ltr'><strong><em>Εὔπολις</em></strong></span> 
     </span>
     <span class='ocr_line' id='line_1_21' title="bbox 200 1797 1772 1854; baseline 0.001 -16"><span class='ocrx_word' id='word_1_148' title='bbox 200 1799 371 1840; x_wconf 87' lang='grc' dir='ltr'><strong><em>Πόλεσιν</em></strong></span> <span class='ocrx_word' id='word_1_149' title='bbox 401 1803 482 1839; x_wconf 79' lang='grc' dir='ltr'><strong><em>κτλ.</em></strong></span> <span class='ocrx_word' id='word_1_150' title='bbox 513 1797 568 1851; x_wconf 77' lang='grc' dir='ltr'><strong><em>ἣν</em></strong></span> <span class='ocrx_word' id='word_1_151' title='bbox 598 1801 765 1840; x_wconf 87' lang='lat' dir='ltr'>Porson.</span> <span class='ocrx_word' id='word_1_152' title='bbox 799 1801 966 1841; x_wconf 86' lang='lat' dir='ltr'>Advers.</span> <span class='ocrx_word' id='word_1_153' title='bbox 1000 1799 1103 1854; x_wconf 86' lang='lat'>285]</span> <span class='ocrx_word' id='word_1_154' title='bbox 1137 1798 1185 1840; x_wconf 73' lang='grc' dir='ltr'><strong><em>ἓν</em></strong></span> <span class='ocrx_word' id='word_1_155' title='bbox 1214 1802 1341 1841; x_wconf 88' lang='lat' dir='ltr'><strong>Bekk.</strong></span> <span class='ocrx_word' id='word_1_156' title='bbox 1371 1802 1451 1841; x_wconf 86' lang='lat' dir='ltr'><strong><em>An.</em></strong></span> <span class='ocrx_word' id='word_1_157' title='bbox 1481 1797 1551 1854; x_wconf 78' lang='grc' dir='ltr'><strong><em>ἥδ’</em></strong></span> <span class='ocrx_word' id='word_1_158' title='bbox 1584 1801 1698 1842; x_wconf 80' lang='lat' dir='ltr'><strong>Suid.</strong></span> <span class='ocrx_word' id='word_1_159' title='bbox 1730 1800 1772 1840; x_wconf 76' lang='grc' dir='ltr'><strong><em>οἳ</em></strong></span> 
     </span>
     <span class='ocr_line' id='line_1_22' title="bbox 195 1855 1437 1912; baseline 0.002 -16"><span class='ocrx_word' id='word_1_160' title='bbox 195 1859 243 1897; x_wconf 91' lang='lat' dir='ltr'><strong>A.</strong></span> <span class='ocrx_word' id='word_1_161' title='bbox 278 1855 359 1896; x_wconf 79' lang='grc' dir='ltr'><strong><em>οἵδ’</em></strong></span> <span class='ocrx_word' id='word_1_162' title='bbox 394 1857 473 1897; x_wconf 79' lang='grc' dir='ltr'><strong><em>ΒΟ.</em></strong></span> <span class='ocrx_word' id='word_1_163' title='bbox 505 1858 610 1897; x_wconf 89' lang='lat' dir='ltr'>unde</span> <span class='ocrx_word' id='word_1_164' title='bbox 640 1858 878 1909; x_wconf 83' lang='lat' dir='ltr'>Bernhardy</span> <span class='ocrx_word' id='word_1_165' title='bbox 907 1856 960 1909; x_wconf 83' lang='grc' dir='ltr'><strong><em>ἢν</em></strong></span> <span class='ocrx_word' id='word_1_166' title='bbox 989 1855 1043 1900; x_wconf 79' lang='grc' dir='ltr'><strong><em>δ’.</em></strong></span> <span class='ocrx_word' id='word_1_167' title='bbox 1074 1859 1256 1910; x_wconf 82' lang='lat' dir='ltr'>intelleg.</span> <span class='ocrx_word' id='word_1_168' title='bbox 1287 1856 1437 1912; x_wconf 82' lang='grc' dir='ltr'><strong><em>θύραν.</em></strong></span> 
     </span>
    </p>
   </div>
   <div class='ocr_carea' id='block_1_10' title="bbox 938 1993 1021 2036">
    <p class='ocr_par' dir='ltr' id='par_1_10' title="bbox 938 1993 1021 2036">
     <span class='ocr_line' id='line_1_23' title="bbox 938 1993 1021 2036; baseline -0.012 0"><span class='ocrx_word' id='word_1_169' title='bbox 938 1993 1021 2036; x_wconf 87' lang='grc'><strong><em>221</em></strong></span> 
     </span>
    </p>
   </div>
   <div class='ocr_carea' id='block_1_11' title="bbox 397 2070 1519 2129">
    <p class='ocr_par' dir='ltr' id='par_1_11' title="bbox 397 2070 1519 2129">
     <span class='ocr_line' id='line_1_24' title="bbox 397 2070 1519 2129; baseline 0.002 -15"><span class='ocrx_word' id='word_1_170' title='bbox 397 2088 459 2123; x_wconf 84' lang='grc' dir='ltr'><strong><em>ως</em></strong></span> <span class='ocrx_word' id='word_1_171' title='bbox 488 2072 616 2127; x_wconf 80' lang='grc' dir='ltr'><strong><em>μόλις</em></strong></span> <span class='ocrx_word' id='word_1_172' title='bbox 646 2070 893 2129; x_wconf 78' lang='grc' dir='ltr'><strong><em>ανήρρησ’·</em></strong></span> <span class='ocrx_word' id='word_1_173' title='bbox 927 2071 1065 2116; x_wconf 79' lang='grc' dir='ltr'><strong><em>οὐδέν</em></strong></span> <span class='ocrx_word' id='word_1_174' title='bbox 1096 2073 1233 2129; x_wconf 82' lang='grc' dir='ltr'><strong><em>ἐσμεν</em></strong></span> <span class='ocrx_word' id='word_1_175' title='bbox 1263 2072 1311 2116; x_wconf 77' lang='grc' dir='ltr'><strong><em>οἱ</em></strong></span> <span class='ocrx_word' id='word_1_176' title='bbox 1337 2074 1519 2127; x_wconf 84' lang='grc' dir='ltr'><strong><em>σαπροί.</em></strong></span> 
     </span>
    </p>
   </div>
   <div class='ocr_carea' id='block_1_12' title="bbox 190 2152 1768 2550">
    <p class='ocr_par' dir='ltr' id='par_1_12' title="bbox 190 2152 1767 2550">
     <span class='ocr_line' id='line_1_25' title="bbox 303 2152 1767 2225; baseline 0.001 -31"><span class='ocrx_word' id='word_1_177' title='bbox 303 2155 474 2194; x_wconf 84' lang='lat' dir='ltr'>Bekker.</span> <span class='ocrx_word' id='word_1_178' title='bbox 507 2156 657 2196; x_wconf 82' lang='lat' dir='ltr'>Aneod.</span> <span class='ocrx_word' id='word_1_179' title='bbox 690 2157 788 2205; x_wconf 81' lang='grc'><strong>402,</strong></span> <span class='ocrx_word' id='word_1_180' title='bbox 821 2157 874 2196; x_wconf 89' lang='grc'><strong>29</strong></span> <span class='ocrx_word' id='word_1_181' title='bbox 906 2159 947 2196; x_wconf 70' lang='lat' dir='ltr'><strong><em>et</em></strong></span> <span class='ocrx_word' id='word_1_182' title='bbox 978 2157 1121 2196; x_wconf 79' lang='lat' dir='ltr'>Suidas</span> <span class='ocrx_word' id='word_1_183' title='bbox 1152 2152 1399 2225; x_wconf 81' lang='grc' dir='ltr'><strong><em>ἆνήρρησεν·</em></strong></span> <span class='ocrx_word' id='word_1_184' title='bbox 1440 2152 1671 2223; x_wconf 81' lang='grc' dir='ltr'><strong><em>ἆνεφθοὶρη.</em></strong></span> <span class='ocrx_word' id='word_1_185' title='bbox 1712 2152 1767 2205; x_wconf 85' lang='grc' dir='ltr'><strong><em>ὦς</em></strong></span> 
     </span>
     <span class='ocr_line' id='line_1_26' title="bbox 190 2208 1768 2282; baseline 0.003 -32"><span class='ocrx_word' id='word_1_186' title='bbox 190 2210 301 2263; x_wconf 85' lang='grc' dir='ltr'><strong><em>μόλις</em></strong></span> <span class='ocrx_word' id='word_1_187' title='bbox 333 2234 387 2240; x_wconf 84' lang='lat'>—</span> <span class='ocrx_word' id='word_1_188' title='bbox 417 2211 571 2264; x_wconf 79' lang='grc' dir='ltr'><strong><em>σάπροί.</em></strong></span> <span class='ocrx_word' id='word_1_189' title='bbox 604 2210 785 2260; x_wconf 75' lang='grc' dir='ltr'><strong><em>Εὔπολις</em></strong></span> <span class='ocrx_word' id='word_1_190' title='bbox 817 2210 1003 2253; x_wconf 87' lang='grc' dir='ltr'><strong><em>Πόλεσιν.</em></strong></span> <span class='ocrx_word' id='word_1_191' title='bbox 1035 2208 1232 2267; x_wconf 79' lang='grc' dir='ltr'><strong><em>ἆνήρρησ’</em></strong></span> <span class='ocrx_word' id='word_1_192' title='bbox 1264 2210 1309 2267; x_wconf 89' lang='lat' dir='ltr'><strong>(i.</strong></span> <span class='ocrx_word' id='word_1_193' title='bbox 1340 2227 1376 2255; x_wconf 88' lang='lat' dir='ltr'><strong><em>e.</em></strong></span> <span class='ocrx_word' id='word_1_194' title='bbox 1406 2208 1634 2282; x_wconf 78' lang='grc' dir='ltr'><strong><em>ἆνήρρησα)</em></strong></span> <span class='ocrx_word' id='word_1_195' title='bbox 1673 2213 1768 2254; x_wconf 87' lang='lat' dir='ltr'>Por-</span> 
     </span>
     <span class='ocr_line' id='line_1_27' title="bbox 191 2266 1764 2323; baseline 0.001 -15"><span class='ocrx_word' id='word_1_196' title='bbox 191 2283 276 2308; x_wconf 89' lang='lat' dir='ltr'>son.</span> <span class='ocrx_word' id='word_1_197' title='bbox 308 2270 477 2310; x_wconf 78' lang='lat' dir='ltr'>Advers.</span> <span class='ocrx_word' id='word_1_198' title='bbox 511 2268 612 2322; x_wconf 84' lang='lat'>285]</span> <span class='ocrx_word' id='word_1_199' title='bbox 645 2266 879 2321; x_wconf 79' lang='grc' dir='ltr'><strong><em>ἆνήρρησαν</em></strong></span> <span class='ocrx_word' id='word_1_200' title='bbox 907 2271 1038 2312; x_wconf 88' lang='lat' dir='ltr'><strong>Bekk.</strong></span> <span class='ocrx_word' id='word_1_201' title='bbox 1061 2271 1139 2310; x_wconf 88' lang='lat' dir='ltr'><strong><em>An.</em></strong></span> <span class='ocrx_word' id='word_1_202' title='bbox 1173 2273 1214 2310; x_wconf 79' lang='lat' dir='ltr'><strong><em>et</em></strong></span> <span class='ocrx_word' id='word_1_203' title='bbox 1246 2270 1391 2310; x_wconf 82' lang='lat' dir='ltr'>Suidae</span> <span class='ocrx_word' id='word_1_204' title='bbox 1420 2269 1504 2310; x_wconf 86' lang='lat' dir='ltr'><strong>AC.</strong></span> <span class='ocrx_word' id='word_1_205' title='bbox 1535 2266 1764 2323; x_wconf 82' lang='grc' dir='ltr'><strong><em>ανήρρησεν</em></strong></span> 
     </span>
     <span class='ocr_line' id='line_1_28' title="bbox 191 2327 1759 2379; baseline 0.002 -15"><span class='ocrx_word' id='word_1_206' title='bbox 191 2327 335 2365; x_wconf 84' lang='lat' dir='ltr'>Suidae</span> <span class='ocrx_word' id='word_1_207' title='bbox 365 2327 520 2377; x_wconf 89' lang='lat' dir='ltr'><strong>reliqui.</strong></span> <span class='ocrx_word' id='word_1_208' title='bbox 553 2328 702 2367; x_wconf 79' lang='lat' dir='ltr'>inridet</span> <span class='ocrx_word' id='word_1_209' title='bbox 731 2328 983 2378; x_wconf 85' lang='lat' dir='ltr'>Euripidem,</span> <span class='ocrx_word' id='word_1_210' title='bbox 1014 2329 1084 2379; x_wconf 81' lang='lat' dir='ltr'><strong><em>qui</em></strong></span> <span class='ocrx_word' id='word_1_211' title='bbox 1105 2328 1335 2378; x_wconf 84' lang='lat' dir='ltr'>saepissime</span> <span class='ocrx_word' id='word_1_212' title='bbox 1358 2339 1473 2368; x_wconf 85' lang='lat' dir='ltr'>senes</span> <span class='ocrx_word' id='word_1_213' title='bbox 1503 2328 1546 2367; x_wconf 84' lang='lat' dir='ltr'><strong><em>in</em></strong></span> <span class='ocrx_word' id='word_1_214' title='bbox 1575 2341 1759 2368; x_wconf 79' lang='lat' dir='ltr'>scaenam</span> 
     </span>
     <span class='ocr_line' id='line_1_29' title="bbox 190 2378 1765 2451; baseline 0.003 -30"><span class='ocrx_word' id='word_1_215' title='bbox 190 2384 430 2433; x_wconf 83' lang='lat' dir='ltr'>prodeuntes</span> <span class='ocrx_word' id='word_1_216' title='bbox 463 2385 510 2423; x_wconf 89' lang='lat' dir='ltr'><strong><em>de</em></strong></span> <span class='ocrx_word' id='word_1_217' title='bbox 541 2386 758 2424; x_wconf 77' lang='lat' dir='ltr'>senectutis</span> <span class='ocrx_word' id='word_1_218' title='bbox 781 2386 974 2425; x_wconf 75' lang='lat' dir='ltr'>molestiis</span> <span class='ocrx_word' id='word_1_219' title='bbox 995 2388 1207 2451; x_wconf 73' lang='lat' dir='ltr'>querentes</span> <span class='ocrx_word' id='word_1_220' title='bbox 1229 2385 1336 2424; x_wconf 80' lang='lat' dir='ltr'><strong>fecit.</strong></span> <span class='ocrx_word' id='word_1_221' title='bbox 1367 2378 1489 2423; x_wconf 78' lang='grc' dir='ltr'><strong><em>οὐδέν</em></strong></span> <span class='ocrx_word' id='word_1_222' title='bbox 1510 2381 1627 2436; x_wconf 81' lang='grc' dir='ltr'><strong><em>ἐσμεν</em></strong></span> <span class='ocrx_word' id='word_1_223' title='bbox 1646 2385 1765 2428; x_wconf 78' lang='lat' dir='ltr'>Herc.</span> 
     </span>
     <span class='ocr_line' id='line_1_30' title="bbox 190 2441 1766 2494; baseline 0.003 -16"><span class='ocrx_word' id='word_1_224' title='bbox 190 2441 266 2480; x_wconf 87' lang='lat' dir='ltr'><strong><em>fur.</em></strong></span> <span class='ocrx_word' id='word_1_225' title='bbox 289 2442 383 2489; x_wconf 88' lang='lat'>314,</span> <span class='ocrx_word' id='word_1_226' title='bbox 415 2442 522 2491; x_wconf 91' lang='lat' dir='ltr'>quod</span> <span class='ocrx_word' id='word_1_227' title='bbox 553 2442 690 2481; x_wconf 75' lang='lat' dir='ltr'>addito</span> <span class='ocrx_word' id='word_1_228' title='bbox 722 2441 762 2481; x_wconf 83' lang='grc' dir='ltr'><strong><em>οἷ</em></strong></span> <span class='ocrx_word' id='word_1_229' title='bbox 781 2442 929 2494; x_wconf 83' lang='grc' dir='ltr'><strong><em>σαπροί</em></strong></span> <span class='ocrx_word' id='word_1_230' title='bbox 944 2443 1114 2493; x_wconf 87' lang='lat' dir='ltr'>Eupolis</span> <span class='ocrx_word' id='word_1_231' title='bbox 1139 2443 1181 2481; x_wconf 86' lang='lat' dir='ltr'><strong><em>in</em></strong></span> <span class='ocrx_word' id='word_1_232' title='bbox 1202 2441 1418 2481; x_wconf 83' lang='lat' dir='ltr'>ridiculum</span> <span class='ocrx_word' id='word_1_233' title='bbox 1439 2442 1612 2482; x_wconf 73' lang='lat' dir='ltr'><strong><em>deflexit.</em></strong></span> <span class='ocrx_word' id='word_1_234' title='bbox 1643 2444 1766 2483; x_wconf 79' lang='lat' dir='ltr'>etiam</span> 
     </span>
     <span class='ocr_line' id='line_1_31' title="bbox 192 2493 1651 2550; baseline 0.003 -17"><span class='ocrx_word' id='word_1_235' title='bbox 192 2493 397 2549; x_wconf 81' lang='grc' dir='ltr'><strong><em>ἆνήρρησα</em></strong></span> <span class='ocrx_word' id='word_1_236' title='bbox 427 2499 614 2548; x_wconf 85' lang='lat' dir='ltr'>parodiae</span> <span class='ocrx_word' id='word_1_237' title='bbox 646 2500 827 2540; x_wconf 76' lang='lat' dir='ltr'>inservit.</span> <span class='ocrx_word' id='word_1_238' title='bbox 859 2501 910 2539; x_wconf 86' lang='lat' dir='ltr'><strong>cf.</strong></span> <span class='ocrx_word' id='word_1_239' title='bbox 941 2497 1166 2550; x_wconf 75' lang='lat' dir='ltr'>Aristoph.</span> <span class='ocrx_word' id='word_1_240' title='bbox 1183 2498 1292 2540; x_wconf 77' lang='lat' dir='ltr'><strong>Nub.</strong></span> <span class='ocrx_word' id='word_1_241' title='bbox 1325 2499 1406 2538; x_wconf 86' lang='lat'><strong><em>789</em></strong></span> <span class='ocrx_word' id='word_1_242' title='bbox 1438 2512 1528 2538; x_wconf 85' lang='lat' dir='ltr'><strong><em>eum</em></strong></span> <span class='ocrx_word' id='word_1_243' title='bbox 1558 2500 1651 2540; x_wconf 81' lang='lat' dir='ltr'><strong><em>adn.</em></strong></span> 
     </span>
    </p>
   </div>
   <div class='ocr_carea' id='block_1_13' title="bbox 934 2634 1019 2676">
    <p class='ocr_par' dir='ltr' id='par_1_13' title="bbox 934 2634 1019 2676">
     <span class='ocr_line' id='line_1_32' title="bbox 934 2634 1019 2676; baseline 0 0"><span class='ocrx_word' id='word_1_244' title='bbox 934 2634 1019 2676; x_wconf 82' lang='lat'><strong><em>222</em></strong></span> 
     </span>
    </p>
   </div>
   <div class='ocr_carea' id='block_1_14' title="bbox 397 2707 1512 2770">
    <p class='ocr_par' dir='ltr' id='par_1_14' title="bbox 397 2707 1512 2770">
     <span class='ocr_line' id='line_1_33' title="bbox 397 2707 1512 2770; baseline 0.005 -19"><span class='ocrx_word' id='word_1_245' title='bbox 397 2707 451 2752; x_wconf 88' lang='grc' dir='ltr'><strong><em>οὐ</em></strong></span> <span class='ocrx_word' id='word_1_246' title='bbox 482 2709 569 2766; x_wconf 76' lang='grc' dir='ltr'><strong><em>γὰρ</em></strong></span> <span class='ocrx_word' id='word_1_247' title='bbox 601 2711 941 2767; x_wconf 81' lang='grc' dir='ltr'><strong><em>πολυπραγμων</em></strong></span> <span class='ocrx_word' id='word_1_248' title='bbox 973 2712 1114 2768; x_wconf 83' lang='grc' dir='ltr'><strong><em>ἐστίν,</em></strong></span> <span class='ocrx_word' id='word_1_249' title='bbox 1146 2710 1246 2756; x_wconf 78' lang='grc' dir='ltr'><strong><em>ἀλλ’</em></strong></span> <span class='ocrx_word' id='word_1_250' title='bbox 1280 2712 1512 2770; x_wconf 75' lang='grc' dir='ltr'><strong><em>ἁπλήγιος.</em></strong></span> 
     </span>
    </p>
   </div>
   <div class='ocr_carea' id='block_1_15' title="bbox 190 2791 1764 2939">
    <p class='ocr_par' dir='ltr' id='par_1_15' title="bbox 190 2791 1764 2906">
     <span class='ocr_line' id='line_1_34' title="bbox 304 2791 1764 2849; baseline 0.003 -18"><span class='ocrx_word' id='word_1_251' title='bbox 304 2793 471 2832; x_wconf 87' lang='lat' dir='ltr'>Bekker.</span> <span class='ocrx_word' id='word_1_252' title='bbox 505 2794 781 2843; x_wconf 83' lang='lat' dir='ltr'><strong><em>Aneed.425,</em></strong></span> <span class='ocrx_word' id='word_1_253' title='bbox 817 2796 868 2835; x_wconf 90' lang='lat'><strong><em>18</em></strong></span> <span class='ocrx_word' id='word_1_254' title='bbox 899 2798 940 2835; x_wconf 79' lang='lat' dir='ltr'><strong><em>et,</em></strong></span> <span class='ocrx_word' id='word_1_255' title='bbox 970 2797 1112 2836; x_wconf 80' lang='lat' dir='ltr'>Suidas</span> <span class='ocrx_word' id='word_1_256' title='bbox 1142 2792 1356 2849; x_wconf 76' lang='grc' dir='ltr'><strong><em>ἇπλήγιος·</em></strong></span> <span class='ocrx_word' id='word_1_257' title='bbox 1397 2793 1564 2846; x_wconf 84' lang='grc' dir='ltr'><strong><em>δασέως,</em></strong></span> <span class='ocrx_word' id='word_1_258' title='bbox 1595 2791 1764 2844; x_wconf 73' lang='grc' dir='ltr'><strong><em>ἁπλοῦς.</em></strong></span> 
     </span>
     <span class='ocr_line' id='line_1_35' title="bbox 190 2847 1762 2939; baseline 0.004 -52"><span class='ocrx_word' id='word_1_259' title='bbox 190 2847 257 2888; x_wconf 79' lang='grc' dir='ltr'><strong><em>καὶ</em></strong></span> <span class='ocrx_word' id='word_1_260' title='bbox 305 2847 496 2896; x_wconf 74' lang='grc' dir='ltr'><strong><em>Εὔπολις</em></strong></span> <span class='ocrx_word' id='word_1_261' title='bbox 531 2849 722 2890; x_wconf 82' lang='grc' dir='ltr'><strong><em>Πόλεσιν</em></strong></span> <span class='ocrx_word' id='word_1_262' title='bbox 747 2849 936 2894; x_wconf 83' lang='grc' dir='ltr'><strong><em>κτλ,οὐ</em></strong></span> <span class='ocrx_word' id='word_1_263' title='bbox 982 2851 1058 2906; x_wconf 76' lang='grc' dir='ltr'><strong><em>γὰρ</em></strong></span> <span class='ocrx_word' id='word_1_264' title='bbox 1101 2854 1229 2895; x_wconf 86' lang='lat' dir='ltr'><strong>Bekk.</strong></span> <span class='ocrx_word' id='word_1_265' title='bbox 1267 2851 1368 2939; x_wconf 86' lang='lat' dir='ltr'><strong>An.]</strong></span> <span class='ocrx_word' id='word_1_266' title='bbox 1413 2849 1503 2893; x_wconf 70' lang='grc' dir='ltr'><strong><em>οὔτ’</em></strong></span> <span class='ocrx_word' id='word_1_267' title='bbox 1549 2867 1604 2902; x_wconf 82' lang='grc' dir='ltr'><strong><em>αρ</em></strong></span> <span class='ocrx_word' id='word_1_268' title='bbox 1649 2853 1762 2896; x_wconf 83' lang='lat' dir='ltr'><strong>Suid.</strong></span> 
     </span>
    </p>
   </div>
  </div>
 </body>
</html>
