1872 3224
209 206 265 248 40
859 193 1106 230 KPATINOT

210 311 336 350 incola
372 304 581 359 Φηγαιεύς.
621 304 668 342 cf.
706 303 827 341 Inscr.
866 300 950 338 Att.
982 297 1143 337 Kirchh.
1181 294 1261 334 ind.
1301 293 1472 332 fortasse
1508 290 1762 331 scribendum
1825 278 1834 294 k
1868 309 1871 311 >

212 365 230 406 ἐ
240 368 258 415 ξ
290 367 326 403 Ε
337 362 438 404 ἰτέα
450 379 488 413 ς,
521 362 587 412 qui
617 361 850 409 fuit-pagus
881 361 949 407 τῆς
976 351 1273 405 Ἀκαμαντίδος.
1315 348 1480 414 Kirchh.
1512 348 1640 414 Inscr.
1670 347 1760 388 Att.
1841 353 1872 412 *Ξ

214 424 305 463 132.
339 423 430 460 273.
469 441 522 448 --
558 414 747 469 βαλάνων
780 413 940 453 nomine
977 413 1137 462 praeter
1173 408 1336 461 glandes
1377 408 1497 445 etiam
1535 404 1760 456 iuglandes,
1855 420 1866 439 -22

213 479 450 530 amygdalas,
468 476 668 516 castaneas
684 469 964 522 comprehendi
976 469 1089 508 docet
1098 467 1278 506 Hehnius
1289 462 1507 513 Kulturpfl.
1521 462 1760 513 338-340.

412 677 532 717 ἔστιν
562 671 718 730 ἄκμων
748 672 822 714 καὶ
852 673 1006 726 σφῦρα
1037 670 1195 725 νεανίᾳ
1226 665 1397 722 εὔτριχι
1427 664 1576 722 πώλῳ.

322 769 563 820 Hephaestio
595 770 641 819 1,
675 769 724 806 18
769 763 874 816 παρὰ
912 763 1094 818 Κρατίνῳ
1126 793 1134 802 .
1167 793 1174 802 .
1206 793 1215 802 .
1256 759 1300 800 ἐν
1338 758 1660 818 Κλεοβουλίναις.
1702 760 1765 800 eet

213 827 391 878 aenigma
428 826 632 876 ambiguae
669 822 1026 873 interpretationis.
1062 821 1179 859 Hom.
1219 819 1294 860 Od.
1329 820 1374 868 3,
1415 818 1498 858 434
1535 814 1693 869 ἄκμονά
1723 829 1765 858 τε

217 880 374 934 σφῦράν
403 874 436 921 τ’
470 878 678 932 εὐποίητόν
707 895 746 920 τε
775 877 994 932 πυράγρην.

959 989 1013 1031 88

327 1074 545 1125 Hesychius
574 1070 697 1124 αἰθὴς
727 1069 891 1119 πέπλος·
923 1073 1120 1123 Κρατῖνος
1151 1068 1460 1120 Κλεοβουλίναις
1492 1066 1768 1122 ἐκβάλλον·

217 1147 291 1178 τες
322 1136 402 1182 τῆς
432 1130 586 1181 αἴθης
616 1127 845 1176 πέπλους.
897 1129 1041 1168 Zenob.
1077 1131 1112 1177 1,
1146 1129 1197 1167 33
1229 1125 1353 1178 αι’θὴς
1383 1124 1551 1173 πέπλος·
1592 1124 1658 1166 ἐπὶ
1687 1131 1769 1166 τῶν

214 1186 508 1228 ὑπεκκαιόντων
545 1185 609 1225 καὶ
646 1183 896 1239 φθειρόντων
935 1184 1106 1236 (στάσεις
1148 1182 1382 1236 ἐγειρόντων
1416 1185 1587 1235 Diogen.
1623 1186 1658 1233 1,
1693 1182 1765 1236 31)

215 1244 280 1284 καὶ
317 1242 500 1296 διαβολὰς
536 1242 768 1285 ποιούντων.
814 1242 965 1293 εἴρηται
1001 1239 1045 1280 δὲ
1082 1240 1260 1293 παρόσον
1300 1238 1325 1293 ἡ
1359 1238 1579 1293 Δηιάνειρα
1615 1237 1770 1296 πέπλον

216 1301 390 1352 ἔπεμψεν
413 1297 616 1352 εΗρακλεῖ,
648 1296 721 1350 ὑφ’
755 1293 803 1339 οὗ
831 1297 998 1346 παυθεὶς
1040 1296 1218 1351 ἐφθάρη.
1249 1299 1435 1349 Apostol.
1470 1300 1512 1347 1,
1545 1299 1598 1338 81
1629 1296 1767 1346 αἴθεις

215 1356 258 1397 ἐν
285 1354 416 1410 πέπλῳ
453 1356 520 1396 καὶ
555 1356 679 1408 αἴθης
717 1354 875 1403 πέπλος.
919 1357 1116 1407 Bergkius
1154 1356 1316 1395 Pindar.
1353 1369 1393 1406 p,
1424 1355 1476 1394 41
1510 1352 1769 1407 ἐκβάλλοντες

214 1415 410 1466 αἰθῆντας
430 1411 613 1460 πέπλους.
643 1414 862 1453 Meinekius
891 1414 934 1452 in
955 1414 1014 1452 ed.
1035 1414 1132 1458 min.
1160 1413 1388 1452 Deianiram
1417 1414 1578 1453 vetusto
1606 1413 1770 1453 nomine

217 1471 358 1520 Αἴθην
386 1474 426 1510 et
455 1472 605 1510 vestem
635 1471 682 1509 ab
714 1484 758 1509 ea
781 1471 942 1510 missam
973 1469 1114 1520 Αἴθης
1135 1466 1287 1508 πέπλον
1307 1469 1547 1521 adpellatam
1568 1483 1654 1510 esse
1677 1469 1770 1510 Cra·

216 1530 418 1577 tinumque
439 1528 579 1566 dixisse
602 1528 824 1578 suspicatur
844 1525 965 1581 Δήμῳ
981 1525 1050 1566 τὸν
1066 1525 1325 1578 ἐπιβάλλοντα
1347 1524 1439 1573 τοὺς
1455 1525 1598 1578 Αἴθης
1615 1524 1770 1580 (αἰθεῖς

218 1587 259 1623 in
272 1583 338 1626 ed.
359 1580 467 1637 mai.)
488 1581 671 1631 πέπλους.
704 1585 994 1624 Herwerdenus
1026 1585 1195 1634 denique
1226 1585 1371 1624 Mnem.
1403 1597 1496 1624 nov.
1519 1584 1577 1623 VI
1599 1585 1652 1624 56
1673 1584 1773 1636 quin

218 1639 339 1692 αἰθής
369 1641 484 1680 nimis
505 1642 659 1680 recedat
689 1655 711 1679 a
730 1642 886 1692 vulgari
907 1654 1099 1689 sermone,
1133 1641 1336 1681 dochmios
1357 1642 1537 1681 restituit
1557 1641 1769 1682 scribendo

221 1694 475 1750 ἐπιβαλόνΙτες
506 1697 636 1744 αἰθεῑς
666 1694 854 1744 πέπλους.
888 1698 984 1736 mihi
1014 1711 1095 1737 non
1115 1699 1242 1749 magis
1271 1699 1398 1749 liquet
1427 1711 1547 1749 quam
1568 1698 1771 1740 Lobeckio

218 1755 388 1804 Paralip.
419 1755 513 1803 544,
542 1755 619 1794 nisi
649 1755 754 1804 quod
784 1756 957 1794 homines
984 1756 1217 1795 discordiam
1247 1757 1390 1796 civium
1415 1757 1623 1796 excitantes
1652 1758 1772 1807 poeta

218 1811 372 1850 videtur
401 1813 546 1850 notare.
579 1811 629 1850 ef.
659 1811 784 1850 Arist.
816 1811 911 1863 Lys.
945 1812 1180 1852 567-586,

964 1922 1019 1964 89

331 2003 474 2041 Zenob.
506 2004 543 2052 5,
580 2004 632 2042 14
671 2001 876 2051 Μύλλος
915 2001 1056 2044 πάντ’
1095 2001 1313 2044 ἀκούων·
1355 2003 1459 2056 αὕτη
1496 2003 1676 2046 τέτακται
1706 2003 1771 2047 ἐπὶ

221 2063 299 2096 τῶν
327 2057 531 2109 κωφότητα
560 2057 908 2112 προσποιουμένων
937 2059 1004 2100 καὶ
1031 2060 1162 2101 πάντα
1199 2059 1442 2105 ἀκουόντων.
1472 2062 1667 2115 μέμνηται
1695 2061 1771 2104 αὖ·

220 2119 288 2164 τῆς
332 2115 522 2166 Κρατῖνος
568 2113 608 2153 ἐν
653 2117 971 2168 Κλεοβουλίναις.
1022 2116 1103 2157 ἔστι
1146 2116 1189 2158 δὲ
1234 2118 1302 2159 καὶ
1337 2120 1561 2175 κωμῳδιῶν
1604 2119 1771 2174 ποιητὴς

223 2168 376 2217 Μύλος.
410 2168 569 2219 Μύλλος
598 2173 772 2213 Leutseh
791 2187 839 2213 ex
858 2175 914 2221 B,
946 2175 1132 2227 Hesyoh„
1164 2177 1266 2216 aliis.
1298 2178 1447 2228 Mylbus
1466 2191 1612 2218 nomen
1632 2179 1772 2223 fictum
1841 2199 1844 2202 ⁴

224 2229 282 2265 est
310 2228 477 2267 hominis
507 2230 669 2268 surdum
700 2244 741 2270 se
761 2243 846 2270 esse
867 2233 1091 2272 simulantis
1121 2235 1162 2272 et
1190 2237 1400 2284 propterea
1430 2249 1492 2274 res
1522 2237 1588 2276 vel
1614 2237 1770 2287 sapien-

222 2283 383 2322 tissimis
419 2285 573 2335 ignotas
604 2287 813 2329 audientis.
850 2288 1002 2328 Usener
1031 2290 1132 2329 Mus.
1164 2291 1236 2331 Rh.
1269 2291 1443 2330 XXVIII
1474 2293 1570 2332 427.
1609 2295 1773 2344 poetam

223 2338 387 2434 gai-{lugu
415 2342 566 2380 nullum
596 2357 782 2393 umquam
812 2345 934 2384 fuisse
965 2346 1100 2386 docuit
1130 2347 1460 2389 Wilamowitzius
1489 2350 1629 2390 Herm.
1651 2349 1777 2409 VIIII¹

967 2490 1022 2532 90

424 2537 584 2596 ἐπισμῇ

338 2619 467 2659 Schol.
488 2621 685 2673 Aristoph.
710 2626 869 2667 Thesm.
892 2629 972 2667 389
1004 2627 1071 2668 καὶ
1098 2628 1205 2683 παρὰ
1240 2631 1420 2686 Κρατίνῳ
1451 2631 1557 2674 ἐστὶν
1587 2632 1632 2674 ἐν
1653 2636 1772 2675 Κλεο-
1808 2657 1836 2665 κ

228 2673 450 2739 βουλίναις·
490 2674 566 2715 ἔστι
603 2677 643 2717 δὲ
673 2681 862 2736 λοιδορία,
898 2681 976 2724 άπὸ
1007 2690 1077 2726 τοῦ
1105 2684 1392 2728 καθάπτεσθαι
1421 2696 1503 2730 τῶν
1538 2689 1772 2743 σμωμένων.

227 2730 443 2780 Hesychius
475 2730 632 2791 ἐπισμῆ·
673 2735 860 2791 ἐπιτρίβει
891 2772 899 2780 .
924 2771 933 2781 .
959 2771 968 2780 .
1002 2742 1194 2797 λοιδορεῖ,
1234 2743 1404 2798 πλήττει.
1450 2748 1577 2789 Arist.
1610 2749 1772 2790 Thesm-

229 2787 307 2850 389
339 2785 378 2824 τί
402 2786 475 2852 γαρ
504 2791 615 2837 οὐτος
644 2789 744 2843 ἡμᾶς
766 2793 838 2835 οὐκ
869 2796 1014 2853 ἐπισμῇ
1033 2805 1114 2839 τῶν
1132 2807 1290 2850 κακῶν;
1322 2805 1459 2844 eadem
1481 2806 1772 2857 significatione,

229 2854 310 2881 sine
340 2842 457 2883 dublo
488 2845 680 2888 Cratinus.
781 2857 786 2862 ’
