1872 3224
659 204 750 238 mN
754 203 819 239 οΣ
867 203 1124 240 ΚοΡΙΑΝΝῼ
1606 206 1687 249 163

2 362 6 364 q
63 335 82 354 r
68 306 335 363 ἐπιγραφάς,
368 306 551 348 Θάλαττα
587 306 826 362 Διοκλεους,
857 308 1135 364 Φερεκράτους
1167 307 1403 378 Κοριαννω,
1440 308 1624 351 Εὐνίκου
1653 309 1681 364 ἢ

10 391 11 394 =
43 356 300 419 Quium)
322 364 498 416 ”Αντεια,
522 365 775 420 Μενάνδρου
806 364 851 407 δὲ
874 367 981 416 Θαῒς
1012 367 1079 407 καὶ
1100 367 1268 422 Φάνιον,
1294 362 1489 418 Ἀλέξιδος
1506 366 1679 423 Ὀπώρα,

47 428 73 471 3³2.
70 421 299 479 Ευβούλου
329 397 568 478 Κλεψύδρα.
600 426 928 466 muliercularum
960 427 1224 467 vinolentiam
1265 428 1337 467 hac
1378 428 1516 467 fabula
1545 430 1679 468 notari

59 483 314 536 fragmenta
343 482 502 525 docent.
533 485 743 534 praeterea
773 485 879 523 inest
909 485 1118 525 altercatio
1149 486 1277 536 patris
1309 499 1399 524 cum
1438 485 1543 535 filio,
1582 499 1678 536 quo-

54 550 172 586 {rum
201 542 372 592 uterque
401 541 750 581 meretricularum
781 542 909 581 amori
938 542 1137 594 indulget.
1186 544 1377 594 quattuor
1409 543 1538 594 prima
1573 543 1677 594 frag-

39 612 53 617 ²
81 600 221 649 menta
258 599 459 639 artissime
497 599 606 638 inter
643 612 686 639 se
727 599 938 639 cohaerere
973 600 1172 651 Bergkius
1211 601 1406 640 indicavit
1444 601 1492 643 R.
1525 613 1557 643 0.
1589 601 1677 645 Att.

7 655 65 700 s
82 657 164 698 299
181 664 255 708 sq.,
286 669 310 696 a
340 670 419 708 quo
450 658 590 696 tamen
619 657 663 696 in
694 657 869 709 singulis
900 657 1109 697 dissentio.
1153 660 1236 698 tres
1268 658 1431 698 omnino
1461 659 1504 697 in
1536 671 1679 698 scaena

30 754 35 761 ‚
50 715 383 772 conloquuntur
411 727 619 766 personae,
652 715 755 754 duae
786 707 987 764 mulieres,
1020 714 1145 766 Glyce
1177 716 1316 764 altera,
1339 717 1465 755 altera
1493 729 1576 756 non
1605 729 1675 755 no-

81 769 250 823 minata,
281 774 322 813 et
352 771 498 824 Glyces
529 772 657 812 filiola
688 770 776 826 (70,
799 768 860 827 4).
892 773 1010 812 initio
1043 772 1168 824 Glyce
1197 773 1324 812 filiam
1353 773 1465 813 iubet
1494 786 1674 813 mensam

12 828 35 886 ’,ζ
78 830 238 871 adferre
267 832 310 870 et
338 832 544 882 potionem
573 829 660 882 (67.
697 828 782 883 68).
814 830 992 870 adcurrit
1022 831 1171 870 mulier
1191 831 1329 879 altera,
1361 829 1559 871 Corianno
1589 832 1678 881 ipsa

80 889 128 928 ut
157 888 259 928 mihi
289 888 451 940 quidem
480 889 660 941 videtur,
691 889 788 941 gula
809 889 925 938 sicca,
958 888 1084 928 saliva
1114 889 1243 939 spissa
1264 890 1305 927 et
1323 889 1481 940 pingui.
1513 888 1677 927 offertur

19 945 49 969 ³
82 946 120 986 ei
148 947 235 987 vini
264 947 478 997 poculum,
518 947 627 998 quod
658 946 803 997 accipit
833 960 879 985 ea
917 947 1174 998 condicione,
1212 959 1262 985 ne
1302 959 1472 997 parvum
1512 946 1586 985 sit:
1630 959 1678 984 ex

7 999 41 1057 ᾖ
81 1017 207 1055 parvo
237 1005 346 1045 enim
375 1018 507 1055 nuper
537 1018 579 1044 se
609 1005 950 1044 medicamentum
980 1004 1130 1044 bibisse
1163 977 1334 1055 ⁷eiusque
1374 1004 1432 1042 rei
1472 1003 1677 1043 acerbissi-

12 1074 22 1097 2
80 1074 189 1101 mam
219 1062 456 1102 memoriam
485 1063 672 1102 retinere.
705 1062 818 1102 iubet
845 1063 974 1113 igitur
994 1062 1135 1102 vinum
1164 1061 1207 1100 in
1239 1074 1355 1101 suum
1389 1074 1510 1126 quem
1541 1073 1675 1106 secum

3 1122 26 1167 ‘J
79 1119 265 1159 attulerit
314 1120 551 1161 cantharum
601 1120 763 1159 infundi
813 1117 918 1174 (69).
982 1120 1051 1159 sed
1089 1120 1157 1160 vix
1193 1119 1329 1184 puella
1373 1119 1515 1159 vinum
1559 1118 1676 1157 mini·

2 1192 10 1220 .·
81 1178 236 1226 stravit,
269 1190 360 1218 cum
390 1178 474 1218 tale
503 1179 646 1219 vinum
676 1178 763 1218 bibi
792 1190 909 1228 posse
939 1179 1082 1229 negat:
1114 1177 1287 1216 nimium
1328 1189 1413 1216 esse
1453 1189 1590 1227 aquae
1609 1176 1677 1215 ad-

0 1238 17 1291 ᾖ
80 1235 230 1277 fusum.
289 1237 449 1287 quaerit
485 1238 616 1276 mater
656 1250 704 1275 ex
742 1235 847 1286 filia,
890 1248 970 1286 qua
1000 1236 1157 1274 ratione
1195 1235 1335 1275 vinum
1366 1234 1674 1285 temperaverit.

0 1286 18 1353 ’ᾖ
80 1293 238 1334 duobus
281 1293 352 1333 illa
390 1307 432 1334 se
473 1307 602 1346 aquae
642 1293 796 1345 cyathis
834 1295 1027 1344 quattuor
1071 1293 1155 1331 vini
1200 1292 1399 1332 addidisse
1443 1291 1673 1342 respondet.

80 1364 182 1402 quae
218 1364 466 1403 quamquam
503 1352 722 1392 admodum
765 1351 884 1391 fortis
922 1352 1008 1390 erat
1045 1350 1159 1401 potio
1197 1346 1308 1404 (ἴσον
1344 1347 1417 1403 ἴσῳ
1454 1350 1559 1389 enim
1600 1349 1677 1388 viri

0 1408 15 1461 ’ξ’
81 1409 164 1449 fere
195 1407 421 1463 bibebant),
452 1411 591 1450 tamen
619 1409 927 1461 indignabunda
958 1407 1160 1448 Corianno
1191 1408 1300 1448 ranis
1330 1407 1509 1458 puellam
1536 1407 1675 1447 vinum

0 1474 10 1485 ³
81 1467 313 1509 ministrare
342 1468 455 1508 iubet
485 1465 594 1523 (70).

857 1603 911 1646 67

287 1698 344 1742 A.
376 1695 489 1752 φέρε
519 1693 575 1752 δὴ
607 1697 867 1739 κατακλινῶ
878 1709 887 1719 ·
920 1692 979 1737 σὺ
1011 1693 1062 1737 δὲ
1092 1694 1319 1751 τράπεζαν
1350 1694 1530 1750 ἔκφερε,

288 1763 366 1808 καὶ
395 1764 563 1808 κύλικα
594 1762 885 1822 κάντραγεῖν,
917 1761 982 1806 ἵν’
1013 1762 1150 1820 ἥδιον
1180 1765 1283 1806 πίω.

292 1836 344 1878 Β.
378 1832 483 1877 ἰδοὺ
514 1832 644 1886 κύλιξ
677 1845 750 1877 σοι
781 1832 857 1877 καὶ
887 1829 1085 1888 τράπεζα
1115 1832 1191 1874 καὶ
1222 1833 1376 1887 φακοί.

288 1906 345 1946 Α.
378 1904 442 1960 μή
471 1918 549 1960 μοι
579 1901 771 1960 φακούς,
803 1900 864 1959 μοὶ
895 1902 978 1946 τὸν
1008 1900 1104 1956 Δί’,
1138 1899 1194 1943 οὐ
1223 1900 1314 1957 γάρ
1345 1898 1535 1956 ἥδομαι·

287 1969 348 2028 ἢν
378 1973 467 2029 γὰρ
498 1971 642 2030 τράγῃ
673 1987 753 2027 τις,
785 1973 869 2014 τοῦ
899 1969 1121 2026 στόματος
1152 1967 1241 2022 ὄζει
1271 1967 1428 2012 κακόν.

196 2068 429 2108 Athenaeus
459 2069 614 2118 4,159
632 2081 653 2107 e
684 2063 731 2106 τά
761 2064 851 2120 περὶ
881 2070 951 2118 τῆς
993 2069 1128 2117 φακῆς
1166 2063 1359 2117 λεχθέντα
1396 2062 1671 2135 χλευάζουσιν,

82 2122 127 2165 ἐν
158 2130 216 2181 νῷ
245 2122 400 2177 ἔχοντες
431 2122 478 2164 τὰ
509 2122 696 2178 εἰρημένα
726 2123 964 2178 Φερεκράτει
996 2121 1040 2163 ἐν
1070 2124 1295 2189 Κοριαννοῖ
1326 2124 1410 2161 κτλ.
1464 2125 1499 2161 1.
1532 2119 1674 2173 ἔκφερε

83 2180 156 2236 Κ.]
188 2165 305 2237 φέρε.
345 2183 470 2226 Dobr.
511 2181 682 2236 εἰ’.σφερε
742 2195 985 2234 quamquam
1028 2182 1136 2221 enim
1180 2181 1305 2220 vitam
1345 2180 1673 2220 muliercularum

83 2241 344 2281 domesticam
388 2241 646 2307 potissimum
683 2243 804 2292 poeta
851 2240 1076 2288 describere
1114 2239 1294 2286 videtur,
1333 2250 1475 2278 scaena
1511 2250 1594 2277 non
1631 2238 1675 2276 in

84 2299 282 2348 cubiculo,
313 2298 385 2339 sed
413 2299 457 2338 in
475 2299 579 2351 *aula
608 2299 673 2339 vel
702 2300 745 2338 in
776 2298 889 2338 aulae
910 2297 1125 2348 peristylio
1146 2299 1221 2336 est.
1254 2296 1305 2336 cf.
1327 2295 1536 2346 Aristoph.
1571 2295 1671 2334 Ach.

86 2357 210 2396 1123.
242 2357 317 2407 Eq.
350 2357 446 2396 997.
471 2357 512 2397 8.
546 2357 670 2397 1164.
701 2356 824 2407 Vesp.
847 2357 942 2395 853.
974 2355 1065 2395 Pac.
1092 2355 1213 2397 1021.
1247 2353 1409 2392 Thesm.
1433 2353 1528 2392 726.
1561 2352 1670 2391 Plut.

859 2536 914 2579 68

290 2632 348 2672 A.
380 2627 483 2672 ἀλλ’
515 2628 701 2686 ἰσχάδας
729 2644 806 2685 μοι
835 2627 1001 2685 πρόελε
1030 2629 1123 2670 τῶν
1153 2623 1468 2681 πεφωγμένων
1500 2658 1509 2666 .
1535 2656 1545 2667 .
1568 2657 1578 2666 .

871 2699 891 2721 3ὶὲ

293 2763 378 2810 οὐκ
410 2766 597 2823 ἰσχάδας
628 2732 787 2819 offatm-33
818 2768 912 2810 τῶν
941 2746 1184 2822 μελαινῶν.
1243 2761 1516 2818 μανθάνεις;

295 2835 348 2879 ἐν
378 2843 474 2886 τοῖς
504 2836 855 2893 Μαριανδυνοῖς
886 2833 1079 2883 ἐκείνοις
1108 2830 1360 2888 βαρβάροις

296 2903 464 2960 χύτρας
492 2907 687 2947 καλοῦσι
716 2902 796 2955 τοὶς
825 2905 1042 2959 μελαίνας
1073 2900 1273 2956 ἰσχάδας.

1256 2995 1261 3000 -
1328 2969 1398 3004 ll*
