1872 3224
236 205 318 247 706
858 203 1197 239 MffrArENO‘rn

235 311 455 350 haeuserus.
481 311 719 348 mercatores
749 309 981 359 peregrinos
1011 310 1302 359 interpretatur
1339 322 1429 348 cum
1463 310 1633 350 navibus
1671 323 1808 350 onera-

234 368 305 407 riis
336 369 378 406 in
415 367 622 406 Piraeeum
658 366 858 407 advectos.
918 379 1055 406 eorum
1093 367 1274 406 membra
1309 367 1494 418 viresque
1531 381 1555 406 a
1589 367 1808 408 meretrici-

235 425 310 463 bus
355 424 499 474 frangi.
561 419 643 461 ὖπό
689 423 1012 474 coniungendum
1057 437 1147 463 cum
1190 420 1354 476 ἔλυσαν,
1397 426 1552 475 μισθοῦ
1597 425 1808 476 genetivus

234 482 355 532 pretii
386 483 458 521 est.

1015 569 1043 612 5

441 626 646 670 οἰκίσκον

351 707 523 749 ἐκάλουν
552 709 593 749 οἱ
615 706 781 748 Ἀττικοὶ
811 706 854 747 τὸ
887 705 963 759 ὑφ’
996 706 1111 761 ἡμῶν
1141 707 1354 762 λεγόμενον
1382 706 1711 763 ὀρνιθοτροφεῖον
1738 740 1747 749 .
1768 743 1776 752 .
1797 740 1806 750 .

187 763 192 767 ’
237 765 476 819 Μεταγένης
507 765 680 819 Αὔραις.
713 767 1020 817 Harpocration.
1053 768 1103 807 cf.
1134 768 1342 818 Aristoph.
1374 768 1425 809 fr.
1455 769 1551 808 405.
1582 769 1680 808 406.
1710 767 1808 807 441.

236 905 271 943 R
351 847 817 944 DXttalici1822fragmenffis
855 847 1028 887 fortasse
1067 848 1117 886 ad
1154 848 1285 888 Auras
1322 847 1542 887 referendis
1579 847 1628 887 of.
1660 847 1809 900 Bergk.

276 934 285 944 .
317 917 349 945 ο.
460 935 469 944 .
589 934 598 943 .

838 1017 1027 1052 ΘΟΤΡΙΟ
1033 1016 1219 1051 ΠΕΡΣΑΙ

352 1111 493 1151 Thurii
523 1112 735 1165 Persarum
766 1124 878 1151 more
908 1112 1088 1150 luxuriae
1120 1111 1246 1150 dediti
1275 1112 1480 1150 notantur.
1532 1111 1706 1151 Lobeek.
1736 1111 1810 1151 Pa-

237 1170 355 1219 ralip.
391 1171 442 1209 78
464 1183 506 1208 n.
541 1171 606 1208 12.
636 1170 811 1208 Meinek.
841 1169 861 1207 I
893 1170 987 1208 220.
1027 1168 1258 1208 Athenaeus
1291 1170 1335 1220 6,
1370 1169 1485 1208 2702,
1521 1167 1570 1207 οἷ
1603 1167 1813 1222 Θουριο-

236 1223 419 1277 πέρσαι
448 1224 514 1265 καὶ
546 1225 588 1264 τὸ
619 1231 690 1265 τοῦ
711 1226 977 1276 Νικοφῶντος
998 1224 1131 1277 δρᾶμα
1154 1222 1386 1279 (Σειρῆνες)
1417 1221 1663 1264 ἀδίδακτά
1694 1223 1811 1268 ἐστι.

1020 1371 1047 1414 6

387 1454 434 1506 ’ὁ
463 1464 548 1518 μὲν
578 1461 777 1519 ποταμὸς
807 1461 831 1505 ὁ
863 1465 1042 1520 Κρᾶθις
1070 1459 1180 1518 ἡμῖν
1210 1463 1453 1519 καταφέρει

408 1534 544 1587 μάζας
573 1534 784 1589 μεγίστας
814 1529 1096 1587 αὐτομάτους
1125 1531 1423 1587 μεμαγμένας,

412 1598 435 1643 ὁ
467 1599 508 1643 δ’
542 1600 694 1656 ἕτερος
723 1598 840 1643 ω’θεῖ
865 1601 986 1655 κῦμα
1016 1602 1199 1642 ναστῶν
1229 1600 1305 1643 καὶ
1335 1602 1482 1654 κρεῶν

412 1667 573 1724 ἑφθῶν
603 1684 651 1711 τε
680 1669 880 1724 βατίδων
912 1668 1190 1724 εἰλυομένων
1221 1667 1396 1712 αὐτόσε.

358 1746 378 1778 5
409 1753 462 1779 τα
495 1737 545 1779 δὲ
575 1753 714 1793 μικρα
743 1736 873 1780 ταυτὶ
903 1733 1085 1792 ποτάμι’
1119 1737 1442 1792 ἐνμεντευθενὶ

411 1806 483 1862 ρ”εῖ
509 1807 719 1848 τευθίσιν
750 1803 908 1856 ὀπταῖς
938 1804 1014 1848 καὶ
1045 1804 1238 1862 φάγροις
1268 1805 1343 1848 καὶ
1373 1805 1604 1880 καράβοις,

411 1872 650 1917 ἐντευθενὶ
681 1872 722 1916 δ’
757 1871 922 1916 ἀλλᾶσι
952 1874 1028 1916 καὶ
1058 1873 1404 1957 περικόμμασιν,

408 1941 510 1999 τῃδὶ
542 1941 584 1984 δ’
619 1942 827 1998 ἀφύαισι,
858 1943 968 1999 τῇδε
999 1940 1041 1984 δ’
1075 1937 1136 1985 αὖ
1163 1944 1408 1999 ταγηνίαις.

410 2011 575 2067 τεμάχη
608 2009 651 2053 δ’
683 2010 868 2054 ἄνωθεν
899 2009 1127 2066 αὐτόματα
1157 2010 1438 2066 πεπνιγμένα

336 2089 378 2120 10
410 2080 472 2128 εἰς
502 2079 552 2122 τὸ
585 2077 713 2134 στόμ’
745 2077 882 2136 ᾄττει,
914 2079 968 2122 τὰ
1000 2079 1049 2123 δὲ
1080 2078 1187 2135 παρ’
1220 2078 1342 2122 αὐτοὶ
1373 2079 1433 2122 τώ
1466 2079 1591 2136 πόδε,

412 2144 578 2201 ἄμυλοι
607 2147 657 2190 δὲ
687 2145 987 2202 περινάουσιν
1015 2145 1124 2204 ἡμῖν
1156 2149 1208 2191 ἐν
1238 2147 1407 2205 κύκλῳ.

353 2253 585 2293 Athenaeus
617 2255 654 2302 6,
689 2254 801 2293 269f
834 2258 916 2292 τῶν
945 2250 988 2292 δὲ
1010 2251 1269 2306 Μεταγένους
1301 2251 1344 2293 ἐκ
1375 2253 1687 2323 Θουριοπερσῶν
1713 2269 1811 2306 μνη·

238 2305 435 2361 μονεύσας
465 2309 711 2349 καταπαύσω
741 2306 811 2349 τὸν
839 2306 956 2362 λόγον
987 2341 996 2350 .
1021 2340 1030 2349 .
1054 2341 1063 2351 .
1095 2313 1176 2350 κτλ.
1265 2313 1303 2352 2.
1334 2307 1583 2362 αὐτομάτους
1609 2309 1659 2364 Ρ]
1692 2307 1808 2350 αὐτο-

238 2365 378 2418 μάτας.
495 2370 534 2407 3.
575 2365 703 2420 ἕτερος
747 2369 931 2407 Dindorf.
934 2366 952 2420 ]
1005 2365 1134 2420 ἕτερός
1179 2382 1223 2420 γε
1267 2365 1289 2406 ὁ
1338 2364 1518 2421 Σύβαρις
1566 2366 1808 2419 καλούμενος

238 2420 423 2474 ποταμός.
475 2428 652 2464 extrema
671 2426 1015 2476 interpretationis
1037 2439 1154 2465 causa
1175 2425 1312 2465 addita
1342 2438 1428 2465 esse
1447 2425 1646 2465 intellexit
1665 2426 1807 2465 Elmsl.

240 2482 387 2521 Edinb.
419 2483 517 2522 Rev.
548 2482 610 2521 III
643 2483 735 2521 193.
766 2482 969 2522 Porsonus
1000 2478 1021 2520 ὁ
1042 2478 1082 2520 δ’
1114 2479 1243 2534 ἕτερός
1273 2478 1428 2520 ἐστιν“
1410 2496 1431 2520 ο
1447 2479 1633 2546 Σύβαρις
1663 2479 1807 2521 καλού-

238 2552 355 2588 μενος
384 2537 389 2590 Ι
416 2537 611 2590 ποταμός,
632 2536 677 2585 ὃς
698 2535 805 2578 ὠθεῖ
820 2541 901 2581 κτλ.
990 2540 1030 2579 4.
1062 2536 1317 2591 εἰλυομένων]
1351 2534 1581 2590 εἰλυόμενον
1611 2538 1808 2590 Schweig-

239 2596 374 2637 haeus
406 2591 567 2648 αὐτόσε]
606 2591 778 2635 αὐτόσσε
813 2596 864 2635 A.
954 2597 991 2635 5.
1031 2593 1315 2647 ἐνμεντευθενὶ
1353 2596 1809 2637 E1ms1.au0tar.A1-i-

241 2652 637 2704 stoph.Aeh.108]
663 2652 712 2692 ἓν
738 2649 813 2703 μὲν
841 2650 1048 2692 ἐντεῦθεν.
1123 2655 1162 2692 6.
1194 2651 1260 2705 ῥεῖ
1284 2650 1438 2705 Elmsl.]
1472 2648 1566 2704 ῥέει.
1654 2654 1692 2692 8.
1723 2650 1811 2706 τῃδι

240 2705 300 2760 δ’]
334 2705 457 2746 τιδιδ’
497 2710 546 2749 A.
586 2706 756 2760 ἀφύαισι
786 2708 1032 2778 Villebrun.]
1073 2705 1243 2759 ἆφύλισι
1279 2710 1330 2748 A.
1375 2708 1479 2777 τῇδε
1498 2706 1538 2747 δ’
1567 2703 1642 2762 αὐ]
1674 2723 1722 2763 τῃ
1723 2707 1809 2748 δεδὶ

241 2765 383 2804 Elmsl.
475 2768 512 2804 9.
551 2762 589 2802 δ’
624 2765 966 2818 Schweighaeus]
994 2762 1032 2805 λ’
1062 2767 1112 2807 Α.
1204 2767 1270 2806 10.
1301 2749 1424 2820 αττει]
1456 2761 1581 2805 ἀΐττει
1607 2767 1660 2805 A.
1695 2723 1810 2817 npost

243 2835 278 2861 v.
315 2824 369 2861 10
406 2823 449 2861 in
478 2822 676 2863 Athenaei
706 2824 882 2863 editione
911 2824 1133 2862 Meinekius
1170 2821 1334 2862 lacunae
1365 2824 1524 2874 signum
1560 2823 1714 2891 posuit,
1751 2823 1810 2862 ita

242 2878 322 2918 fere
353 2880 573 2929 explendae
617 2879 752 2931 (Anal.
790 2881 878 2920 crit.
912 2881 1005 2919 Ath.
1040 2876 1140 2934 118)
1174 2875 1387 2919 κυλίνδεθ’
1420 2875 1645 2919 ίκετεύονθ’
1687 2877 1807 2919 ἑαυτὰ
