1872 3224
649 201 860 237 ΑΔΗΛΩΝ
897 204 1167 240 ΔΡΑΜΑΤΩΝ
1628 207 1707 248 119

866 306 952 350 378

313 361 625 417 αἰγυπτιάζειν

59 503 71 510 ⁴.
221 454 266 498 τὸ
294 460 542 511 πανουργεῖν
571 456 640 497 καὶ
669 457 1058 511 κακοτροπεύεσθαι,
1092 456 1148 508 ὡς
1178 456 1200 500 ὁ
1230 456 1419 516 κωμικός,
1451 462 1566 514 φασί,
1589 465 1701 512 Κρα-

60 515 215 564 -ἕτῖνος
243 504 369 568 δηλοῖ.
399 516 587 557 Eustath.
624 517 745 565 1484,
769 519 836 559 28.
868 518 962 558 fort.
994 516 1094 570 φησὶ
1116 520 1318 572 Κρατῖνος
1341 519 1512 573 Δηλιοῖ
1523 531 1547 559 σ
1558 537 1617 562 ιν.
1651 523 1702 562 cf.

46 583 80 624 τ’
106 573 315 626 Aristoph.
346 574 505 614 Thesm.
537 575 620 615 922
653 588 743 615 cum
773 576 943 627 interpr.

819 688 905 731 379
925 706 949 731 a
964 693 999 735 b.

315 739 657 825 αἶμυλοπλόκος
687 775 727 813 et
758 769 1065 826 αἰμυλόφρων

48 908 50 910 ,
220 865 397 905 Bekker.
419 865 572 906 Anecd.
596 867 692 916 363,
717 868 742 906 3
764 867 966 920 Κρατῖνος
997 863 1042 906 δὲ
1073 864 1337 920 αἱμυλόφρων
1366 861 1451 907 εἶπε
1470 867 1551 908 ’καὶ
1581 869 1699 920 αἱμυ-

46 923 47 926 ’
105 920 298 971 λοπλόκος
329 919 351 967 ὃ
381 919 515 972 αὐτός.

439 1053 446 1061 =
862 1025 950 1069 380

312 1081 491 1136 ἀλαζών

16 1176 18 1178 “
218 1163 504 1222 ὑπερήφανος,“
529 1165 712 1220 ψεύστης
743 1166 812 1208 καὶ
841 1164 1087 1220 κομπαστής.
1137 1164 1244 1207 οὕτω
1276 1169 1489 1221 Κρατῖνος.
1529 1169 1698 1209 Bekker.

18 1227 22 1263 ζ
102 1225 257 1266 Anecd.
288 1226 388 1276 374,
424 1228 490 1267 19.

863 1315 946 1359 381

310 1368 619 1430 ἀμφίκαυστις

0 1477 6 1519 ξ
106 1517 109 1521 .
217 1469 459 1510 Eustathius
493 1470 629 1521 1446,
662 1471 715 1510 29
758 1465 784 1522 ἡ
827 1461 956 1522 ὦρίμη
995 1466 1146 1522 κριθή,
1183 1465 1209 1521 ἡ
1247 1467 1316 1509 καὶ
1353 1465 1699 1522 ἇμφίκαυστις

101 1524 211 1581 παρὰ
243 1525 373 1582 Αἰλίῳ
405 1526 624 1582 Διονυσίῳ,
656 1525 826 1580 κωμικοὶ
855 1524 900 1567 δὲ
930 1525 998 1567 καὶ
1029 1525 1094 1570 ἐπὶ
1132 1526 1367 1580 γυναικείου
1406 1526 1547 1581 μορίου
1583 1527 1699 1579 φασί,

102 1586 302 1639 Κρατῖνος
335 1581 379 1625 δὲ
409 1582 485 1638 τὴν
514 1582 648 1638 ὀσφὺν
675 1583 804 1634 οὕτως
824 1584 916 1638 ἔφη.
948 1586 1121 1638 Hesych.
1142 1590 1329 1633 καῦστις·
1361 1582 1386 1638 ἡ
1417 1583 1587 1635 ἔκφυσις
1618 1590 1701 1625 τῶν

102 1637 305 1697 σταχύων.
337 1642 459 1697 πυροὶ
487 1640 770 1697 ἆδρυνόμενοι,
802 1642 871 1684 καὶ
900 1641 1053 1696 χόρτος.
1084 1640 1128 1682 τὸ
1151 1641 1196 1683 δὲ
1217 1639 1316 1683 αὐτὸ
1346 1642 1415 1684 καὶ
1443 1640 1698 1695 ἆμφίκαυ-

103 1711 226 1750 στις.
265 1699 334 1741 καὶ
364 1700 582 1754 ἐπώνυμον
614 1701 838 1755 Δήμητρος.
885 1703 1088 1755 Κρατῖνος
1119 1698 1164 1740 δὲ
1195 1698 1261 1741 ἐπὶ
1291 1701 1361 1741 τοῦ
1390 1700 1532 1753 μορίου
1563 1699 1700 1750 ἔταξεν

101 1755 216 1800 αὐτό.
247 1761 422 1812 Etymol.
452 1774 506 1800 m.
541 1762 609 1810 90,
644 1762 699 1801 33
742 1757 788 1800 οί
819 1757 864 1800 δὲ
902 1758 1070 1812 κωμικοὶ
1108 1757 1153 1799 τὸ
1192 1759 1350 1799 αἰδοῖον
1386 1756 1697 1811 ἆμφίκαυτις

103 1814 199 1872 (sic)
227 1813 311 1858 ἀπὸ
341 1823 413 1859 τοῦ
443 1820 794 1871 περικεκαῦσθαι.·
810 1818 1036 1858 Meinekius
1057 1818 1231 1859 contulit
1253 1818 1460 1869 Aristoph.
1482 1817 1573 1858 Pac.
1597 1819 1693 1857 965.

862 1931 948 1974 382

311 1985 513 2032 ἄναλτον

206 2081 384 2136 ’Όμηρος
415 2081 484 2123 καὶ
529 2085 728 2137 Κρατῖνος
769 2080 860 2124 ἀντὶ
895 2088 967 2123 τοῦ
1005 2079 1255 2136 ἀπλήρωτον.
1317 2082 1428 2122 Suid.
1468 2083 1610 2124 zonar.
1644 2084 1694 2122 cf.

103 2142 224 2182 Hom.
259 2141 334 2182 Od.
371 2144 436 2190 17,
471 2143 568 2182 228.
605 2143 669 2189 18,
706 2142 798 2181 114.
833 2142 929 2182 364.
963 2142 1139 2193 Hesych.
1174 2137 1374 2180 ἄναλτον·
1415 2137 1589 2188 ἅναυξές
1621 2171 1629 2179 .
1654 2169 1663 2179 .
1686 2169 1696 2180 .

101 2195 130 2255 ἢ
157 2194 408 2252 ἀκλήρωτον.

859 2300 944 2344 383

310 2355 565 2414 ἀνεξικώμη

218 2447 268 2504 ἧς
306 2449 382 2492 οὐκ
411 2449 466 2492 ἂν
497 2449 711 2505 ἀνάσχοιτο
737 2449 810 2505 ’ὅλη
831 2449 957 2505 κώμη.
989 2450 1099 2506 παρὰ
1129 2450 1328 2506 Κρατίνῳ.
1362 2451 1537 2503 Hesyoh.
1559 2452 1695 2501 itaque

57 2549 60 2552 Α
105 2513 175 2552 aut
205 2511 309 2551 dixit
338 2506 413 2550 οὐκ
450 2506 677 2563 ἆνεξικώμη
708 2514 779 2551 aut
808 2514 948 2552 contra
983 2511 1231 2563 Hesychium
1259 2508 1468 2561 probanda
1489 2510 1551 2548 est
1570 2508 1694 2560 Berg-

103 2568 162 2608 kii
202 2565 270 2624 (R.
303 2582 336 2609 e.
369 2569 456 2609 Att.
488 2567 591 2621 255)
630 2569 915 2620 interpretatio
962 2581 1062 2618 quae
1105 2569 1165 2608 vel
1208 2569 1326 2608 totius
1361 2568 1462 2617 pam·
1506 2567 1695 2616 inmetum

102 2628 310 2668 sustineat.

859 2715 947 2759 384

312 2770 663 2829 ἀνεπτερῶσθαι

220 2853 295 2908 τὴν
323 2852 482 2908 ψυχήν·
514 2851 603 2896 οἷον
630 2826 966 2909 ἅνασεσοβῆοθαι
999 2857 1212 2908 Κρατῖνος.
1245 2855 1402 2896 Suidas.
1434 2855 1484 2894 cf.
1516 2855 1692 2894 Bekker.

103 2914 256 2955 Anecd.
289 2915 387 2966 398,
420 2916 459 2955 6.
489 2914 699 2966 Aristoph.
732 2915 810 2957 Av.
843 2916 938 2957 433.
974 2913 1270 2956 1439—1449.
