1872 3224
765 178 939 214 MOIPAI
1557 187 1611 225 z..
1625 221 1629 225 ς

330 276 482 334 ψυχὴν
513 278 563 322 δὲ
602 280 794 336 Τέλητος
823 279 1036 338 ὑπέστης;

282 356 304 389 5
336 345 651 405 κάγχειριδίου
684 348 727 391 δ’
760 348 904 408 ἀκόνῃ
936 354 1110 409 σκληρᾷ

332 419 716 475 παραθηγομένης
745 419 931 475 βρύχεις
962 421 1163 476 κοπίδος,

330 486 519 542 δηχθεὶς
548 490 716 531 αὔθωνι
748 489 939 532 Κλέωνι.

171 570 411 610 Plutaichus
456 571 600 611 Periol.
647 573 701 612 33
748 570 890 611 πολλοὶ
934 569 1009 623 μὲν
1053 571 1335 643 (Περικλέους)
1382 580 1463 615 τῶν
1507 576 1639 627 φίλων

40 625 241 682 &dmum
270 625 562 697 προσέκειντο,
569 627 705 668 πολλοὶ
736 626 780 668 δὲ
812 635 891 669 τῶν
922 628 1084 701 ἐχθρῶν
1112 628 1365 680 ἀπειλοῦντες
1387 632 1453 672 καὶ
1473 647 1637 687 κατηγο-

38 695 94 719 ’ν’
112 690 252 752 ντες,
279 683 416 725 πολλοὶ
453 682 494 724 δ’
536 680 639 756 ᾖδον
681 684 842 742 ᾅσματα
889 686 955 726 καὶ
1001 688 1217 741 σκωμματα
1363 689 1638 760 ἐφυβρίζοντες

31 727 183 788 »αυτοῦ
212 738 286 795 τὴν
316 743 559 796 στρατηγίαν
590 759 645 792 ως
673 743 913 798 ἄνανδρον
905 744 972 785 αὶ
991 752 1102 810 προϊε
1105 746 1230 799 μένην
1251 747 1297 787 τὰ
1318 746 1526 800 πράγματα
1558 752 1638 796 τοῖς

36 799 272 853 ,πολεμίοις
312 797 509 852 ἐπεφύετο
539 798 583 841 δὲ
613 801 681 842 καὶ
718 800 858 842 Κλέων
887 801 967 856 ἤδη
999 797 1064 842 δια
1095 810 1164 856 τῆς
1204 803 1302 858 πρὸς
1335 804 1488 844 ἐκεῖνον
1519 802 1638 859 ὀργῆς

12 862 140 910 ψτῶν
167 860 344 900 πολιτῶν
372 858 640 912 πορευόμενος
672 858 736 900 ἐπὶ
767 858 840 912 τὴν
870 860 1142 914 δημαγωγίαν,
1174 859 1229 910 ὡς
1261 859 1511 909 τάνάπαιστα
1542 868 1637 903 ταῦ-

11 915 104 966 ᾗτα
134 915 344 968 δηλωτοιεῖ
379 915 426 956 τὰ
453 914 679 970 Ερμίππου
710 920 790 957 κτλ.
824 919 873 960 cf.
908 919 1031 959 Thue.
1065 922 1102 968 2,
1137 922 1204 959 21.
1295 923 1333 960 3.
1366 925 1436 959 τοῦ
1468 921 1558 960 add.
1593 922 1637 961 C.

3 969 16 1026 ᾗ·
57 972 218 1022 δεινοὺς
239 987 318 1015 om.
347 970 410 1014 B0.
452 972 634 1040 παρέχει]
667 973 867 1028 παρέχεις
873 977 915 1016 C.
1006 978 1044 1015 4.
1076 973 1250 1028 ὑπέστης
1273 978 1307 1017 Α
1339 977 1378 1029 (ς
1401 979 1450 1017 ab
1472 980 1523 1017 al.
1546 993 1598 1018 m.
1603 976 1639 1033 )]

4 1027 211 1083 ΙΔΗῦπέστη
240 1033 306 1072 Bc.
354 1028 467 1084 ψυχὴ
500 1030 544 1072 δὲ
579 1032 746 1085 Τέλητος
776 1031 946 1073 ύπεστιν
971 1035 1197 1085 Empeiius.
1259 1037 1298 1074 5.
1329 1032 1456 1090 ἀκόνῃ
1487 1038 1638 1091 σκληρα

6 1092 20 1138 ᾗ
58 1087 260 1143 Muretus]
294 1086 425 1142 ἀκόνη
457 1089 620 1143 σκληρὰ.
683 1093 719 1130 6.
751 1089 1090 1144 παραθηγομένης
1112 1090 1273 1145 Daciel]
1305 1092 1637 1145 παραθηγομένη.

17 1171 28 1174 v
55 1145 378 1202 παραθηγομένη
415 1148 466 1188 Α.
498 1146 841 1201 παραθηγομένου
880 1151 1075 1189 Muretus.
1107 1146 1268 1202 βρύχεις
1309 1148 1351 1203 x]
1385 1150 1536 1203 βρύχει.
1575 1165 1639 1189 κο-

5 1218 19 1258 ss
57 1203 174 1254 πίδος
207 1204 371 1259 comes]
404 1204 589 1254 κοπίδας.

17 1308 21 1309 ⁷
173 1263 355 1315 increpat
400 1264 543 1304 chorus
587 1264 756 1304 Periclis
803 1265 1120 1313 cunctationem,
1162 1266 1229 1315 qui
1269 1266 1445 1305 oratione
1480 1266 1639 1316 quidem

0 1347 32 1377 ξι.
56 1320 329 1361 Athenienses
360 1321 411 1360 ad
441 1322 592 1361 bellum
624 1322 875 1368 incitaverit,
908 1335 1085 1373 pugnam
1117 1325 1251 1361 autem
1282 1323 1529 1362 committere
1559 1336 1640 1362 non

0 1377 12 1423 Ξ
58 1378 219 1419 audeat.
250 1378 398 1430 Bergk.
430 1379 478 1418 R.
511 1393 544 1419 c.
581 1380 668 1419 Att.
703 1381 800 1420 320.
832 1379 997 1431 βασιλεῦ
1019 1377 1217 1431 Σατύρων
1250 1380 1396 1419 dicitur
1417 1383 1457 1419 et
1476 1382 1639 1430 propter

0 1440 13 1471 ἱ
57 1435 248 1477 libidines
278 1436 423 1487 quibus
446 1437 606 1477 deditus
629 1450 714 1476 esse
737 1437 942 1477 serebatur
964 1439 1005 1476 et
1024 1440 1190 1487 propter
1210 1437 1402 1476 inbellem
1423 1438 1637 1488 ignaviam.

55 1493 111 1547 cf.
149 1493 246 1533 Eur.
278 1493 391 1545 Cycl.
434 1495 674 1536 630—655.
736 1495 902 1545 Satyros
948 1495 1095 1533 amicos
1142 1494 1306 1534 Periclis
1350 1495 1640 1544 interpretatur

0 1550 4 1554 ’
36 1551 293 1591 ,Μοὶιιοὲὶηε
326 1551 374 1590 de
408 1551 533 1591 Telete
563 1565 644 1591 non
676 1554 846 1592 constat.
879 1552 1089 1591 dubitatur
1120 1552 1240 1590 etiam
1273 1552 1332 1591 vir
1371 1552 1486 1591 fortis
1517 1552 1639 1590 fuerit

0 1649 1 1653 ,
58 1621 108 1647 an
130 1609 315 1661 ignavus.
357 1608 611 1660 quamquam,
645 1610 679 1648 si
699 1610 777 1648 fuit
799 1610 973 1657 omnino,
1004 1610 1198 1661 ignavum
1229 1609 1351 1648 fuisse
1373 1609 1639 1659 oppositionis

57 1665 164 1706 ratio
195 1667 324 1706 docet.
358 1667 428 1706 sed
448 1680 580 1718 neque
603 1667 786 1706 Teletem
807 1667 941 1707 nescio
963 1679 1082 1716 quem
1102 1666 1167 1706 hic
1188 1667 1489 1706 commemorari
1510 1679 1638 1716 neque

56 1719 232 1775 ὑπέστης
255 1724 305 1763 ab
326 1724 560 1775 Hermippo,
585 1737 672 1764 cum
694 1725 896 1774 praesenti
918 1727 1096 1774 tempore
1118 1737 1216 1774 opus
1238 1725 1303 1772 sit,
1337 1724 1531 1774 scriptum
1552 1737 1637 1762 esse

58 1780 246 1821 arbitror.
298 1794 343 1822 ac
378 1782 466 1821 loco
495 1795 659 1832 prorsus
689 1782 959 1832 inopportuno
989 1782 1160 1820 infertur
1189 1794 1326 1821 versus
1355 1781 1638 1830 paroemiacus,

56 1839 126 1889 qui
154 1839 198 1878 in
228 1835 493 1890 {anapaesticis
525 1839 766 1879 comicorum
806 1842 1018 1889 poetarum
1057 1839 1286 1888 systematis
1325 1851 1519 1888 nusquam
1559 1838 1638 1876 nisi

57 1897 100 1935 in
138 1896 218 1936 fine
261 1897 442 1946 ponitur.
489 1897 553 1935 cui
596 1897 760 1947 regulae
805 1909 936 1946 neque
981 1895 1189 1945 Aristoph.
1221 1896 1318 1934 Rau.
1355 1896 1477 1934 1088.
1513 1895 1634 1932 1514.

60 1953 169 1993 1523
195 1956 237 1992 et
256 1954 430 2004 Lysistr.
456 1956 537 1993 602
560 1966 689 2003 neque
710 1953 802 1992 Pae.
827 1954 907 1991 992
930 1952 1212 2004 adversantur,
1242 1952 1311 1991 ubi
1342 1952 1635 1991 restituendum

57 2013 120 2051 est
150 2009 394 2062 Λυσιμάχην
416 2008 468 2061 δή
490 2020 534 2049 σε
555 2024 591 2048 κ.
612 2011 749 2060 itaque
773 2010 836 2049 hic
862 2009 1116 2049 scribendum
1141 2010 1298 2048 videtur
1318 2016 1457 2060 ψυχην
1476 2005 1515 2046 δ’
1535 2004 1637 2046 ‹31⁶¹-

57 2070 230 2115 λεστος
261 2063 556 2118 ὗπεξίστης,
586 2068 688 2107 nihil
717 2080 850 2107 eorum
880 2079 979 2116 quae
1001 2068 1219 2116 promisisti
1240 2066 1412 2115 efficiens
1440 2067 1482 2105 id
1511 2079 1638 2105 unum

58 2139 177 2166 curas
207 2138 282 2175 quo
311 2126 424 2165 ‘modo
455 2127 635 2165 animam
658 2126 847 2173 perieulis
875 2125 1095 2164 subtrahas.
1156 2138 1194 2164 v.
1218 2125 1241 2163 6
1271 2124 1328 2162 ita
1347 2124 1635 2173 interpretatur

59 2183 225 2223 Comes:
257 2180 326 2222 καὶ
355 2179 460 2221 οὕτω
490 2180 619 2229 δειλὸς
650 2176 688 2220 εἶ
713 2179 816 2220 ὥστε
846 2175 1010 2233 βρύχειν
1047 2178 1140 2228 τοὺς
1181 2176 1372 2230 ὀδόντας,
1404 2176 1483 2219 κᾶν
1513 2178 1638 2231 μόνον

57 2238 187 2295 αι’σθῃ
218 2237 288 2279 τὸν
318 2237 474 2290 ψόφον
471 2236 721 2307 ἐγχειριδίου
759 2237 923 2286 κοπίδος
964 2235 1158 2291 (τουτέστι
1194 2251 1431 2290 μικροτατου
1472 2235 1635 2289 ἐγχειρι-

58 2280 174 2352 δίου)
201 2294 432 2350 θηγομένης
464 2294 509 2336 ἐν
537 2292 666 2351 ἀκόνῃ
697 2298 862 2351 σκληρα.
973 2298 1010 2335 7.
1042 2294 1194 2334 αι’θωνι
1224 2292 1379 2334 Κλέωνι
1410 2290 1506 2346 παρ’
1539 2290 1636 2333 ὑπό-

60 2368 177 2395 νοιαν
206 2368 280 2406 pro
311 2352 464 2393 αἴθωνι
495 2352 645 2408 σιδήρῳ
675 2354 793 2394 Hom.
825 2354 874 2392 Il.
906 2354 944 2401 4,
978 2355 1075 2393 485.
1117 2355 1153 2400 7,
1186 2353 1282 2391 473.
1325 2354 1391 2401 20,
1424 2352 1518 2391 372.
1561 2350 1634 2390 Od.

62 2413 227 2462 1‚184.
289 2414 472 2452 ceterum
496 2412 672 2463 Bergkio
704 2414 745 2451 et
775 2411 973 2451 Meinekio
1015 2411 1088 2450 hoc
1123 2411 1159 2448 f1
1163 2411 1394 2460 agmentum
1426 2422 1515 2448 cum
1545 2421 1634 2458 pro-

58 2470 165 2510 ximo
198 2467 291 2523 (47)
323 2469 663 2521 coniungentibus
693 2481 776 2509 non
806 2468 1024 2508 adsentior.

813 2580 867 2623 47

391 2661 601 2718 χλανίδες
631 2658 674 2704 δ’
706 2652 839 2704 οὖλαι
872 2659 1243 2715 καταβέβληνται,

391 2729 582 2787 θώρακα
614 2727 654 2772 δ’
690 2728 809 2780 ἅπας
840 2729 1156 2786 ἐμπερονᾶται,

393 2798 554 2855 κνημὶς
585 2799 634 2842 δὲ
666 2798 770 2854 περὶ
800 2795 985 2854 σφυρὸν
1016 2795 1284 2850 ἄρθροῦται,

394 2867 594 2924 βλαύτης
623 2865 668 2910 δ’
700 2865 849 2917 οὐδεὶς
880 2864 943 2909 ἔτ’
976 2867 1088 2920 ἔρως
1118 2867 1297 2919 λευκῆς,
