1872 3224
172 177 256 218 340
804 171 1103 207 ΕΤΠοΛΙΔοΣ

232 328 235 330 ,
286 281 429 320 Pollux
461 281 498 328 9,
530 279 584 317 47
616 276 666 316 ἓν
703 274 747 316 δὲ
785 277 865 316 τῶν
902 276 1050 316 κοινῶν
1087 275 1373 328 βιβλιοθῆκαι,
1411 271 1440 327 ἢ
1476 270 1531 322 ὥς
1569 271 1750 323 Εὔπολίς

173 348 299 390 φησιν
329 331 387 376 οὗ
415 334 468 376 τὰ
499 333 675 388 βιβλία
707 332 845 374 α’ίνια.
895 332 963 373 καὶ
992 329 1090 372 αὐτὸ
1129 326 1194 384 ἐφ’
1235 329 1365 373 αὑτοῦ
1403 328 1592 388 (βιβλία).
1643 329 1751 372 οὕτω

171 389 245 448 γὰρ
277 392 346 433 τὸν
375 392 511 442 τόπον,
542 386 594 431 οὗ
623 389 669 430 τὰ
700 391 848 444 βιβλία,
881 391 923 431 οἷ
945 387 1112 430 Ἀττικοὶ
1144 386 1376 443 ὠνόμαζον·
1409 387 1543 443 ὥσπερ
1570 387 1751 438 καὶτοὺς

170 451 316 498 ἄλλους
361 449 508 497 τόπους
552 446 632 488 ἀπὸ
677 454 764 488 ταῖν
808 447 853 488 ἐν
896 445 1034 496 αὐτοῖς
1071 446 1421 501 πιπρασκομένων,
1462 443 1518 495 ὥς
1557 447 1594 487 εἰ
1629 449 1754 498 φαῖεν

173 506 376 559 ’ἀπῆλθον
407 505 446 554 ἐς
487 505 667 558 τοῦψον,
698 505 766 546 καὶ
796 504 836 554 ἐς
867 504 938 546 τὸν
967 500 1093 557 οἶνον,
1124 504 1191 546 καὶ
1222 504 1261 554 ἐς
1291 504 1496 555 τοῦλαιον,
1525 502 1594 544 καὶ
1623 501 1664 552 ἐς
1684 495 1754 552 τὰς

170 565 330 618 χύτρας,
351 563 417 603 καὶ
438 562 538 603 κατὰ
560 562 630 603 τὸν
653 562 838 603 Εὔπολιν
860 566 1083 617 περιῆλθον
1099 586 1154 592 -
1169 561 1318 617 γέλγη’.
1350 564 1520 604 Photius
1541 564 1583 602 et
1604 562 1752 602 Suidas

171 621 347 672 τοῦψον·
374 620 508 674 ὥσπερ
529 621 596 661 καὶ
615 619 661 660 τὸ
681 622 898 674 παρῆλθον
919 644 969 650 —-
993 618 1230 673 λιβανωτόν.
1263 621 1395 661 Schol.
1418 619 1625 671 Aristoph.
1646 619 1749 660 Rau.

173 681 281 720 1068
314 677 495 726 Εὔπολις
525 681 748 732 περιῆλθον
788 679 843 725 εἰς
874 673 921 717 τὰ
952 677 1126 731 σκόροδα
1156 675 1224 717 καὶ
1255 676 1302 717 τά
1332 675 1532 730 κρόμμυα.
1582 677 1752 717 Ammo-

169 739 260 777 nius
291 752 328 788 p.
362 739 414 777 62
447 733 554 776 εὐθὺ
586 742 670 776 ταῖν
698 733 932 789 ἀρωμάτων.
983 736 1115 776 Schol.
1155 737 1281 775 Arist.
1314 736 1404 775 Pac.
1440 735 1549 775 1158
1578 736 1622 775 et
1649 733 1753 775 Bek-

171 796 254 834 ker.
286 795 440 834 Anecd.
478 794 574 843 450,
609 795 661 834 23
692 792 851 847 λέγουσι
881 790 921 832 δ’
955 791 1052 832 ἔνιοι
1082 791 1150 832 καὶ
1179 793 1226 832 τὰ
1267 790 1417 844 ἄλφιτα
1446 788 1661 845 ἀρώματα,
1697 787 1754 838 ὥς

169 848 266 901 παρ’
300 847 500 890 Εὐπόλιδι
530 849 614 891 ‘nai
636 849 705 891 τὸν
725 853 759 891 λ.
782 874 836 879 -
857 846 1110 902 ἀρωμάτων’,
1131 847 1222 889 ἀντὶ
1242 850 1312 889 τοῦ
1334 855 1414 889 τῶν
1433 846 1627 901 ἀλφίτων.
1660 849 1751 890 Pol-

170 910 238 949 lux
271 911 309 961 3,
352 910 431 948 127
477 904 524 947 τά
568 907 888 961 πιπρασκόμενα,
927 907 1093 961 φορτία,
1125 906 1281 960 ῥῶπος,
1321 901 1602 961 ἀγοράσματα,
1632 903 1754 957 ἄνια,

170 963 301 1019 γέλγη,
345 965 381 1006 εἰ
422 963 475 1017 μὴ
515 959 802 1019 κωμικῶτερον.
861 966 1035 1018 Hesych.
1075 961 1286 1017 ἀρώματα·
1321 997 1330 1005 .
1364 994 1374 1004 .
1407 996 1416 1005 .
1456 962 1524 1004 καὶ
1562 960 1643 1004 ἀπὸ
1682 968 1754 1004 τοῦ

169 1021 299 1076 ἀροῦν
330 1020 376 1063 τά
407 1021 558 1073 ἄλφιτα
589 1021 694 1063 οὕτω
725 1021 888 1076 λέγεται.
940 1024 1045 1063 idem
1075 1020 1216 1075 γέλγη·
1250 1019 1272 1062 ὅ
1303 1022 1438 1075 ῥῶπος
1462 1053 1469 1060 .
1494 1051 1502 1060 .
1526 1051 1535 1061 .
1565 1019 1634 1062 καὶ
1663 1018 1752 1062 κτέ-

170 1095 247 1128 νες.
278 1083 561 1134 γελγοπωλεῖν·
594 1080 868 1133 ῥωποπωλεῖν.
899 1082 1187 1120 παντοπωλεΐν.
1223 1081 1273 1119 cf.
1295 1081 1506 1131 Hermipp.
1531 1081 1594 1120 13.
1634 1079 1755 1120 aliter

170 1139 361 1189 Apollon.
394 1140 470 1178 lex.
503 1140 570 1187 41,
604 1140 656 1178 29
690 1142 731 1178 et
763 1139 906 1178 Suidas
936 1134 1126 1190 ἀρώματα
1161 1138 1282 1188 (male
1312 1133 1469 1190 ἀρόμ.)·
1513 1133 1562 1176 οὐ
1593 1134 1640 1176 τὰ
1669 1139 1752 1176 θυ-

168 1191 345 1247 μιάματα
376 1194 561 1248 λέγουσιν
591 1196 633 1235 οἷ
654 1191 836 1246 Ἀττικοί,
867 1193 966 1235 ἀλλὰ
998 1193 1045 1234 τὰ
1077 1192 1307 1247 ἐσπαρμένα
1339 1191 1476 1249 (sata).
1508 1195 1556 1236 cf.
1575 1194 1753 1237 Lobeek.

170 1254 372 1304 Phrynioh
412 1255 508 1293 227.
550 1254 655 1304 apud
694 1254 872 1304 Eupolin
902 1250 949 1292 τὰ
988 1250 1227 1304 θυμιάματα
1259 1253 1450 1293 videntur
1478 1252 1754 1305 intellegenda

170 1323 270 1350 esse,
309 1312 433 1351 verba
472 1304 523 1350 οὗ
553 1304 665 1365 (χοῧ)
705 1305 753 1349 τὰ
791 1311 829 1363 β.
863 1309 965 1350 clima
1009 1311 1052 1350 in
1096 1311 1175 1350 fine
1214 1311 1373 1350 addidit
1410 1309 1608 1362 Bergkius
1638 1309 1685 1353 B.
1715 1309 1750 1350 οξ

167 1368 257 1407 Att.
289 1369 386 1408 355.
417 1369 466 1407 de
497 1369 654 1409 dicendi
685 1381 831 1420 genere
862 1369 912 1410 cf.
943 1381 1046 1419 quae
1067 1368 1353 1408 adnotavimus
1373 1367 1424 1407 ad
1444 1367 1654 1419 Aristoph.
1675 1366 1752 1419 Eq-

173 1427 268 1465 857.
301 1426 350 1464 ad
381 1426 645 1466 Marieantem
675 1428 842 1477 propter
871 1427 921 1466 fr.
957 1426 1035 1466 187
1068 1425 1228 1466 rettulit
1253 1425 1463 1478 Bergkius.
1578 1421 1588 1428 ⁴

922 1560 1008 1603 305

380 1642 446 1689 τίς
478 1637 739 1695 οὑξεγείρας
767 1634 816 1694 μ’
852 1640 997 1689 ἐστίν;
1030 1639 1212 1695 οἰμώξει
1242 1636 1418 1695 μακρά,

375 1707 473 1763 ὁτιή
504 1706 555 1764 μ’
587 1706 802 1763 ἀνέστησ’
835 1706 1094 1763 ὤμόυπνον.

283 1803 456 1843 Zonaras
489 1804 569 1844 605
603 1801 821 1856 ἐγερθῆναι
852 1801 891 1852 ἕξ
922 1801 1071 1855 ὕπνου,
1092 1800 1317 1856 ἀναστῆναι
1338 1808 1392 1859 τῷ
1414 1801 1578 1855 σώματι.
1610 1801 1750 1844 Εὔπο-

169 1862 250 1907 λις·
283 1859 341 1907 τίς
371 1862 455 1900 κτλ.
478 1861 615 1900 eadem
636 1862 723 1901 cod.
745 1861 922 1901 Naniani
944 1862 1047 1912 apud
1070 1862 1357 1914 Mingarellum
1378 1875 1418 1912 p.
1441 1862 1539 1902 492.
1571 1861 1623 1901 ef.
1647 1861 1750 1902 Titt-

168 1931 302 1957 mann.
330 1917 463 1957 Praef.
487 1919 667 1958 Zonarae
688 1918 891 1960 XXXVII.
933 1911 1095 1970 οἰμώξει
1115 1931 1358 1970 quamquam
1379 1921 1442 1959 est
1461 1932 1569 1969 pers.
1593 1919 1632 1972 2,
1653 1919 1750 1959 Mei·

167 1975 277 2014 nekii
314 1970 478 2026 ἀνίστης
516 1988 598 2015 non
638 1989 737 2027 opus
775 1978 849 2016 est.
891 1979 1028 2027 potest
1066 1977 1135 2027 qui
1174 1977 1356 2027 loquitur
1393 1976 1509 2017 uxori
1538 1976 1604 2017 vel
1634 1989 1750 2018 servo

168 2032 324 2082 minari,
366 2033 472 2084 quod
511 2033 615 2072 alter
652 2033 814 2084 quidam
851 2034 962 2073 nullo
998 2034 1235 2085 prohibente
1275 2046 1317 2073 se
1353 2047 1399 2074 ex
1432 2046 1572 2074 somno
1603 2034 1748 2074 excita-

168 2090 285 2129 verit.
318 2091 427 2130 vocis
459 2086 679 2140 ὠμόυπνον
708 2092 958 2141 paenultima
988 2092 1094 2143 apud
1125 2092 1298 2131 comicos
1329 2092 1556 2132 necessario
1587 2091 1750 2142 corripi-

168 2148 254 2186 tur:
287 2150 535 2198 quapropter
563 2161 692 2199 neque
723 2145 820 2187 ὅντα
853 2146 1017 2202 (Mein.)
1048 2161 1177 2200 neque
1198 2144 1285 2187 ὅντ’
1309 2145 1365 2187 ἔτι
1395 2145 1624 2202 (Herwerd.
1647 2148 1750 2190 Nov.
1795 2177 1806 2189 .

169 2202 257 2242 add.
290 2205 378 2246 erit.
413 2204 457 2258 8)
490 2206 671 2256 suppleri
702 2208 851 2256 potest.
882 2201 1096 2255 ὥμόυπνος
1127 2208 1190 2246 eet
1221 2206 1350 2246 ‘cuius
1372 2219 1535 2246 somnus
1565 2205 1750 2246 nondum

168 2261 218 2300 ad
250 2263 527 2302 maturitatem
558 2263 761 2313 pervenit'
794 2263 966 2304 Meinek.
998 2264 1101 2303 conl.
1133 2259 1361 2315 ὠμογέρων.

919 2397 1003 2440 306

374 2473 490 2528 εἶδες
520 2475 717 2533 χορηγὸν
747 2477 928 2520 πώποτε
959 2477 1286 2534 ρὐπαρώτερον

374 2546 531 2595 τοῦδε;

281 2627 425 2667 Pollux
457 2631 496 2680 3,
522 2631 603 2669 115
636 2627 810 2669 Πλάτων
839 2626 884 2669 δὲ
915 2627 960 2669 ἐν
990 2627 1228 2684 Παρμενίδῃ
1257 2626 1324 2668 καὶ
1357 2625 1542 2682 ῥυπαρὸν
1571 2627 1744 2683 εἴρηκεν.

170 2681 350 2732 Εὔπολις
382 2682 427 2723 δὲ
456 2688 537 2724 κτλ.
569 2689 723 2726 θᾶττον
751 2684 806 2727 ἀν
836 2686 905 2726 τοῦ
934 2685 1101 2739 αἵματος
1130 2683 1159 2738 ἢ
1187 2684 1400 2739 χρημάτων
1427 2684 1622 2738 μεταδούς
1651 2699 1745 2728 τινι.

169 2742 293 2782 verba
339 2745 518 2782 extrema
562 2757 644 2784 non
687 2745 903 2796 Eupolidis
940 2748 1030 2784 esse'
1065 2744 1135 2784 sed
1174 2743 1351 2783 Pollucis
1390 2743 1440 2783 ad
1477 2744 1746 2784 imitationem

170 2798 454 2839 Demosthenis
480 2803 544 2850 19,
558 2803 640 2841 254
658 2803 923 2853 transscripta
938 2801 1162 2842 Meinekius
1178 2802 1350 2840 monuit.
1372 2801 1508 2841 littera
1529 2798 1748 2856 ῥ(ρυπαρ.)

168 2856 319 2896 vocalis
349 2870 367 2895 ε
399 2855 597 2912 (πώποτε)
628 2860 875 2910 producitur.
