1872 3224
647 188 858 223 ΑΔΗΛΩΝ
883 189 1157 225 ΔΡΑΜΑΤΩΝ
1619 194 1700 237 103

14 280 42 327 ἶ
106 295 204 337 Hoc.
232 295 360 346 praef.
392 294 530 334 LVIII
567 291 637 365 (οεζ
669 295 719 335 fr.
753 294 870 347 310).
911 296 1110 347 Bergkius
1149 298 1197 339 R
1237 311 1267 338 0
1300 298 1388 341 Att
1423 299 1505 338 287
1537 295 1619 338 ὑπὸ
1651 297 1691 339 «1

60 372 62 374 v
102 350 191 406 Ἡρ.
222 365 264 394 π.
293 348 356 392 ἀεὶ
383 349 390 404 Ι
417 348 541 391 ταύτὰ
572 351 640 391 καὶ
672 351 925 401 σκώπτοντος
956 349 1004 392 οὐ
1034 350 1182 406 βιωτόν
1212 353 1304 395 ἐστι.
1339 359 1381 397 at
1411 357 1504 397 talis
1536 361 1698 398 senten-

30 419 54 456 ᾗ
106 411 166 452 tia
193 424 277 451 non
307 410 450 450 melico
482 411 651 450 carmini
682 411 752 450 sed
774 412 889 451 unice
919 413 1104 462 parabasi
1125 427 1226 464 quae
1246 416 1409 466 proprie
1434 415 1583 454 dicitur
1604 429 1696 456 0011-

33 499 51 511 „
106 469 231 510 venit.
262 469 312 510 cf.
346 468 554 519 Aristoph.
586 468 678 508 Pac.
713 470 794 508 739
807 482 868 520 sq.
900 470 1043 509 eadem
1075 471 1123 510 de
1155 484 1273 512 causa
1292 485 1420 523 neque
1452 486 1498 512 ea
1518 473 1603 513 sola
1622 475 1698 513 rei-

107 527 251 568 cienda
279 528 342 567 est
371 526 674 566 Wilamowitzii
712 527 944 566 coniectura
987 525 1104 581 (Obs.
1138 529 1226 568 crit.
1261 526 1348 583 38).
1387 531 1586 571 Hercules
1616 545 1698 571 non

50 594 54 595 ’
107 582 299 634 σκώπτει,
334 584 404 624 sed
435 581 679 623 σκώπτεταιε
711 585 852 636 itaque
885 585 1006 624 verba
1035 582 1103 624 καὶ
1136 583 1386 636 σκώπτοντος
1418 602 1467 628 ex
1486 589 1696 640 Aristoph.

33 632 45 661 3
105 643 199 684 Pac.
231 644 316 683 740
346 642 472 682 inlata
502 642 692 682 videntur
721 656 795 693 pro
827 643 978 682 rariore
1007 641 1236 694 λαιμάττειν
1258 643 1388 696 (Εο01.
1416 645 1557 698 1176),
1589 648 1697 699 quod

7 697 28 733 ὲ·
105 702 352 752 posteriores
384 698 621 752 λαιμώττειν
650 701 824 740 scribere
854 701 1039 740 solebant
1068 698 1257 755 (Nicand.
1288 703 1407 746 Ther.
1440 706 1537 744 470.
1577 706 1694 746 Alex.

22 800 33 806 ἢ
107 757 223 811 352).
256 759 515 800 scribendum
544 759 673 811 igitur
702 771 845 798 censeo

229 835 311 879 ὑπὸ
341 835 379 879 δ’
408 835 656 893 Ἡρακλέους
671 843 907 909 ,πεινῶντος
937 835 1000 879 ἀεὶ
1029 838 1314 892 λαιμάττοντός
1345 856 1385 881 τε
1419 840 1568 896 [βόεια]

227 893 303 937 οὐκ
335 895 415 936 ἔστι
445 894 597 950 βιωτὸν
625 893 681 936 ξ”τ
717 893 1019 951 [ἀνθρώποις]·

18 988 28 1036 μ’
107 980 284 1019 ceterum
323 993 371 1019 ex
415 979 492 1019 1100
530 979 760 1031 fragmento
799 991 894 1019 cons
899 980 960 1018 tat
1006 980 1104 1018 talia
1140 982 1381 1035 argumenta
1417 994 1499 1021 non
1537 984 1695 1023 mediae

0 1038 6 1068 ἓ
39 1058 42 1060 v
106 1037 334 1077 comoediae
364 1038 528 1088 propria
558 1037 695 1077 fuisse.

219 1167 222 1170 .
852 1126 938 1170 309

153 1205 377 1252 κάνθένὸ’
411 1206 487 1251 ἐπὶ
517 1206 714 1262 τέρματα
743 1210 828 1263 γῆς
856 1205 980 1263 ἥξεις
1010 1206 1087 1250 καὶ
1116 1207 1405 1265 Κισθήνης’
1390 1207 1497 1265 όρος
1527 1208 1646 1263 ὄψει.

220 1285 690 1344 Η61Ρο01.Κισθήνη·.
732 1289 854 1344 ,ὄρος
876 1296 946 1344 τῆς
968 1289 1142 1349 Θρᾴκης.
1172 1294 1375 1346 Κρατῖνος
1397 1297 1479 1335 κτλ.
1509 1293 1572 1335 ἐπὶ
1592 1296 1639 1334 τὰ
1660 1311 1694 1339 τ.

104 1353 153 1393 Β.
185 1349 394 1402 κισθήνην
415 1306 852 1402 Α.Ρ1101.Κισθήνη·
883 1348 976 1403 ὅρος
998 1357 1069 1404 τῆς
1095 1348 1269 1405 Θράκης.
1303 1365 1326 1390 a
1345 1355 1484 1393 monte
1506 1353 1694 1394 Cisthene

105 1409 415 1452 discernendum
453 1411 515 1448 est
554 1408 746 1459 oppidum
777 1409 930 1460 Mysiae
963 1407 1106 1462 (Isocr.
1138 1410 1186 1461 4,
1222 1406 1338 1463 153).
1385 1410 1435 1450 cf.
1475 1410 1522 1451 G.
1553 1412 1692 1452 Herm.

104 1468 248 1509 Aesch.
279 1467 322 1506 Π
355 1467 504 1518 124sq.
553 1469 731 1506 ceterum
769 1479 853 1506 non
883 1466 1094 1515 Thraciae,
1136 1467 1205 1507 sed
1245 1467 1401 1519 Libyae
1431 1469 1497 1509 vel
1528 1470 1693 1510 Aethio-

102 1527 192 1578 piae
237 1538 353 1565 mons
395 1525 555 1565 videtur
598 1524 734 1564 fuisse.
787 1523 1005 1564 Cisthenen
1043 1523 1163 1565 πόλιν
1202 1520 1365 1577 Λιβύης
1400 1521 1429 1577 ἢ
1467 1526 1693 1576 Αἰθιοπίας

105 1584 248 1625 dicunt
285 1583 408 1624 schol.
450 1582 594 1623 Aesch.
638 1581 775 1622 Prom.
818 1583 914 1623 793.
952 1583 1002 1622 ad
1042 1583 1250 1634 Seriphios
1288 1584 1384 1623 satis
1427 1585 1694 1635 probabiliter

102 1643 269 1694 propter
299 1642 351 1682 fr.
383 1643 481 1682 207.
504 1643 530 1682 8
569 1640 818 1692 Meinekius,
860 1640 911 1679 ad
951 1641 1137 1681 Deliades
1174 1641 1324 1692 Bergk.
1365 1641 1412 1681 R.
1444 1655 1476 1682 c.
1516 1643 1605 1682 Att.
1638 1644 1693 1682 44

103 1700 319 1740 referebat.

851 1764 937 1808 310

163 1840 292 1891 οὗτοι
323 1844 367 1889 δ’
401 1846 518 1889 εἰσὶν
550 1845 843 1901 συοβοιωτοί,
876 1845 1255 1901 κρουπεζοφόρον
1284 1846 1416 1901 γένος
1446 1844 1643 1904 ἀνδρῶν.

221 1932 353 1974 Schol.
384 1931 553 1970 Pindari
585 1930 747 1981 Olymp
781 1931 819 1979 6,
855 1929 935 1968 152
975 1926 1035 1967 ὅτι
1065 1926 1133 1967 διὰ
1172 1925 1247 1980 τὴν
1276 1925 1484 1998 ἀγροικίαν
1522 1930 1590 1971 καὶ
1619 1929 1692 1984 τὴν

103 1986 338 2043 ἀναγωγίαν
367 1985 411 2027 τὸ
433 1985 607 2027 παλαιὸν
628 1986 669 2026 οἶ
686 1984 853 2026 Βοιωτοὶ
871 1979 942 2034 υες
964 1984 1200 2037 ἐκαλοῦντο,
1229 1983 1447 2040 καθάπερ
1504 1990 1691 2041 ,Κρατῖ-

105 2062 174 2096 νος
190 2049 273 2087 κτλ.
296 2044 544 2098 συοβοιωτοί,
564 2039 887 2098 κρουπεζοφόρον
906 2044 1110 2085 Porsonus
1131 2045 1270 2096 Eurip.
1290 2045 1386 2085 Hec.
1408 2047 1535 2097 praef.
1553 2045 1688 2113 LVII]

104 2101 392 2158 συοβοιωτικόν
419 2101 654 2154 πεζοφόρον.
694 2102 839 2142 Pollux
870 2104 907 2151 7,
941 2103 994 2142 87
1030 2099 1378 2156 κρουπεζοφόρους
1409 2100 1451 2142 δ’
1483 2098 1569 2144 εἷπε
1599 2100 1691 2152 τοὺς

105 2160 308 2209 Βοιωτοὺς
338 2163 551 2214 Κρατῖνος.
584 2159 981 2213 Ρ1101.συοβοιωτοί·
1013 2158 1108 2208 σύες
1139 2158 1214 2212 γὰρ
1235 2157 1453 2201 ἐκαλοῦντο
1473 2161 1514 2202 οἰ
1529 2161 1692 2202 παλαιοὶ

102 2219 288 2262 Βοιωτοί.
321 2220 371 2260 cf.
395 2232 497 2271 quae
528 2218 810 2259 adnotavimus
831 2218 881 2257 ad
907 2218 1173 2268 Cephisodori
1198 2213 1286 2258 Tv.
1319 2218 1690 2272 Ρ1101.κρουπε’ζαι”

105 2277 286 2328 ξύλινα
316 2273 638 2329 υποδήματα,
672 2273 715 2315 ἐν
745 2269 806 2323 οἷς
836 2273 907 2323 τὰς
939 2273 1073 2323 ἐλαίας
1106 2273 1290 2318 ἐπάτουν.

851 2387 932 2430 311

361 2469 601 2522 κοκκύζειν
631 2466 714 2512 τὸν
743 2465 1016 2525 ἀλεκτρυόν’
1051 2465 1136 2511 οὐκ
1168 2466 1418 2524 ἀνέχονται.

218 2553 455 2593 Eustathius
499 2554 627 2602 1479,
658 2554 713 2592 43
752 2549 864 2603 παρὰ
895 2551 1095 2607 Κρατίνῳ.
1136 2552 1306 2594 Bekker.
1344 2552 1497 2593 Anecd.
1531 2555 1598 2603 21,
1632 2555 1686 2592 24

104 2625 147 2650 το
177 2607 222 2649 δὲ
251 2609 461 2659 κοκκύζει-ν
489 2608 655 2662 κωμικοὶ
686 2607 882 2662 λέγουσιν.
926 2623 975 2649 ex
1004 2623 1123 2651 versu
1162 2610 1415 2660 anapaestico
1454 2613 1688 2662 excerptum

102 2668 277 2710 videtur.
328 2681 418 2708 cum
446 2664 667 2720 ἀνέχεσθαι
696 2681 786 2708 011111
823 2667 1025 2708 infinitivo
1057 2668 1315 2707 coniunctum
1345 2668 1596 2708 rarissimum
1635 2669 1688 2708 sit

104 2723 263 2779 (Eurip.
295 2725 444 2766 Phoen.
477 2727 572 2775 547,
610 2726 680 2766 ubi
716 2728 854 2765 tamen
884 2721 1099 2777 ἀπονεμεῖς
1129 2738 1202 2776 pro
1233 2721 1451 2777 ἀπονέμειν
1482 2725 1686 2767 Porsonus

106 2783 187 2823 557
219 2783 281 2823 ed.
304 2781 433 2837 suae),
464 2784 634 2824 forsitan
654 2783 913 2824 scribendum
943 2784 998 2823 sit
1028 2780 1273 2829 κοκκύζοντα
1294 2778 1335 2821 δ’
1359 2779 1421 2822 ἀλ.
1454 2783 1503 2823 ’(16
1526 2783 1688 2835 Sybari-

104 2840 158 2880 tis
179 2841 291 2891 loqui
311 2841 484 2882 videtur.
515 2840 662 2881 Athen.
688 2842 750 2890 12,
777 2841 860 2880 518
878 2854 898 2880 0
915 2841 954 2880 d.
986 2841 1035 2880 de
1066 2841 1303 2891 cognatione
1332 2840 1448 2881 verbi
1477 2837 1689 2888 κοκκύζειν

105 2910 196 2938 011111
221 2899 388 2938 nomine
409 2899 507 2950 galli
527 2899 634 2949 apud
654 2899 801 2938 multas
831 2900 972 2949 gentes
994 2898 1176 2949 disputat
1197 2897 1328 2938 Hehn.
1350 2897 1567 2950 Kulturpfl.
1589 2900 1687 2939 523.
