1872 3224
247 207 328 249 110
890 201 1140 235 ΚΡΑΤΙΝΟΤ

243 314 396 351 lentum
424 310 705 362 patrimonium
734 308 936 359 possidere
967 307 1213 354 credebatur,
1235 306 1410 345 moriens
1431 305 1589 346 duobus
1609 305 1703 347 filiis
1722 311 1810 362 nol}

242 371 331 419 plus
368 382 483 419 quam
520 367 618 405 dena
654 366 816 415 reliquit
853 361 967 418 (Lys.
1003 365 1074 412 19,
1114 362 1208 415 46),
1247 363 1298 401 ab
1336 363 1611 404 adulatoribus
1647 364 1811 417 ingulfi}

241 427 407 476 pecunia
436 425 627 474 spoliatus
660 422 824 474 (Athen.
858 424 931 470 12,
966 422 1046 460 537
1065 418 1121 474 c).
1181 420 1494 470 Xenophonteus
1523 419 1811 463 Ischomachus

243 482 302 534 (in
324 479 436 534 Oec.)
467 481 515 520 ab
545 481 618 520 hoc
647 480 806 519 videtur
826 480 1004 519 diversus
1026 478 1148 517 fuisse
1171 476 1364 531 (Boeckh.
1387 477 1483 518 Oec.
1507 476 1624 518 Ath.²
1643 478 1664 518 Ῑ
1685 474 1811 535 633’ἶ)’.ν4
1836 500 1840 501 ’

241 542 447 591 Myconius
475 537 749 577 Ischomachus
780 550 850 587 per
889 537 1019 575 iocum
1057 536 1215 574 dicitur.
1277 532 1502 586 φιλόδωρος
1538 535 1602 576 hic
1637 540 1700 576 est
1737 537 1812 589 qn}

241 599 397 637 libenter
425 599 555 643 donat,
586 596 614 634 i.
646 608 679 634 e.
710 595 892 634 liberalis.
943 593 1065 633 verba
1095 592 1247 632 Cratini
1277 592 1416 632 multis
1446 592 1577 632 modis
1606 594 1816 645 temptnh'·

241 658 342 693 sunt.
371 654 518 704 quain
556 666 598 690 re
635 652 854 690 tenendum
893 653 953 690 est
989 651 1162 690 nominis
1201 647 1397 696 Βίύκονος
1435 650 1608 700 primam
1644 648 1806 703 corripi.

239 712 457 750 Meinekius
487 709 570 755 πῶς
592 702 667 748 οὖν
695 705 749 747 dlv
780 705 864 758 (καὶ
894 707 977 754 πῶς
1007 703 1080 761 οἲν)
1108 703 1340 758 Ἰσχομάχου
1371 699 1423 746 σύ
1451 698 1624 760 γεγονὼς
1654 708 1805 748 Μυκο-
1849 743 1852 746 ,

238 768 326 806 νίου
353 768 358 818 1
385 764 600 818 φιλόδωρος
633 762 718 818 [ἂν]
750 764 857 816 εἴης;
889 765 1014 804 Cobet
1043 765 1189 803 Mnem.
1221 765 1257 802 X
1279 765 1360 803 173
1393 769 1479 811 πῶς
1508 761 1564 804 ἄν
1593 777 1654 812 τις
1679 761 1808 818 Ἰδχσ*

237 822 363 876 μάχου
393 821 561 877 γεγονὼς
591 824 660 862 τοῦ
699 822 915 861 Μυκονίου
941 821 947 875 Ι
974 820 1194 874 φιλόδωρος
1233 820 1317 872 εἴη;
1355 822 1406 861 N.
1438 823 1466 861 1.
1501 824 1582 862 14⁷
1612 822 1808 869 Moinokii²
1852 819 1872 900 3

239 883 502 921 coniecturam
532 883 578 919 ut
607 895 717 920 suam
747 881 962 931 proposuit.
999 892 1088 920 cum
1118 893 1167 918 ne
1198 879 1246 918 de
1277 883 1407 919 metro
1439 879 1600 930 quidem
1630 881 1802 932 constet,
1859 902 1872 926 2

237 940 343 978 inter
371 939 541 978 iambica
570 938 794 989 fragmenta
824 938 1028 977 conlocare
1057 938 1181 976 nolui.
1782 943 1808 957 ⁰
1862 935 1872 961 ⁴

972 1049 1056 1091 329

349 1146 537 1185 Aelianus
567 1146 616 1184 V.
648 1146 686 1184 h.
713 1147 748 1193 2,
775 1145 825 1182 13
857 1140 1056 1194 εὐδοκίμει
1086 1140 1126 1182 δ’
1159 1138 1235 1183 οὖν
1264 1141 1375 1198 αὐτῷ
1413 1140 1728 1198 (Ἀριστοφάνει)
1758 1141 1802 1186 τὸ

238 1202 382 1254 δρᾶμα,
414 1201 479 1241 καὶ
507 1201 582 1255 γάρ
611 1216 670 1240 τοι
699 1201 740 1240 τὸ
771 1206 842 1240 τοῦ
871 1201 1072 1254 Κρατίνου
1103 1206 1218 1241 τοῦτο
1249 1200 1399 1255 συνέβη
1421 1200 1553 1241 εἴποτε
1573 1200 1713 1243 ἄλλοτε
1732 1200 1803 1243 καὶ

237 1258 334 1311 τότε,
366 1260 416 1313 τῷ
454 1259 610 1314 θεάτρῳ
648 1259 813 1311 νοσησαι
852 1257 920 1306 τὰς
958 1256 1121 1311 φρένας.
1181 1260 1353 1299 Bekker.
1385 1260 1537 1299 Anecd.
1569 1274 1608 1311 p.
1641 1261 1711 1314 52,
1746 1259 1825 1305 28,

235 1320 368 1355 νοσεῖν
398 1310 464 1363 τοὶς
495 1315 662 1368 φρένας·
694 1319 828 1355 νοσεῖν
858 1314 929 1355 τὸν
959 1322 1070 1356 νοῦν.
1121 1318 1244 1357 verba
1273 1320 1416 1368 poetae
1445 1330 1528 1357 non
1557 1330 1638 1358 uno
1668 1318 1799 1371 metro

235 1375 431 1424 modoque
460 1375 618 1413 restitui
647 1378 832 1424 possunt3
873 1375 940 1414 sed
973 1375 1267 1424 simplicissime
1306 1376 1448 1425 opinor
1483 1375 1592 1414 trim.
1622 1372 1798 1416 iambico

237 1428 418 1484 (συνέβη)
449 1428 530 1469 καὶ
561 1431 620 1484 τῷ
650 1430 842 1485 θεάτρῳ
872 1429 978 1471 τότε
1010 1436 1218 1483 νοσῆσαι
1248 1430 1331 1479 τὰς
1363 1429 1570 1484 φρένας.

971 1544 1055 1586 330

347 1625 572 1664 Athenaeus
604 1627 642 1673 2,
675 1627 725 1665 69
741 1626 766 1664 d
796 1627 993 1675 Κρατῖνος
1025 1624 1069 1665 δέ
1099 1637 1199 1678 φησι
1229 1625 1399 1675 Φάωνος
1439 1625 1687 1680 ἐρασθεῖσαν
1723 1623 1799 1681 τὴν

232 1675 469 1733 Ἀφροδίτην
499 1680 542 1720 ἐν
572 1696 594 1720 κ
607 1697 632 1720 α
641 1684 661 1720 λ
670 1697 695 1720 α
706 1686 747 1729 ῖς
778 1686 809 1721 θ
818 1698 839 1736 ρ
853 1698 866 1721 ι
876 1684 899 1722 δ
909 1699 933 1722 α
942 1699 966 1722 κ
977 1683 1054 1722 ίνα
1064 1698 1077 1721 ι
1087 1700 1106 1731 ς
1137 1681 1263 1724 αὐτὸν
1291 1680 1540 1738 ἀποκρύψαι.

970 1797 1074 1839 331'

345 1888 573 1928 Athenaeus
607 1890 671 1936 13,
704 1891 784 1929 596
806 1890 831 1928 b
857 1887 1068 1942 Ἡρόδοτος
1100 1884 1138 1929 δ’
1178 1887 1310 1943 αὐτὴν
1346 1888 1573 1945 (Δωρίχην)
1599 1888 1798 1932 Ῥοδῶπιν

233 1943 355 1994 καλεῖ,
385 1940 540 1996 ἀγνοῶν
570 1943 629 1984 ὅτι
660 1943 767 1999 ἑτέρα
797 1951 866 1998 τῆς
896 1947 1083 1999 Δωρίχης
1115 1946 1221 1988 ἐστὶν
1250 1946 1368 2001 αὕτη,
1399 1946 1424 2001 ἡ
1454 1947 1523 1988 καὶ
1560 1942 1653 1997 τούς
1681 1963 1794 2003 περι-

234 1995 400 2049 βοήτους
431 1998 657 2052 ὀβελίσκους
694 2000 894 2043 ἀναθεῖσα
938 2003 982 2044 ἐν
1029 2007 1223 2057 Δελφοῖς,
1263 2000 1323 2045 ὧν
1359 2004 1552 2058 μέμνηται
1597 2007 1794 2060 Κρατῖνος

234 2053 299 2095 διὰ
332 2052 488 2097 τούτων.
520 2060 568 2097 cf.
602 2061 750 2100 Herod.
783 2062 819 2110 2,
846 2063 939 2100 134.
972 2063 1078 2103 Plut.
1110 2064 1211 2102 Mor.
1243 2065 1327 2104 400
1339 2064 1367 2103 f.
1398 2061 1464 2102 διὰ
1496 2062 1693 2104 Πλούτων
1718 2077 1794 2116 pro

235 2110 297 2151 διὰ
343 2113 493 2154 τούτων
535 2117 703 2156 Meinek.
754 2119 814 2157 ed.
859 2121 954 2158 min.
984 2119 1066 2159 VII
1103 2121 1206 2160 conl.
1252 2122 1402 2161 Athen.
1437 2123 1508 2171 13,
1543 2123 1626 2161 594
1649 2122 1686 2161 d.
1743 2122 1792 2164 cf.

233 2172 352 2209 etiam
381 2172 419 2209 V
449 2173 513 2211 23.

966 2265 1051 2308 332

343 2342 568 2383 Eustratius
610 2345 781 2385 Aristot.
835 2347 929 2387 Eth.
977 2348 1132 2388 Nicom.
1166 2350 1219 2389 65
1241 2350 1267 2389 b
1311 2343 1409 2389 ἄλλα
1455 2348 1524 2389 καὶ
1568 2344 1803 2403 Ἀρχίλοχος,
1845 2338 1857 2349 ”

232 2392 529 2451 (Ἀριστοφάνης
559 2402 717 2441 Ruhnk.
749 2403 851 2443 Vell.
882 2405 1033 2444 Patere.
1068 2408 1106 2454 1,
1138 2407 1162 2445 5
1193 2421 1230 2457 p.
1254 2409 1309 2447 20
1339 2408 1441 2450 conl.
1472 2408 1680 2459 Aristoph.
1711 2409 1791 2450 AV.

233 2455 314 2494 910
352 2468 436 2494 cum
475 2454 614 2512 schol.)
655 2458 721 2498 καὶ
763 2461 958 2512 Κρατῖνος
1003 2459 1090 2513 (καὶ
1130 2459 1364 2516 Ἀρχιλόχοις
1405 2465 1602 2517 Κρατῖνος
1642 2465 1803 2517 Bergk.=

231 2510 453 2554 Archiloch.
496 2514 603 2573 152)κ
630 2514 696 2555 καὶ
735 2517 981 2569 Καλλίμαχος
1018 2517 1063 2558 ἐν
1098 2523 1181 2567 τοῖς
1218 2516 1509 2573 ἐπιγράμμασιν
1543 2526 1792 2575 μαρτυροῦσι

233 2564 536 2624 (Μαργίτην)
566 2573 667 2611 εἶναι
691 2569 862 2627 Ὁμήρου
893 2573 936 2614 τὸ
966 2576 1128 2627 ποίημα.
1161 2577 1365 2617 ‘Cratinus
1386 2579 1553 2618 Homeri
1573 2580 1802 2632 Margitem.

231 2622 395 2664 fortasse
424 2627 466 2665 in
494 2628 740 2670 Archilochis
771 2636 1179 2674 commemoraverat’.
1210 2636 1381 2678 Meinek.

962 2744 1046 2786 333

342 2817 469 2858 Scho'l.
500 2820 663 2862 Luciani
691 2838 728 2875 p.
761 2827 839 2865 186
870 2826 1005 2866 Iacob.
1037 2822 1058 2865 ὅ
1087 2822 1161 2877 μὲν
1198 2827 1373 2876 Καλλίας
1403 2822 1540 2880 οὗτος,
1581 2825 1636 2878 ὥς
1674 2829 1784 2884 Κρα-
1839 2877 1843 2882 ,

229 2874 334 2919 τίνος
358 2871 588 2928 Ἀρχιλόχοις
618 2881 762 2932 φησίν,
793 2879 1024 2923 Ἱππονίκου
1061 2881 1148 2931 υἱὸς
1185 2878 1261 2937 ἦν,
1299 2879 1368 2926 τὸν
1404 2887 1534 2940 δῆμον
1571 2883 1784 2938 Μελιτεύς,
