1872 3224
650 216 893 252 ΕΤΝΕΙΔΑΙ
918 216 1153 252 ΘΡΑΙΤΤΑΙ
1640 215 1698 258 35

876 321 927 363 71

387 398 411 443 ὁ
443 399 775 456 σχινοκέφαλος
804 396 924 451 Ζεὺς
955 398 1033 443 ὅδε
1063 399 1363 456 προσέρχεται

382 469 657 526 Περικλέης,
688 467 880 526 τῴδεῖον
911 468 986 512 ε’πὶ
1016 472 1099 511 τοῦ
1131 471 1327 525 κρανίου

383 540 525 595 ἔχων,
559 538 715 595 ἐπειδή
748 536 1036 594 τοῦστρακον
1066 540 1345 595 παροίχεται.

223 623 428 664 Plutarch.
459 623 601 662 Pericl.
637 624 688 662 13
719 623 920 675 Κρατῖνος
953 619 998 661 ἐν
1029 620 1240 676 Θρᾴτταις.
1273 622 1418 662 Pollux
1452 624 1491 673 2,
1525 624 1579 662 43
1611 633 1697 675 σχι-

109 678 334 730 νοκέφαλον
364 677 409 719 δὲ
440 681 640 732 Κρατῖνος
672 677 742 719 τὸν
779 677 979 733 Περικλέα
1018 673 1115 719 εἶπε.
1163 678 1249 732 ὅδε]
1284 673 1319 719 οἷ
1356 676 1401 718 δὲ
1432 680 1475 720 O.
1508 677 1572 720 ὁδὶ
1602 682 1699 721 Mei-

107 739 264 782 nekius.
311 735 549 791 Περικλέης]
573 734 594 776 ὁ
616 735 837 791 Περικλέης
868 738 1106 778 Meinekius.
1138 741 1245 778 recte
1267 739 1353 778 sine
1376 739 1514 791 dubio,
1547 740 1582 779 si
1604 739 1698 778 Plu-

108 798 238 838 tarchi
283 797 439 837 codices
486 797 610 836 verba
650 799 794 847 poetae
840 797 1076 847 incorrupta
1118 796 1385 836 tradiderunt.
1432 809 1522 835 cum
1565 799 1699 836 autem

108 856 260 895 ‘iocoso
290 855 460 894 nomini'
494 850 535 907 (ὁ
565 864 626 905 σχ.
662 851 785 908 Ζεύς)
818 854 976 893 ‘verum
1008 854 1171 893 addere’
1205 850 1464 908 (Περικλέης)
1497 855 1699 894 insulsum

19 938 42 956 4
110 914 176 962 sit,
214 914 302 952 iure
341 912 519 952 Cobetus
552 909 664 965 (Var.
704 913 798 953 lect.
831 914 927 951 371.
962 910 1005 964 2)
1046 909 1267 964 Περικλέης
1309 912 1472 952 eiecisse
1510 913 1696 963 videtur3

109 983 189 1023 quo
221 970 327 1010 facto
359 970 617 1010 scribendum
650 972 712 1010 est
742 966 763 1008 ὁ
795 980 855 1021 σχ.
887 971 933 1008 Ζ.
965 967 1034 1008 ’ὅδε
1060 970 1066 1021 Ι
1092 967 1373 1022 προσέρχεται,
1405 966 1498 1024 τῴὃ.
1532 967 1598 1008 ἐπὶ
1628 974 1702 1009 τοῦ

109 1043 170 1082 κρ.
198 1029 204 1080 Ι
232 1026 346 1079 ἔχων.
378 1050 433 1057 -
471 1027 579 1067 Plut.
601 1027 691 1067 Per.
715 1028 740 1067 3
772 1023 1019 1080 (Ἀγαρίστη)
1050 1025 1156 1066 ἔτεκε
1187 1024 1387 1081 Περικλέα
1417 1025 1465 1066 τὰ
1495 1024 1570 1079 μὲν
1598 1025 1700 1067 ἄλλα

110 1084 186 1138 τὴν
224 1083 340 1126 ἰδέαν
385 1089 456 1124 τοῦ
495 1083 675 1136 σώματος
715 1083 945 1137 ἄμεμπτον,
983 1081 1170 1137 προμήκη
1207 1082 1253 1124 δὲ
1294 1083 1367 1138 τὴν
1404 1083 1588 1137 κεφαλὴν
1633 1084 1703 1125 καὶ

108 1139 372 1196 ἀσύμμετρον.
423 1139 529 1183 ὅθεν
571 1142 619 1182 αἱ
657 1139 733 1194 μὲν
778 1141 930 1191 εἰκόνες
975 1139 1104 1182 αὐτοῦ
1143 1140 1287 1194 σχεδὸν
1329 1140 1487 1182 ἅπασαι
1533 1141 1700 1196 κράνεσι

107 1200 358 1255 περιέχονται
398 1231 408 1240 .
445 1231 454 1240 .
494 1232 502 1240 .
551 1200 593 1240 οἵ
632 1197 677 1239 δὲ
723 1197 893 1240 Ἀττικοὶ
939 1199 1103 1252 ποιηταὶ
1159 1198 1533 1252 σχινοκέφαλον
1575 1197 1702 1241 αὐτὸν

109 1257 299 1299 ἐκάλουν·
347 1256 422 1310 τὴν
457 1256 533 1311 γὰρ
573 1257 740 1298 σκίλλαν
779 1256 887 1298 ε”στιν
924 1256 988 1298 ὅτε
1032 1257 1099 1297 καὶ
1147 1262 1289 1310 σχῖνον
1328 1255 1611 1309 ὀνομάζουσιν.
1648 1262 1697 1298 11

109 1311 160 1357 τὸ
203 1313 408 1372 ᾠδεῖον,
449 1347 455 1355 .
490 1346 498 1355 .
531 1347 540 1355 .
587 1321 635 1372 τῇ
673 1312 714 1355 δ’
756 1314 892 1369 ἐρέψει
928 1314 1153 1369 περικλινὲς
1192 1315 1261 1356 καὶ
1298 1315 1492 1364 κάταντες
1525 1315 1568 1356 ἐκ
1606 1322 1700 1369 μιᾶς

109 1380 293 1429 κορυφῆς
326 1371 617 1426 πεποιημένον,
649 1372 786 1413 εἰκόνα
815 1372 972 1427 λέγουσι
1001 1372 1195 1427 γενέσθαι
1224 1373 1291 1414 καὶ
1312 1374 1468 1427 μίμημα
1490 1374 1561 1424 τῆς
1582 1375 1700 1427 βασι-

28 1448 33 1451 ⁴
110 1431 206 1481 λέως
239 1432 414 1484 σκηνῆς,
447 1430 753 1479 ἐπιστατοῦντος
782 1430 851 1472 καὶ
871 1431 997 1487 τούτῳ
1029 1429 1287 1485 Περικλέους.
1329 1435 1474 1473 odeum
1495 1434 1538 1473 in
1569 1434 1701 1484 capite

110 1491 288 1532 Pericles
318 1493 453 1543 gestat
482 1493 692 1541 tamquam
723 1491 894 1542 galeam.
926 1504 972 1530 ea
1010 1491 1138 1540 enim,
1178 1492 1321 1542 capitis
1352 1492 1507 1531 formae
1538 1491 1699 1531 adcom-

109 1549 273 1589 modata
303 1552 343 1588 et
372 1550 587 1599 propterea
624 1549 899 1600 praegrandis,
940 1548 1058 1588 facile
1096 1561 1186 1588 cum
1224 1549 1337 1589 tholo
1376 1549 1466 1589 odei
1497 1562 1698 1600 compara—

110 1607 242 1656 batur,
275 1608 364 1646 tum
383 1606 704 1646 Atheniensibus
726 1619 831 1646 novo
854 1609 894 1646 et
914 1606 1156 1648 admirabili.
1190 1606 1420 1646 dedicatum
1442 1619 1529 1647 esse
1552 1607 1699 1646 odeum

111 1664 440 1704 Wachsmuthius
481 1661 649 1716 (Athen.
681 1664 700 1703 I
738 1665 822 1703 554
860 1664 951 1704 adn.
985 1661 1031 1716 2)
1071 1667 1208 1704 censet
1242 1678 1275 1703 a.
1309 1678 1345 1704 a.
1378 1664 1472 1704 Chr.
1508 1665 1606 1704 446.
1649 1665 1698 1704 cf.

114 1723 263 1774 Saupp.
295 1722 387 1762 Act.
419 1734 498 1761 soc.
540 1721 654 1761 Gott.
696 1723 813 1771 1867,
847 1723 915 1761 31.
964 1718 1212 1774 τοῦστρακον
1249 1721 1480 1774 παροίχεται
1517 1723 1700 1774 plerique

110 1781 170 1820 ita
199 1780 538 1831 interpretantur,
571 1781 778 1830 tamquam
810 1779 983 1819 Pericles
1014 1781 1213 1819 testarum
1245 1780 1481 1831 suffragium
1512 1781 1699 1831 effugisse

113 1839 282 1879 dicatur.
323 1840 364 1877 at
400 1850 490 1877 cum
527 1837 586 1876 ita
623 1836 889 1890 παροίχεσθαι
926 1851 1125 1888 nusquam
1164 1840 1404 1888 usurpetur,
1438 1838 1507 1878 sed
1539 1850 1697 1888 semper

113 1896 319 1944 absolute,
366 1895 451 1935 veri
496 1891 668 1934 sim'ilius
708 1898 770 1934 est
813 1897 972 1946 poetam
1011 1895 1144 1946 queri,
1193 1896 1304 1946 quod
1341 1909 1420 1934 una
1458 1896 1528 1934 illa
1566 1895 1700 1934 ultimi

115 1953 341 1994 ostracismi
372 1953 550 2002 occasio,
591 1965 670 2003 qua
707 1952 903 1992 Periclem
938 1950 1206 1993 Athenienses
1244 1954 1287 1992 in
1318 1953 1502 1992 exsilium
1534 1954 1699 1991 mittere

113 2011 336 2063 potuerint,
367 2011 518 2051 frustra
546 2011 811 2061 praeterierit.
843 2010 980 2061 paullo
1003 2011 1121 2050 aliter
1142 2009 1282 2051 Cobet.
1305 2010 1398 2051 Obs.
1421 2012 1509 2052 crit.
1531 2011 1635 2050 Plat.
1662 2012 1699 2049 7.

877 2122 932 2165 72

323 2203 371 2254 ἐς
400 2200 482 2246 τὸν
513 2202 696 2258 καλιόν,
729 2201 790 2259 ἢν
819 2201 955 2259 τύχῃ,
989 2204 1336 2259 καθείργνυται.

231 2289 375 2328 Pollux
409 2289 475 2338 10,
510 2289 592 2327 160
631 2284 810 2334 οἰκίσκος
849 2282 1051 2340 ὀρνίθειος
1090 2285 1197 2340 παρὰ
1230 2284 1435 2342 τΗροδότῳ
1474 2285 1541 2326 καὶ
1574 2282 1698 2340 Ἀρχι-

112 2345 245 2401 ,λόχῳ.’
272 2343 341 2385 καὶ
377 2342 495 2384 καλιὰ
533 2341 578 2384 δὲ
614 2342 682 2384 καὶ
718 2341 856 2391 καλιὸς
895 2341 916 2383 ὃ
957 2349 1135 2392 τοιοῦτος
1174 2345 1373 2397 οἰκίσκος,
1415 2341 1469 2392 ὥς
1502 2346 1701 2397 Κρατῖνος

121 2402 330 2459 Θρᾴτταις.
363 2403 591 2454 Hesychius
621 2401 933 2455 καθείργνυται·
967 2402 1226 2454 συγκλείεται.
1259 2403 1470 2443 Fritzschii
1502 2404 1698 2454 interpre—

115 2463 312 2502 tationem
343 2458 438 2515 (Qu.
469 2460 596 2500 Arist.
631 2459 702 2512 78)
733 2473 852 2500 nemo
884 2461 1029 2512 opinor
1058 2463 1261 2512 sequetur.

887 2573 941 2616 73

119 2653 188 2698 ὅτι
217 2651 324 2705 τούς
354 2651 549 2709 κόρακος
579 2650 656 2705 τάξ
689 2652 928 2708 Αἰγύπτου
966 2655 1133 2710 χρυσία
1170 2653 1446 2704 κλέπτοντας
1476 2654 1698 2696 ἔπαυσαν.

232 2750 379 2789 Pollux
409 2751 450 2799 9,
482 2751 533 2788 91
575 2745 703 2795 οὕτως
740 2744 794 2787 ὅὶν
831 2746 899 2787 καὶ
936 2744 1188 2800 δ’Κρατῖνος
1228 2746 1272 2787 ἕν
1306 2744 1503 2803 Θρᾴτταις
1534 2746 1701 2800 εἰρηκώς

119 2806 182 2859 εἴη
213 2805 283 2846 τὸν
312 2804 464 2860 χρυσὸν
492 2805 649 2859 χρυσία.
681 2803 879 2859 ἔπαυσαν]
921 2803 1096 2845 ἔπαυσεν
1125 2806 1361 2856 Meinekius,
1400 2808 1448 2845 ut
1478 2807 1620 2845 chorus
1653 2806 1701 2844 de

120 2867 240 2916 poeta
270 2866 483 2916 loquatur,
525 2865 574 2904 cf.
606 2864 734 2904 Arist.
773 2863 851 2914 Eq.
885 2864 964 2903 541
979 2878 1036 2914 sq.
1076 2864 1169 2903 Pac.
1203 2865 1284 2915 739
1296 2877 1354 2914 sq.
1394 2866 1528 2914 potest
1568 2866 1702 2902 tamen

121 2922 311 2963 Cratinus
342 2923 465 2962 etiam
496 2922 545 2961 de
566 2922 654 2962 aliis
685 2921 916 2960 hominibus
937 2921 1034 2961 haec
1055 2921 1297 2971 praedicare,
1330 2922 1487 2961 etiamsi
1509 2935 1555 2960 ex
1585 2934 1700 2971 para-

1376 2988 1425 3022 3*
