1872 3224
176 184 262 227 472
772 180 1162 215 ΑΡΙΣΤΟΦΑΝΟΤΣ

927 282 1013 325 309

294 369 424 408 Schol.
459 367 582 417 Soph.
615 366 712 406 Oed.
746 366 833 408 Col.
868 367 949 406 793
987 365 1104 404 δοκεῖ
1127 357 1203 418 γὰρ
1234 361 1255 404 ὁ
1284 360 1488 405 Ἀπόλλων
1517 362 1626 418 παρὰ
1662 356 1759 414 Διὸς

178 424 398 478 λαμβάνειν
428 421 520 471 τοὺς
551 419 776 475 χρησμούς,
808 419 863 471 ὡς
897 452 906 462 .
942 452 952 462 .
986 453 996 462 .
1029 421 1097 462 καὶ
1123 418 1414 476 Ἀριστοφάνης
1433 421 1635 476 Ι”Ηρωσιν.

54 512 114 564 0
929 535 1015 578 310

386 593 499 649 ἐμπο
493 592 582 634 ’-λω
602 592 846 648 Διοσκόρω

293 675 338 716 ἐν
355 673 542 728 ’Ἠρωσιν
567 672 874 728 Ἀριστοφάνης.
916 677 1058 717 Pollux
1089 679 1127 726 7,
1164 678 1232 717 15.
1271 677 1370 716 mihi
1401 676 1565 728 quidem
1596 638 1764 729 ἕμπολος

182 735 345 774 aliunde
374 747 456 774 non
487 735 706 786 cognitum.

1850 681 1872 810 Ξ

1857 812 1865 842 ξ

931 824 1012 866 311

385 882 481 930 πῶς
509 884 687 936 πίομαι;

294 963 474 1014 Etymol.
505 977 559 1002 m·
582 964 677 1012 673,
714 965 750 1002 1.
781 964 909 1003 Draco
943 965 1008 1013 73,
1034 965 1086 1003 14
1118 960 1161 1003 τὸ
1193 961 1238 1003 δὲ
1268 963 1347 1003 πίω
1379 961 1544 1004 ἐκτείνει
1564 992 1576 1004 .
1598 995 1608 1004 .
1632 995 1642 1006 .
1660 960 1763 1017 Ἀρι-

180 1018 385 1072 στοφάνης
403 1018 447 1059 ἐν
457 1018 617 1072 ’Ἥρωσι
637 1022 718 1060 κτλ.
750 1021 799 1064 of,
818 1021 1037 1061 Herodian.
1055 1022 1095 1060 II
1113 1023 1207 1071 570,
1231 1024 1295 1062 10.
1327 1020 1478 1074 πίωμαι
1495 1022 1634 1074 Etym.
1644 1035 1700 1062 m.
1710 1021 1763 1064 V.

933 1133 1018 1176 312

387 1187 749 1246 άνὸραποδώνης

296 1271 340 1312 ἐν
370 1276 452 1320 τοῖς
470 1270 656 1326 ’Ἡρωσιν
682 1269 987 1327 Ἀριστοφάνης.
1019 1274 1163 1314 Pollux
1196 1276 1232 1324 7,
1267 1276 1333 1314 16.

933 1385 1020 1429 313

372 1439 627 1498 ’ἆρτοποιία

297 1523 342 1565 ἐν
369 1521 683 1578 Ἀριστοφάνους
704 1523 905 1578 ’Ἥρωσιν
938 1527 1082 1567 Pollux
1115 1529 1153 1579 7,
1186 1528 1252 1566 21.

932 1638 1017 1681 314

389 1693 581 1750 ἡλίσκον

298 1775 369 1817 τὸν
398 1771 496 1829 ἧλον
526 1808 535 1818 .
561 1811 570 1821 .
603 1775 648 1817 ἐν
672 1775 859 1830 4’Ήρωσιν
884 1775 1178 1850 Ἀριστοφάνης
1209 1776 1386 1831 κέκληκε.
1417 1780 1561 1820 Pollux
1595 1781 1661 1830 10,
1693 1781 1761 1820 61.

186 1836 356 1876 Photius
386 1831 571 1887 ἡλίσκον·
604 1832 677 1875 τὸν
711 1833 855 1889 μικρὸν
891 1830 1004 1888 ἧλον.
1047 1833 1351 1906 Ἀριστοφάνης.
1406 1837 1551 1877 Pollux
1585 1837 1763 1886 10,188

183 1891 305 1944 ἥλους
336 1892 376 1932 οἱ
403 1892 553 1944 πολλοί,
584 1891 651 1932 καὶ
680 1882 871 1945 ἧλίσκους
902 1894 944 1933 οἱ
969 1892 1152 1948 κωμῳδοὶ
1184 1891 1380 1946 λέγουσιν.

931 2006 1017 2050 315

392 2062 588 2105 πυελίδα

301 2143 344 2184 τὸ
381 2141 459 2196 ὑφ’
500 2141 616 2197 ἡμῶν
651 2144 863 2199 λεγόμενον
899 2145 1303 2200 σφραγιδοφυλάκιον
1340 2177 1349 2186 .
1384 2177 1394 2187 .
1427 2175 1438 2186 .
1473 2140 1766 2199 Ἀριστοφάνης

173 2201 371 2255 ’Ἥρωσιν
403 2203 685 2254 Harpocratio.
717 2205 767 2244 of.
802 2204 982 2254 Photius,
1014 2205 1084 2256 qui
1115 2204 1276 2244 fabulae
1306 2217 1451 2245 nomen
1481 2204 1644 2246 omittit.

391 2373 624 2429 χερνίβιον
940 2315 1025 2358 316

297 2452 588 2508 Ἀριστοφάνης
619 2453 663 2495 ἐν
681 2453 852 2509 ’Ἥρωσι
892 2456 1040 2496 Athen.
1073 2458 1111 2505 9,
1143 2455 1226 2497 409
1236 2469 1268 2496 e.
1307 2457 1478 2497 fortasse
1507 2458 1686 2507 pertinet
1715 2457 1766 2497 ad

188 2514 236 2552 fr.
270 2515 365 2563 306,
397 2516 444 2553 ut
473 2514 647 2553 alterum
678 2527 839 2554 versum
869 2514 1066 2564 incipiant
1095 2513 1219 2553 verba
1246 2511 1346 2566 μήτε
1375 2512 1590 2567 χερνίβιον.

303 2571 369 2610 Ad
398 2571 551 2612 Heroes
581 2572 631 2613 fr.
665 2573 747 2611 692
778 2572 903 2611 refert
931 2570 1179 2611 Dindorfius.

577 2683 1094 2718 ΘΕΣΜΟΦΟΡΙΑΖΟΤΣΑΙ
1119 2682 1370 2717 ΔΕΥΤΕΡΛΙ

304 2754 473 2792 Prorsus
505 2755 681 2794 diversas
711 2755 835 2794 fuisse
866 2767 889 2792 a
917 2754 1054 2793 fabula
1084 2753 1299 2804 superstite
1328 2753 1494 2804 eiusque
1525 2755 1641 2805 quasi
1671 2767 1764 2805 par-

190 2812 272 2849 tem
303 2811 487 2858 alteram,
505 2811 623 2850 docet
654 2811 881 2851 Athenaeus
915 2813 958 2860 1,
993 2812 1081 2851 29a
1116 2806 1429 2863 Ἀριστοφάνους
1467 2807 1538 2858 τοὶς
1576 2808 1765 2863 δευτέρας

193 2866 595 2919 Θεσμοφοριαζούσας
640 2865 873 2921 Δημήτριος
911 2864 934 2907 ὅ
981 2865 1208 2920 Τροιζήνιος
1255 2863 1638 2920 Θεσμοφοριασάσας
1683 2865 1764 2907 ἐπι·
