1872 3224
649 152 858 189 ΑΔΗΛῼΝ
894 156 1161 192 ΔΡΑΜΑΤΩΝ
1596 164 1678 207 355

860 257 941 300 361

317 331 562 388 δεξάμενος
591 334 641 376 δὲ
673 336 922 394 Σωκράτης
951 337 1034 395 τὴν
1066 338 1282 392 ἐπίδειξιν

320 401 604 458 Στησιχόρου
636 402 749 460 πρὸς
778 405 861 462 την
892 406 1061 463 λύραν,
1094 410 1303 467 οἰνοχόην
1334 414 1536 465 ἔκλεψεν.

183 524 185 526 .
227 485 360 527 Schol.
399 486 607 537 Aristoph.
647 489 752 530 Nub.
785 491 837 529 96
877 487 1010 530 ἔπειτα
1050 490 1245 546 Εὔπολις,
1285 495 1321 534 εἰ
1354 494 1419 535 καὶ
1451 494 1505 534 δι’
1537 491 1680 550 ὀλίγων

112 541 301 613 ἕμνήσθὲη
338 542 606 609 Σωκράτους,
643 547 794 597 μᾶλλον
830 542 859 598 ἢ
885 544 1174 601 Ἀριστοφάνης
1213 549 1256 590 ἐν
1292 550 1399 600 ὅλαις
1431 557 1516 601 ταῖς
1550 554 1678 605 Νεφέ-

111 603 210 650 λαις
229 615 356 642 αυτου
386 600 624 654 καθήψατο·
663 599 784 643 οὐδὲν
821 602 865 643 δὲ
894 608 1026 658 χεῖρον
1064 604 1366 661 ἐπιμνησθῆναι
1395 616 1476 650 τῶν
1505 608 1677 651 Εὐπόλι-

19 668 30 718 ’λ
111 658 183 708 δος
212 661 292 701 κτλ.
324 663 365 699 ct
394 660 444 699 ad
472 674 530 702 vs,
556 663 635 701 179
659 659 702 700 ἐκ
723 666 792 714 τῆς
821 662 1063 715 παλαίστρας
1084 664 1295 715 θοίμάτιον
1321 664 1522 718 ὑφείλετο·
1545 666 1681 721 ὅμοιον

111 721 229 758 wito
258 722 314 773 τῷ
344 713 425 757 ὑπὸ
458 714 686 767 Εὐπόλιδος
717 717 886 773 ῥηθέντι
914 719 1003 773 περὶ
1032 721 1292 775 Σωκράτους·
1327 724 1569 778 Στησιχόρου
1599 730 1679 770 κτλ,

19 779 31 807 ³
89 773 229 832 ’ᾄδων
257 777 300 816 in
330 777 442 816 exitu
462 790 500 816 v.
528 780 546 814 1
581 777 727 817 adiecit
746 778 991 828 Meinekius,
1024 780 1050 818 i.
1075 793 1106 819 e.
1139 777 1251 835 ᾄδων
1281 777 1523 834 Στησιχόρου
1552 781 1679 834 μέλος.

112 827 187 887 τὴν
231 830 425 883 ἐπίδειξιν
467 829 575 888 ᾠδῆς
623 835 865 887 Toeppelius
905 851 944 887 p.
977 838 1029 877 66
1069 838 1259 877 ‘scolium
1297 853 1320 878 a
1355 840 1486 890 priore
1517 843 1682 881 conviva

113 894 302 944 coeptum
332 892 538 943 proximus
579 895 720 932 cantor
749 895 981 933 continuare
1014 895 1180 935 solebat.
1220 895 1336 947 Vesp.
1373 898 1679 940 1222—1248.’

111 952 219 991 recte
258 951 306 989 ut.
334 950 498 990 videtur
526 950 773 990 Fritzschius
807 951 852 998 Q.
885 952 1012 991 Arist.
1046 954 1148 1000 219,
1186 967 1302 1004 quem
1339 954 1382 993 in
1412 955 1682 1005 reliquis-non

112 1019 269 1060 sequor,
312 1004 404 1058 τὴν
443 1003 656 1057 ἐπιδέξι’
700 1005 883 1061 [ἐκπιών]
925 1012 964 1049 et
1000 1013 1093 1060 post
1129 1024 1219 1050 eum
1259 1011 1432 1051 Cobetus
1464 1012 1513 1050 N.
1545 1013 1571 1053 l.
1606 1013 1684 1052 105

0 1063 14 1121 ξ
82 1072 84 1074 ’
114 1063 208 1118 (τὴν
246 1060 413 1114 ἐπιδέξι’
453 1062 588 1121 ᾄδων)
630 1066 655 1105 i.
688 1079 722 1107 e.
762 1079 851 1105 cum
890 1067 1052 1106 calicem
1090 1067 1320 1108 dextrorsus
1358 1069 1552 1108 traditum
1582 1082 1684 1108 acce-

0 1132 39 1157 Υ
110 1123 252 1175 pisset,
285 1123 508 1163 Stesichori
529 1136 687 1163 carmen
717 1123 766 1162 ad
787 1125 917 1174 lyram
948 1137 1092 1164 canens
1124 1126 1286 1164 trullam
1307 1126 1461 1165 furatus
1482 1128 1553 1175 est,
1587 1140 1685 1176 quae

111 1183 291 1221 extrema
321 1177 418 1233 παρ’
451 1176 652 1219 ὑπόνοιαν
682 1181 896 1220 adduntur.
929 1183 978 1221 ef.
1011 1183 1059 1221 fr.
1085 1183 1177 1221 325.
1210 1183 1259 1221 ad
1290 1183 1555 1222 Adulatorum
1586 1185 1684 1234 epir-

110 1239 253 1278 rhema
283 1239 350 1279 vel
382 1239 682 1290 antepirrhema
712 1239 833 1278 metri
865 1231 1126 1278 similitudine
1158 1239 1267 1293 (cum
1300 1241 1350 1279 fr.
1385 1240 1482 1292 159)
1513 1253 1682 1280 eommo-

111 1298 177 1337 tus
208 1296 371 1336 rettulit
400 1296 601 1348 Bergkius
632 1297 679 1336 R.
712 1309 745 1336 c.
776 1297 861 1338 Att.
894 1297 988 1336 340.
1022 1298 1118 1336 353.

867 1408 951 1452 362

326 1487 491 1539 εἰωθὸς
521 1487 572 1532 τὸ
602 1488 854 1544 κομμάτιον
883 1491 1018 1531 τοῦτο

227 1573 476 1624 Hephaestio
510 1574 584 1622 14,
618 1574 641 1611 2
681 1569 778 1625 μέρη
817 1576 886 1624 τῆς
924 1570 1188 1625 παραβάσεως
1221 1602 1229 1610 .
1264 1601 1272 1610 .
1305 1569 1538 1623 κομμάτιον,
1569 1569 1592 1611 ἲ
1621 1570 1687 1611 καὶ

111 1627 220 1683 παρὰ
257 1633 340 1677 τοῖς
375 1632 561 1677 παλαιοῖς
599 1633 783 1681 ποιηταῖς
821 1627 947 1677 οὕτως
987 1625 1217 1681 ὠνομάσθη.
1268 1626 1366 1680 φησὶ
1403 1628 1477 1681 γάρ
1508 1626 1686 1676 Εὔπολις

111 1690 194 1728 κτλ.
227 1686 473 1728 Fritzschius
503 1688 592 1729 Ind.
624 1689 741 1727 Rost.
773 1687 902 1741 55s56
925 1701 964 1737 p.
990 1689 1012 1726 7
1044 1685 1166 1739 (conl.
1199 1686 1381 1725 Pherecr.
1415 1684 1486 1740 13)
1517 1690 1686 1725 metrum

113 1744 189 1786 hcc
219 1759 306 1786 esse
337 1748 493 1785 censet:
527 1743 673 1792 εἰωθὸς
706 1742 747 1784 τὸ
778 1743 996 1797 κομμάτιον
1022 1747 1027 1794 Ι
1054 1749 1169 1783 τοῦτο
1198 1757 1434 1775 ------
1449 1774 1457 1783 .
1497 1745 1568 1782 ‘ex
1600 1744 1685 1793 ipso

115 1804 332 1844 commatio
363 1807 483 1855 atque
513 1816 560 1842 eo
590 1803 663 1842 tali
693 1803 821 1853 petita
853 1804 961 1853 sunt,
999 1802 1106 1853 quod
1135 1802 1342 1852 parabasis
1373 1800 1685 1850 Eupolideorum

114 1875 308 1903 versuum
339 1864 588 1913 sequeretur.
621 1861 725 1899 male
756 1861 864 1900 enim
885 1859 1085 1900 Porsonus
1107 1859 1276 1900 Advers.
1300 1859 1380 1898 286
1412 1860 1452 1896 et
1481 1858 1685 1897 Dobraeus

114 1919 223 1959 Nub.
258 1920 340 1959 518
373 1919 447 1958 hoc
486 1919 782 1969 fragmentum,
821 1917 927 1967 quod
966 1929 1046 1956 non
1077 1930 1098 1955 e
1127 1917 1290 1967 propria
1318 1915 1525 1965 parabasi,
1565 1915 1634 1953 sed
1664 1926 1685 1952 e

73 2000 79 2007 -
116 1976 332 2016 commatio
362 1976 500 2025 fluxit,
532 1988 604 2026 pro
626 1975 838 2025 Eupolidei
868 1986 1006 2013 versus
1037 1974 1152 2012 initio
1180 1973 1418 2012 habuerunt.
1469 1972 1591 2010 immo
1612 1971 1686 2009 hoe

116 2034 379 2074 commatium
417 2033 558 2073 eodem
595 2034 724 2071 metro
763 2044 841 2082 quo
885 2030 1188 2082 Crapassalorum
1232 2031 1372 2081 πνῖγος
1419 2027 1685 2068 constiterat?

117 2091 307 2132 Pherecr.
340 2093 407 2133 96.

865 2165 949 2208 363

231 2253 365 2292 Schol.
397 2250 605 2300 Euripidis
636 2249 740 2289 Med.
769 2250 865 2288 521.
899 2250 922 2287 2
953 2244 979 2300 ἡ
1011 2246 1182 2298 διστιχία
1212 2250 1283 2285 τοῦ
1312 2250 1432 2298 χοροῦ
1462 2243 1553 2284 ἐστι.
1585 2242 1683 2282 κατὰ

117 2307 160 2349 δὲ
193 2307 356 2357 τούτους
388 2305 480 2355 τοὺς
511 2305 680 2360 χρόνους
710 2304 793 2358 ἤδη
822 2303 868 2344 τὰ
901 2305 981 2344 τῶν
1009 2306 1136 2357 χορῶν
1165 2300 1386 2355 ἠμαύρωτο.
1434 2294 1479 2341 τά
1508 2298 1582 2352 μὲν
1610 2299 1685 2353 γὰρ

115 2362 261 2420 άρχαῐα
290 2364 356 2406 διὰ
390 2363 475 2405 τῶν
500 2369 630 2417 χορῶν
660 2361 886 2403 ἕπετελεῖτο.
918 2360 1019 2402 ’ὅθεν
1047 2360 1115 2400 καὶ
1144 2358 1322 2407 Εὔπολίς
1353 2368 1468 2410 φησι’
1501 2357 1575 2404 τίς
1605 2371 1685 2408 χο-

118 2429 200 2488 ρὸς
228 2428 398 2487 οὗτος,
430 2432 632 2474 κλαίειν
662 2431 883 2472 εἴπωνεν
911 2415 1141 2483 πυριαῧί,
1179 2425 1236 2467 ἵν’
1276 2422 1305 2482 ᾗ
1333 2423 1418 2466 κατ’
1465 2419 1566 2464 αὐτά
1598 2425 1686 2475 ἰαμ-

118 2490 208 2547 βεῖα
239 2491 329 2532 δύο.
360 2494 417 2533 sic
445 2493 488 2532 in
520 2490 567 2533 G.
600 2491 719 2530 Dind.
751 2490 847 2529 edit.
882 2489 1083 2529 ‘videntur
1104 2488 1236 2526 autem
1256 2487 1346 2536 post
1376 2488 1445 2522 τοῦ
1465 2487 1583 2534 χοροῦ
1605 2479 1688 2520 ἔστι

118 2563 314 2603 nonnulla
345 2561 575 2602 excidisse)
626 2560 783 2599 litterae
813 2559 1023 2607 corruptae
1045 2537 1218 2607 πυριαῧί
1253 2547 1455 2603 (πυράμου
1484 2551 1520 2600 1)
1553 2553 1686 2589 utrum

118 2621 242 2660 verba
280 2620 363 2660 sint
400 2621 541 2670 poessae
579 2631 630 2657 an
660 2616 911 2662 scholiastae,
944 2614 1108 2652 dubium
1142 2614 1211 2652 est.
1261 2610 1307 2649 G.
1340 2610 1586 2647 Hermannus
1631 2605 1686 2652 τίς

120 2675 234 2730 χορὸς
265 2671 402 2724 οὗτοςς
432 2671 571 2715 κλάειν
601 2673 778 2725 εἴπωμεν
807 2667 1029 2723 ἆθυρμάτι’
1062 2667 1159 2709 άττα
1191 2666 1371 2715 τοιαῦτα,
1410 2678 1529 2715 quam
1559 2677 1686 2702 emen-

119 2735 320 2775 dationem
351 2734 575 2773 Meinekius
607 2732 643 2771 V
673 2732 729 2771 40
758 2731 972 2782 egregiam,
1003 2725 1244 2766 Fritzschius
1274 2724 1335 2762 De
1366 2735 1464 2762 com.
1498 2735 1559 2773 gr.
1591 2722 1638 2759 fr.
1657 2722 1685 2781 '4

119 2788 436 2833 infelicissimam
466 2790 628 2830 iudicat.
659 2788 900 2828 Fritzschius
930 2781 1028 2832 ἀτάρ
1061 2781 1142 2852 <vel
1163 2777 1244 2834 for>
1275 2779 1332 2826 τίς
1363 2775 1384 2817 ὁ
1413 2774 1545 2818 κλάων
1574 2770 1688 2840 οὗτος

121 2845 223 2898 ἐστ’;
255 2848 433 2900 εἴπωμεν
461 2841 537 2887 οὖν
562 2844 568 2901 Ι
595 2842 799 2900 Εὐριπίδῃ
829 2841 928 2883 κατὰ
959 2839 1058 2881 ταῦτ
1110 2836 1274 2890 ἰαμβείω
1305 2833 1392 2874 δύο.
1455 2833 1687 2886 reprehend1

1349 2900 1420 2935 23*
