<?xml version="1.0" encoding="UTF-8"?>
<!DOCTYPE html PUBLIC "-//W3C//DTD XHTML 1.0 Transitional//EN"
    "http://www.w3.org/TR/xhtml1/DTD/xhtml1-transitional.dtd">
<html xmlns="http://www.w3.org/1999/xhtml" xml:lang="en" lang="en">
 <head>
  <title>
</title>
<meta http-equiv="Content-Type" content="text/html;charset=utf-8" />
  <meta name='ocr-system' content='tesseract 3.04.00' />
  <meta name='ocr-capabilities' content='ocr_page ocr_carea ocr_par ocr_line ocrx_word'/>
</head>
<body>
  <div class='ocr_page' id='page_1' title='image "./comicorumatticor01kockuoft_0346.png"; bbox 0 0 1872 3224; ppageno 0'>
   <div class='ocr_carea' id='block_1_1' title="bbox 1757 0 1872 326">
    <p class='ocr_par' dir='ltr' id='par_1_1' title="bbox 1757 0 1872 326">
     <span class='ocr_line' id='line_1_1' title="bbox 1757 0 1872 326; baseline 0 0"><span class='ocrx_word' id='word_1_1' title='bbox 1757 0 1872 326; x_wconf 95' lang='lat' dir='ltr'><strong>  </strong></span> 
     </span>
    </p>
   </div>
   <div class='ocr_carea' id='block_1_2' title="bbox 209 191 1149 237">
    <p class='ocr_par' dir='ltr' id='par_1_2' title="bbox 209 191 1149 237">
     <span class='ocr_line' id='line_1_2' title="bbox 209 191 1149 237; baseline 0 -13"><span class='ocrx_word' id='word_1_2' title='bbox 209 196 292 237; x_wconf 75' lang='lat'><strong>316</strong></span> <span class='ocrx_word' id='word_1_3' title='bbox 847 191 1149 226; x_wconf 73' lang='grc' dir='ltr'><em>ΕΤΠοΛῙΔοΣ</em></span> 
     </span>
    </p>
   </div>
   <div class='ocr_carea' id='block_1_3' title="bbox 207 290 1839 750">
    <p class='ocr_par' dir='ltr' id='par_1_3' title="bbox 207 290 1839 750">
     <span class='ocr_line' id='line_1_3' title="bbox 210 290 1839 351; baseline -0.003 -13"><span class='ocrx_word' id='word_1_4' title='bbox 210 296 312 351; x_wconf 76' lang='grc' dir='ltr'><em>ἕνεχ’</em></span> <span class='ocrx_word' id='word_1_5' title='bbox 345 295 399 346; x_wconf 78' lang='grc' dir='ltr'><strong>ὥς</strong></span> <span class='ocrx_word' id='word_1_6' title='bbox 428 297 629 339; x_wconf 77' lang='grc' dir='ltr'><strong><em>ἔπλευσεν.</em></strong></span> <span class='ocrx_word' id='word_1_7' title='bbox 660 298 882 337; x_wconf 88' lang='lat' dir='ltr'><strong>Meinekius</strong></span> <span class='ocrx_word' id='word_1_8' title='bbox 904 290 964 336; x_wconf 72' lang='grc' dir='ltr'><strong>ὧν</strong></span> <span class='ocrx_word' id='word_1_9' title='bbox 984 292 1030 335; x_wconf 81' lang='grc' dir='ltr'><strong>θ’</strong></span> <span class='ocrx_word' id='word_1_10' title='bbox 1054 292 1160 335; x_wconf 78' lang='grc' dir='ltr'><em>ἕνεκ’</em></span> <span class='ocrx_word' id='word_1_11' title='bbox 1194 292 1373 345; x_wconf 78' lang='grc' dir='ltr'><em>ἔπλευσε,</em></span> <span class='ocrx_word' id='word_1_12' title='bbox 1405 297 1530 334; x_wconf 85' lang='grc' dir='ltr'><em>ταῦτα</em></span> <span class='ocrx_word' id='word_1_13' title='bbox 1559 293 1647 334; x_wconf 76' lang='grc' dir='ltr'><strong>κτλ.</strong></span> <span class='ocrx_word' id='word_1_14' title='bbox 1686 293 1788 334; x_wconf 75' lang='lat' dir='ltr'><strong>Hor&#39;·</strong></span> <span class='ocrx_word' id='word_1_15' title='bbox 1835 306 1839 307; x_wconf 50' lang='lat'><em>⁷</em></span> 
     </span>
     <span class='ocr_line' id='line_1_4' title="bbox 209 352 1789 405; baseline -0.003 -9"><span class='ocrx_word' id='word_1_16' title='bbox 209 370 378 397; x_wconf 86' lang='lat' dir='ltr'><strong>mannus</strong></span> <span class='ocrx_word' id='word_1_17' title='bbox 410 357 699 405; x_wconf 74' lang='lat' dir='ltr'><strong>interpretatur</strong></span> <span class='ocrx_word' id='word_1_18' title='bbox 729 355 894 405; x_wconf 83' lang='lat' dir='ltr'><strong>‘poenas</strong></span> <span class='ocrx_word' id='word_1_19' title='bbox 920 354 1039 394; x_wconf 85' lang='lat' dir='ltr'><strong>dabit</strong></span> <span class='ocrx_word' id='word_1_20' title='bbox 1068 356 1110 393; x_wconf 87' lang='lat' dir='ltr'><strong>et</strong></span> <span class='ocrx_word' id='word_1_21' title='bbox 1138 354 1246 404; x_wconf 87' lang='lat' dir='ltr'><strong>quod</strong></span> <span class='ocrx_word' id='word_1_22' title='bbox 1285 353 1458 393; x_wconf 73' lang='lat' dir='ltr'><strong>rusticus</strong></span> <span class='ocrx_word' id='word_1_23' title='bbox 1496 365 1588 392; x_wconf 87' lang='lat' dir='ltr'><strong>cum</strong></span> <span class='ocrx_word' id='word_1_24' title='bbox 1624 352 1682 393; x_wconf 77' lang='lat' dir='ltr'><strong>sit</strong></span> <span class='ocrx_word' id='word_1_25' title='bbox 1715 364 1789 392; x_wconf 83' lang='lat' dir='ltr'><strong>un-</strong></span> 
     </span>
     <span class='ocr_line' id='line_1_5' title="bbox 209 409 1790 466; baseline -0.003 -13"><span class='ocrx_word' id='word_1_26' title='bbox 209 415 367 466; x_wconf 85' lang='lat' dir='ltr'><strong>guentis</strong></span> <span class='ocrx_word' id='word_1_27' title='bbox 398 414 541 461; x_wconf 82' lang='lat' dir='ltr'><strong>adstat,</strong></span> <span class='ocrx_word' id='word_1_28' title='bbox 574 415 615 451; x_wconf 90' lang='lat' dir='ltr'><strong>et</strong></span> <span class='ocrx_word' id='word_1_29' title='bbox 644 413 751 462; x_wconf 88' lang='lat' dir='ltr'><strong>quod</strong></span> <span class='ocrx_word' id='word_1_30' title='bbox 784 412 895 452; x_wconf 90' lang='lat' dir='ltr'><strong>cuius</strong></span> <span class='ocrx_word' id='word_1_31' title='bbox 925 412 985 451; x_wconf 90' lang='lat' dir='ltr'><strong>rei</strong></span> <span class='ocrx_word' id='word_1_32' title='bbox 1015 424 1134 451; x_wconf 78' lang='lat' dir='ltr'><strong>causa</strong></span> <span class='ocrx_word' id='word_1_33' title='bbox 1164 411 1320 462; x_wconf 75' lang='lat' dir='ltr'><strong>legatus</strong></span> <span class='ocrx_word' id='word_1_34' title='bbox 1350 410 1498 450; x_wconf 87' lang='lat' dir='ltr'><strong>missus</strong></span> <span class='ocrx_word' id='word_1_35' title='bbox 1535 410 1620 461; x_wconf 84' lang='lat' dir='ltr'><strong>est,</strong></span> <span class='ocrx_word' id='word_1_36' title='bbox 1657 409 1702 449; x_wconf 84' lang='lat' dir='ltr'><strong>in</strong></span> <span class='ocrx_word' id='word_1_37' title='bbox 1742 420 1790 449; x_wconf 72' lang='lat' dir='ltr'><strong>on</strong></span> 
     </span>
     <span class='ocr_line' id='line_1_6' title="bbox 209 466 1789 520; baseline -0.002 -10"><span class='ocrx_word' id='word_1_38' title='bbox 209 485 249 511; x_wconf 86' lang='lat' dir='ltr'><strong>se</strong></span> <span class='ocrx_word' id='word_1_39' title='bbox 280 472 383 509; x_wconf 81' lang='lat' dir='ltr'><strong>male</strong></span> <span class='ocrx_word' id='word_1_40' title='bbox 413 472 617 510; x_wconf 88' lang='lat' dir='ltr'><strong>versatum</strong></span> <span class='ocrx_word' id='word_1_41' title='bbox 648 469 887 520; x_wconf 86' lang='lat' dir='ltr'><strong>intelleget&#39;.</strong></span> <span class='ocrx_word' id='word_1_42' title='bbox 921 466 982 508; x_wconf 70' lang='grc' dir='ltr'><em>’ότι</em></span> <span class='ocrx_word' id='word_1_43' title='bbox 1003 483 1042 510; x_wconf 87' lang='lat' dir='ltr'><strong>v.</strong></span> <span class='ocrx_word' id='word_1_44' title='bbox 1066 470 1090 508; x_wconf 90' lang='lat'><strong>3</strong></span> <span class='ocrx_word' id='word_1_45' title='bbox 1122 482 1169 508; x_wconf 85' lang='lat' dir='ltr'><strong>ex</strong></span> <span class='ocrx_word' id='word_1_46' title='bbox 1200 482 1238 507; x_wconf 88' lang='lat' dir='ltr'><strong>v.</strong></span> <span class='ocrx_word' id='word_1_47' title='bbox 1263 469 1287 506; x_wconf 92' lang='grc'><strong>2</strong></span> <span class='ocrx_word' id='word_1_48' title='bbox 1318 468 1422 507; x_wconf 80' lang='lat' dir='ltr'><strong>male</strong></span> <span class='ocrx_word' id='word_1_49' title='bbox 1452 467 1675 518; x_wconf 87' lang='lat' dir='ltr'><strong>repetitum</strong></span> <span class='ocrx_word' id='word_1_50' title='bbox 1701 478 1789 518; x_wconf 68' lang='lat' dir='ltr'><strong>eque</strong></span> 
     </span>
     <span class='ocr_line' id='line_1_7' title="bbox 208 523 1789 578; baseline -0.002 -11"><span class='ocrx_word' id='word_1_51' title='bbox 208 528 500 567; x_wconf 84' lang='lat' dir='ltr'><strong>Hervverdenus</strong></span> <span class='ocrx_word' id='word_1_52' title='bbox 530 528 734 578; x_wconf 84' lang='lat' dir='ltr'><strong>perspexit</strong></span> <span class='ocrx_word' id='word_1_53' title='bbox 762 527 868 566; x_wconf 89' lang='lat' dir='ltr'><strong>Nov.</strong></span> <span class='ocrx_word' id='word_1_54' title='bbox 901 527 989 566; x_wconf 78' lang='lat' dir='ltr'><strong>add.</strong></span> <span class='ocrx_word' id='word_1_55' title='bbox 1023 527 1109 566; x_wconf 86' lang='lat' dir='ltr'><strong>crit.</strong></span> <span class='ocrx_word' id='word_1_56' title='bbox 1146 528 1181 566; x_wconf 85' lang='lat'><strong>7.</strong></span> <span class='ocrx_word' id='word_1_57' title='bbox 1215 527 1253 574; x_wconf 89' lang='grc'><strong>8,</strong></span> <span class='ocrx_word' id='word_1_58' title='bbox 1287 526 1398 565; x_wconf 91' lang='lat' dir='ltr'><strong>cuius</strong></span> <span class='ocrx_word' id='word_1_59' title='bbox 1428 527 1563 564; x_wconf 82' lang='lat' dir='ltr'><strong>tamen</strong></span> <span class='ocrx_word' id='word_1_60' title='bbox 1603 523 1789 565; x_wconf 67' lang='lat' dir='ltr'><strong>emenda·</strong></span> 
     </span>
     <span class='ocr_line' id='line_1_8' title="bbox 209 581 1789 635; baseline -0.001 -12"><span class='ocrx_word' id='word_1_61' title='bbox 209 586 267 623; x_wconf 89' lang='lat' dir='ltr'><strong>tio</strong></span> <span class='ocrx_word' id='word_1_62' title='bbox 299 585 528 635; x_wconf 83' lang='lat' dir='ltr'><strong>depravatio</strong></span> <span class='ocrx_word' id='word_1_63' title='bbox 561 586 635 623; x_wconf 87' lang='lat' dir='ltr'><strong>est.</strong></span> <span class='ocrx_word' id='word_1_64' title='bbox 667 597 796 634; x_wconf 88' lang='lat' dir='ltr'><strong>neque</strong></span> <span class='ocrx_word' id='word_1_65' title='bbox 826 584 1047 624; x_wconf 87' lang='lat' dir='ltr'><strong>Fritzschio</strong></span> <span class='ocrx_word' id='word_1_66' title='bbox 1078 583 1178 622; x_wconf 84' lang='lat' dir='ltr'><strong>Ran.</strong></span> <span class='ocrx_word' id='word_1_67' title='bbox 1211 597 1250 634; x_wconf 92' lang='lat' dir='ltr'><strong>p.</strong></span> <span class='ocrx_word' id='word_1_68' title='bbox 1273 583 1357 623; x_wconf 80' lang='lat'><strong>448</strong></span> <span class='ocrx_word' id='word_1_69' title='bbox 1387 583 1519 622; x_wconf 88' lang='lat' dir='ltr'><strong>multo</strong></span> <span class='ocrx_word' id='word_1_70' title='bbox 1550 581 1694 622; x_wconf 72' lang='lat' dir='ltr'><strong>melius</strong></span> <span class='ocrx_word' id='word_1_71' title='bbox 1723 592 1789 622; x_wconf 72' lang='lat' dir='ltr'><strong>roe</strong></span> 
     </span>
     <span class='ocr_line' id='line_1_9' title="bbox 209 632 1787 691; baseline -0.001 -11"><span class='ocrx_word' id='word_1_72' title='bbox 209 643 337 683; x_wconf 87' lang='lat' dir='ltr'><strong>cessit.</strong></span> <span class='ocrx_word' id='word_1_73' title='bbox 396 642 598 681; x_wconf 79' lang='lat' dir='ltr'><strong>sententia</strong></span> <span class='ocrx_word' id='word_1_74' title='bbox 642 644 749 680; x_wconf 87' lang='lat' dir='ltr'><strong>certe</strong></span> <span class='ocrx_word' id='word_1_75' title='bbox 788 644 930 691; x_wconf 82' lang='lat' dir='ltr'><strong>poetae</strong></span> <span class='ocrx_word' id='word_1_76' title='bbox 970 641 1178 681; x_wconf 81' lang='lat' dir='ltr'><strong>inlustrari</strong></span> <span class='ocrx_word' id='word_1_77' title='bbox 1218 642 1352 690; x_wconf 87' lang='lat' dir='ltr'><strong>potest</strong></span> <span class='ocrx_word' id='word_1_78' title='bbox 1390 639 1602 680; x_wconf 86' lang='lat' dir='ltr'><strong>scribendo</strong></span> <span class='ocrx_word' id='word_1_79' title='bbox 1639 632 1701 679; x_wconf 70' lang='grc' dir='ltr'><strong>οὖν</strong></span> <span class='ocrx_word' id='word_1_80' title='bbox 1737 633 1787 678; x_wconf 71' lang='grc' dir='ltr'><strong>θ’</strong></span> 
     </span>
     <span class='ocr_line' id='line_1_10' title="bbox 207 693 1790 750; baseline 0 -13"><span class='ocrx_word' id='word_1_81' title='bbox 207 693 363 737; x_wconf 77' lang='grc' dir='ltr'><em>εἵνεκ’</em></span> <span class='ocrx_word' id='word_1_82' title='bbox 405 696 671 747; x_wconf 81' lang='grc' dir='ltr'><strong><em>ἐξέπλευσε</em></strong></span> <span class='ocrx_word' id='word_1_83' title='bbox 710 697 1166 750; x_wconf 75' lang='grc' dir='ltr'><em>καταπορνεύεται,</em></span> <span class='ocrx_word' id='word_1_84' title='bbox 1207 701 1241 738; x_wconf 80' lang='lat' dir='ltr'><strong>et</strong></span> <span class='ocrx_word' id='word_1_85' title='bbox 1271 699 1374 747; x_wconf 80' lang='lat' dir='ltr'><strong>quod</strong></span> <span class='ocrx_word' id='word_1_86' title='bbox 1402 709 1572 748; x_wconf 75' lang='lat' dir='ltr'><strong>maynas</strong></span> <span class='ocrx_word' id='word_1_87' title='bbox 1599 697 1790 747; x_wconf 42' lang='lat' dir='ltr'><strong>reipubl&amp;</strong></span> 
     </span>
    </p>
   </div>
   <div class='ocr_carea' id='block_1_4' title="bbox 209 754 1872 808">
    <p class='ocr_par' dir='ltr' id='par_1_4' title="bbox 209 754 1872 808">
     <span class='ocr_line' id='line_1_11' title="bbox 209 754 1872 808; baseline -0.001 -12"><span class='ocrx_word' id='word_1_88' title='bbox 209 769 275 796; x_wconf 84' lang='lat' dir='ltr'><strong>cae</strong></span> <span class='ocrx_word' id='word_1_89' title='bbox 304 758 495 808; x_wconf 75' lang='lat' dir='ltr'><strong>rationes,</strong></span> <span class='ocrx_word' id='word_1_90' title='bbox 528 758 582 796; x_wconf 82' lang='lat' dir='ltr'><strong>ad</strong></span> <span class='ocrx_word' id='word_1_91' title='bbox 612 769 711 806; x_wconf 77' lang='lat' dir='ltr'><strong>quas</strong></span> <span class='ocrx_word' id='word_1_92' title='bbox 741 758 908 797; x_wconf 70' lang='lat' dir='ltr'><strong>luendas</strong></span> <span class='ocrx_word' id='word_1_93' title='bbox 938 758 1052 796; x_wconf 82' lang='lat' dir='ltr'><em>classi</em></span> <span class='ocrx_word' id='word_1_94' title='bbox 1074 756 1300 806; x_wconf 74' lang='lat' dir='ltr'><strong>praefectus</strong></span> <span class='ocrx_word' id='word_1_95' title='bbox 1328 758 1395 802; x_wconf 83' lang='lat' dir='ltr'><strong>est,</strong></span> <span class='ocrx_word' id='word_1_96' title='bbox 1415 755 1622 795; x_wconf 75' lang='lat' dir='ltr'><strong>scortando</strong></span> <span class='ocrx_word' id='word_1_97' title='bbox 1644 754 1789 805; x_wconf 75' lang='lat' dir='ltr'><strong>perdit.</strong></span> <span class='ocrx_word' id='word_1_98' title='bbox 1857 754 1872 800; x_wconf 77' lang='lat'><strong>&#39;,</strong></span> 
     </span>
    </p>
   </div>
   <div class='ocr_carea' id='block_1_5' title="bbox 958 890 1043 934">
    <p class='ocr_par' dir='ltr' id='par_1_5' title="bbox 958 890 1043 934">
     <span class='ocr_line' id='line_1_12' title="bbox 958 890 1043 934; baseline 0 -1"><span class='ocrx_word' id='word_1_99' title='bbox 958 890 1043 934; x_wconf 84' lang='lat'><strong>210</strong></span> 
     </span>
    </p>
   </div>
   <div class='ocr_carea' id='block_1_6' title="bbox 412 979 1498 1106">
    <p class='ocr_par' dir='ltr' id='par_1_6' title="bbox 412 979 1498 1106">
     <span class='ocr_line' id='line_1_13' title="bbox 413 979 1498 1037; baseline 0 -13"><span class='ocrx_word' id='word_1_100' title='bbox 413 980 497 1024; x_wconf 84' lang='grc' dir='ltr'><em>οὐκ</em></span> <span class='ocrx_word' id='word_1_101' title='bbox 529 979 727 1036; x_wconf 75' lang='grc' dir='ltr'><em>ἀργαλέα</em></span> <span class='ocrx_word' id='word_1_102' title='bbox 759 979 857 1037; x_wconf 86' lang='grc' dir='ltr'><em>δῆτ’</em></span> <span class='ocrx_word' id='word_1_103' title='bbox 891 980 985 1024; x_wconf 83' lang='grc' dir='ltr'><em>ἐστὶ</em></span> <span class='ocrx_word' id='word_1_104' title='bbox 1017 980 1210 1037; x_wconf 83' lang='grc' dir='ltr'><em>πάσχειν</em></span> <span class='ocrx_word' id='word_1_105' title='bbox 1240 979 1371 1024; x_wconf 85' lang='grc' dir='ltr'><em>ταῦτ’</em></span> <span class='ocrx_word' id='word_1_106' title='bbox 1403 980 1498 1036; x_wconf 80' lang='grc' dir='ltr'><em>ἐμέ,</em></span> 
     </span>
     <span class='ocr_line' id='line_1_14' title="bbox 412 1048 1491 1106; baseline -0.001 -13"><span class='ocrx_word' id='word_1_107' title='bbox 412 1048 491 1093; x_wconf 84' lang='grc' dir='ltr'><strong>τὸν</strong></span> <span class='ocrx_word' id='word_1_108' title='bbox 523 1051 875 1106; x_wconf 80' lang='grc' dir='ltr'><em>Λευκολοφίδου</em></span> <span class='ocrx_word' id='word_1_109' title='bbox 905 1050 1045 1093; x_wconf 84' lang='grc' dir='ltr'><em>παῖδα</em></span> <span class='ocrx_word' id='word_1_110' title='bbox 1076 1053 1158 1092; x_wconf 83' lang='grc' dir='ltr'><em>τοῦ</em></span> <span class='ocrx_word' id='word_1_111' title='bbox 1190 1048 1491 1105; x_wconf 75' lang='grc' dir='ltr'><em>Πορθάονοςς</em></span> 
     </span>
    </p>
   </div>
   <div class='ocr_carea' id='block_1_7' title="bbox 205 1141 1790 1599">
    <p class='ocr_par' dir='ltr' id='par_1_7' title="bbox 205 1141 1790 1599">
     <span class='ocr_line' id='line_1_15' title="bbox 323 1141 1788 1197; baseline 0.001 -13"><span class='ocrx_word' id='word_1_112' title='bbox 323 1146 455 1185; x_wconf 88' lang='lat' dir='ltr'><strong>Schol.</strong></span> <span class='ocrx_word' id='word_1_113' title='bbox 487 1146 693 1197; x_wconf 89' lang='lat' dir='ltr'><strong>Aristoph.</strong></span> <span class='ocrx_word' id='word_1_114' title='bbox 726 1146 827 1185; x_wconf 83' lang='lat' dir='ltr'><strong>Ran.</strong></span> <span class='ocrx_word' id='word_1_115' title='bbox 866 1147 971 1185; x_wconf 85' lang='lat'>1513</span> <span class='ocrx_word' id='word_1_116' title='bbox 1004 1144 1185 1194; x_wconf 75' lang='grc' dir='ltr'><em>Εὔπολις</em></span> <span class='ocrx_word' id='word_1_117' title='bbox 1213 1142 1408 1197; x_wconf 84' lang='grc' dir='ltr'><em>μέμνηται</em></span> <span class='ocrx_word' id='word_1_118' title='bbox 1439 1142 1483 1184; x_wconf 80' lang='grc' dir='ltr'><strong>ἐν</strong></span> <span class='ocrx_word' id='word_1_119' title='bbox 1514 1143 1690 1185; x_wconf 82' lang='grc' dir='ltr'><strong><em>Πόλεσιν</em></strong></span> <span class='ocrx_word' id='word_1_120' title='bbox 1719 1141 1788 1185; x_wconf 65' lang='grc' dir='ltr'><em>οὔ·</em></span> 
     </span>
     <span class='ocr_line' id='line_1_16' title="bbox 212 1199 1788 1257; baseline 0.002 -17"><span class='ocrx_word' id='word_1_121' title='bbox 212 1216 286 1248; x_wconf 81' lang='grc' dir='ltr'><strong>τως</strong></span> <span class='ocrx_word' id='word_1_122' title='bbox 317 1200 407 1251; x_wconf 85' lang='grc' dir='ltr'><em>περὶ</em></span> <span class='ocrx_word' id='word_1_123' title='bbox 438 1207 507 1241; x_wconf 85' lang='grc' dir='ltr'><em>τοῦ</em></span> <span class='ocrx_word' id='word_1_124' title='bbox 536 1199 794 1254; x_wconf 73' lang='grc' dir='ltr'><em>Ἀδειμάντου</em></span> <span class='ocrx_word' id='word_1_125' title='bbox 824 1205 905 1242; x_wconf 84' lang='grc' dir='ltr'><strong>κτλ.</strong></span> <span class='ocrx_word' id='word_1_126' title='bbox 936 1199 1108 1255; x_wconf 74' lang='grc' dir='ltr'><em>ἀργαλέα</em></span> <span class='ocrx_word' id='word_1_127' title='bbox 1140 1201 1188 1257; x_wconf 87' lang='lat' dir='ltr'><strong>R]</strong></span> <span class='ocrx_word' id='word_1_128' title='bbox 1221 1200 1426 1255; x_wconf 77' lang='grc' dir='ltr'><em>άργαλέον.</em></span> <span class='ocrx_word' id='word_1_129' title='bbox 1470 1201 1788 1255; x_wconf 78' lang='grc' dir='ltr'><em>Λευκολοφίδου</em></span> 
     </span>
     <span class='ocr_line' id='line_1_17' title="bbox 213 1258 1788 1312; baseline 0.002 -14"><span class='ocrx_word' id='word_1_130' title='bbox 213 1259 408 1311; x_wconf 91' lang='lat' dir='ltr'><strong>Meinek.]</strong></span> <span class='ocrx_word' id='word_1_131' title='bbox 441 1258 721 1311; x_wconf 78' lang='grc' dir='ltr'><em>Λευκολόφου.</em></span> <span class='ocrx_word' id='word_1_132' title='bbox 764 1260 833 1300; x_wconf 87' lang='grc' dir='ltr'><em>τοῦ</em></span> <span class='ocrx_word' id='word_1_133' title='bbox 870 1258 1115 1312; x_wconf 76' lang='grc' dir='ltr'><em>Πορθάονος</em></span> <span class='ocrx_word' id='word_1_134' title='bbox 1148 1262 1237 1300; x_wconf 80' lang='lat' dir='ltr'><strong>add.</strong></span> <span class='ocrx_word' id='word_1_135' title='bbox 1269 1261 1314 1300; x_wconf 79' lang='lat' dir='ltr'><strong>R.</strong></span> <span class='ocrx_word' id='word_1_136' title='bbox 1347 1260 1528 1311; x_wconf 87' lang='lat' dir='ltr'><strong>loquitur</strong></span> <span class='ocrx_word' id='word_1_137' title='bbox 1566 1261 1653 1312; x_wconf 80' lang='lat' dir='ltr'><strong>ipse</strong></span> <span class='ocrx_word' id='word_1_138' title='bbox 1688 1260 1788 1303; x_wconf 74' lang='lat' dir='ltr'><strong>Adi-</strong></span> 
     </span>
     <span class='ocr_line' id='line_1_18' title="bbox 205 1317 1787 1370; baseline 0.001 -14"><span class='ocrx_word' id='word_1_139' title='bbox 205 1320 378 1357; x_wconf 78' lang='lat' dir='ltr'><strong>mantus.</strong></span> <span class='ocrx_word' id='word_1_140' title='bbox 410 1318 460 1357; x_wconf 88' lang='lat' dir='ltr'><strong>cf.</strong></span> <span class='ocrx_word' id='word_1_141' title='bbox 492 1318 700 1369; x_wconf 90' lang='lat' dir='ltr'><strong>Aristoph.</strong></span> <span class='ocrx_word' id='word_1_142' title='bbox 734 1318 833 1358; x_wconf 80' lang='lat' dir='ltr'><strong>Ran.</strong></span> <span class='ocrx_word' id='word_1_143' title='bbox 859 1320 982 1358; x_wconf 86' lang='lat'>1513.</span> <span class='ocrx_word' id='word_1_144' title='bbox 1013 1319 1317 1368; x_wconf 74' lang='lat' dir='ltr'><strong>Leucolophides</strong></span> <span class='ocrx_word' id='word_1_145' title='bbox 1343 1321 1461 1370; x_wconf 83' lang='lat' dir='ltr'><strong>pater</strong></span> <span class='ocrx_word' id='word_1_146' title='bbox 1481 1320 1647 1358; x_wconf 78' lang='lat' dir='ltr'><strong>vocatur</strong></span> <span class='ocrx_word' id='word_1_147' title='bbox 1665 1317 1787 1358; x_wconf 78' lang='lat' dir='ltr'><strong>etiam</strong></span> 
     </span>
     <span class='ocr_line' id='line_1_19' title="bbox 206 1374 1790 1428; baseline 0.003 -16"><span class='ocrx_word' id='word_1_148' title='bbox 206 1374 310 1424; x_wconf 84' lang='lat' dir='ltr'><strong>apud</strong></span> <span class='ocrx_word' id='word_1_149' title='bbox 342 1374 445 1414; x_wconf 82' lang='lat' dir='ltr'><strong>Plat.</strong></span> <span class='ocrx_word' id='word_1_150' title='bbox 478 1374 642 1426; x_wconf 84' lang='lat' dir='ltr'><strong>Protag.</strong></span> <span class='ocrx_word' id='word_1_151' title='bbox 676 1377 802 1415; x_wconf 71' lang='lat'>3150.</span> <span class='ocrx_word' id='word_1_152' title='bbox 849 1376 1032 1426; x_wconf 86' lang='lat' dir='ltr'><strong>Xenoph.</strong></span> <span class='ocrx_word' id='word_1_153' title='bbox 1063 1376 1169 1416; x_wconf 87' lang='lat' dir='ltr'><strong>Hell.</strong></span> <span class='ocrx_word' id='word_1_154' title='bbox 1205 1378 1247 1425; x_wconf 90' lang='lat'><strong>1,</strong></span> <span class='ocrx_word' id='word_1_155' title='bbox 1282 1377 1327 1425; x_wconf 83' lang='lat'><strong>4,</strong></span> <span class='ocrx_word' id='word_1_156' title='bbox 1371 1377 1438 1415; x_wconf 83' lang='lat'><strong>21.</strong></span> <span class='ocrx_word' id='word_1_157' title='bbox 1497 1375 1790 1428; x_wconf 75' lang='lat' dir='ltr'><strong>Aristophanes</strong></span> 
     </span>
     <span class='ocr_line' id='line_1_20' title="bbox 208 1431 1788 1484; baseline 0.002 -14"><span class='ocrx_word' id='word_1_158' title='bbox 208 1431 495 1481; x_wconf 75' lang='lat' dir='ltr'><strong>Leucolophum</strong></span> <span class='ocrx_word' id='word_1_159' title='bbox 526 1432 628 1472; x_wconf 84' lang='lat' dir='ltr'><strong>dixit</strong></span> <span class='ocrx_word' id='word_1_160' title='bbox 659 1434 779 1472; x_wconf 88' lang='lat' dir='ltr'><strong>metri</strong></span> <span class='ocrx_word' id='word_1_161' title='bbox 808 1434 1045 1474; x_wconf 79' lang='lat' dir='ltr'><strong>necessitate</strong></span> <span class='ocrx_word' id='word_1_162' title='bbox 1076 1436 1250 1474; x_wconf 79' lang='lat' dir='ltr'><strong>coactus.</strong></span> <span class='ocrx_word' id='word_1_163' title='bbox 1301 1433 1351 1473; x_wconf 88' lang='lat' dir='ltr'><strong>cf.</strong></span> <span class='ocrx_word' id='word_1_164' title='bbox 1383 1445 1485 1484; x_wconf 76' lang='lat' dir='ltr'><strong>quae</strong></span> <span class='ocrx_word' id='word_1_165' title='bbox 1515 1433 1707 1473; x_wconf 73' lang='lat' dir='ltr'><strong>adnotavi</strong></span> <span class='ocrx_word' id='word_1_166' title='bbox 1737 1432 1788 1473; x_wconf 73' lang='lat' dir='ltr'><strong>ad</strong></span> 
     </span>
     <span class='ocr_line' id='line_1_21' title="bbox 207 1488 1785 1544; baseline 0.003 -17"><span class='ocrx_word' id='word_1_167' title='bbox 207 1488 415 1539; x_wconf 85' lang='lat' dir='ltr'><strong>Aristoph.</strong></span> <span class='ocrx_word' id='word_1_168' title='bbox 437 1489 543 1528; x_wconf 89' lang='lat' dir='ltr'><strong>Nub.</strong></span> <span class='ocrx_word' id='word_1_169' title='bbox 567 1490 634 1529; x_wconf 88' lang='lat'><strong>65.</strong></span> <span class='ocrx_word' id='word_1_170' title='bbox 664 1491 903 1531; x_wconf 78' lang='lat' dir='ltr'><strong>Porthaonis</strong></span> <span class='ocrx_word' id='word_1_171' title='bbox 933 1491 1171 1544; x_wconf 81' lang='lat' dir='ltr'><strong>cognomine</strong></span> <span class='ocrx_word' id='word_1_172' title='bbox 1204 1491 1468 1531; x_wconf 83' lang='lat' dir='ltr'><strong>Adimantum</strong></span> <span class='ocrx_word' id='word_1_173' title='bbox 1498 1490 1670 1531; x_wconf 86' lang='lat' dir='ltr'><strong>militem</strong></span> <span class='ocrx_word' id='word_1_174' title='bbox 1699 1490 1785 1542; x_wconf 83' lang='lat' dir='ltr'><strong>glo-</strong></span> 
     </span>
     <span class='ocr_line' id='line_1_22' title="bbox 206 1545 1520 1599; baseline 0.003 -15"><span class='ocrx_word' id='word_1_175' title='bbox 206 1545 357 1585; x_wconf 88' lang='lat' dir='ltr'><strong>riosum</strong></span> <span class='ocrx_word' id='word_1_176' title='bbox 388 1559 474 1586; x_wconf 86' lang='lat' dir='ltr'><strong>esse</strong></span> <span class='ocrx_word' id='word_1_177' title='bbox 504 1547 669 1586; x_wconf 83' lang='lat' dir='ltr'><strong>indicat.</strong></span> <span class='ocrx_word' id='word_1_178' title='bbox 700 1548 819 1599; x_wconf 85' lang='lat' dir='ltr'><strong>prisci</strong></span> <span class='ocrx_word' id='word_1_179' title='bbox 849 1548 1089 1588; x_wconf 78' lang='lat' dir='ltr'><strong>Porthaonis</strong></span> <span class='ocrx_word' id='word_1_180' title='bbox 1118 1548 1225 1588; x_wconf 88' lang='lat' dir='ltr'><strong>filius</strong></span> <span class='ocrx_word' id='word_1_181' title='bbox 1256 1551 1318 1588; x_wconf 91' lang='lat' dir='ltr'><strong>est</strong></span> <span class='ocrx_word' id='word_1_182' title='bbox 1348 1548 1520 1588; x_wconf 84' lang='lat' dir='ltr'><strong>Oeneus.</strong></span> 
     </span>
    </p>
   </div>
   <div class='ocr_carea' id='block_1_8' title="bbox 954 1681 1036 1724">
    <p class='ocr_par' dir='ltr' id='par_1_8' title="bbox 954 1681 1036 1724">
     <span class='ocr_line' id='line_1_23' title="bbox 954 1681 1036 1724; baseline 0 0"><span class='ocrx_word' id='word_1_183' title='bbox 954 1681 1036 1724; x_wconf 84' lang='lat'><strong>211</strong></span> 
     </span>
    </p>
   </div>
   <div class='ocr_carea' id='block_1_9' title="bbox 410 1765 1511 1898">
    <p class='ocr_par' dir='ltr' id='par_1_9' title="bbox 410 1765 1511 1898">
     <span class='ocr_line' id='line_1_24' title="bbox 411 1765 1495 1829; baseline 0.002 -15"><span class='ocrx_word' id='word_1_184' title='bbox 411 1768 473 1821; x_wconf 74' lang='grc' dir='ltr'><strong>ὥς</strong></span> <span class='ocrx_word' id='word_1_185' title='bbox 502 1765 588 1815; x_wconf 82' lang='grc' dir='ltr'><em>οὖν</em></span> <span class='ocrx_word' id='word_1_186' title='bbox 618 1770 706 1815; x_wconf 85' lang='grc' dir='ltr'><em>τίν’</em></span> <span class='ocrx_word' id='word_1_187' title='bbox 740 1774 862 1815; x_wconf 81' lang='grc' dir='ltr'><em>ἔλθω</em></span> <span class='ocrx_word' id='word_1_188' title='bbox 894 1773 1008 1828; x_wconf 86' lang='grc' dir='ltr'><em>δῆτά</em></span> <span class='ocrx_word' id='word_1_189' title='bbox 1039 1783 1111 1816; x_wconf 91' lang='grc' dir='ltr'><strong>σοι</strong></span> <span class='ocrx_word' id='word_1_190' title='bbox 1141 1773 1233 1816; x_wconf 77' lang='grc' dir='ltr'><strong>τῶν</strong></span> <span class='ocrx_word' id='word_1_191' title='bbox 1261 1774 1495 1829; x_wconf 86' lang='grc' dir='ltr'><em>μάντεων;</em></span> 
     </span>
     <span class='ocr_line' id='line_1_25' title="bbox 410 1838 1511 1898; baseline 0.003 -16"><span class='ocrx_word' id='word_1_192' title='bbox 410 1840 599 1895; x_wconf 80' lang='grc' dir='ltr'><em>πότερος</em></span> <span class='ocrx_word' id='word_1_193' title='bbox 628 1838 830 1896; x_wconf 81' lang='grc' dir='ltr'><em>ἀμείνων</em></span> <span class='ocrx_word' id='word_1_194' title='bbox 860 1840 1152 1897; x_wconf 54' lang='lat' dir='ltr'><strong>cip-(porsonam</strong></span> <span class='ocrx_word' id='word_1_195' title='bbox 1184 1838 1213 1898; x_wconf 83' lang='grc' dir='ltr'><em>ἢ</em></span> <span class='ocrx_word' id='word_1_196' title='bbox 1245 1842 1511 1898; x_wconf 80' lang='grc' dir='ltr'><em>Στιλβι’δης;</em></span> 
     </span>
    </p>
   </div>
   <div class='ocr_carea' id='block_1_10' title="bbox 205 1932 1786 2381">
    <p class='ocr_par' dir='ltr' id='par_1_10' title="bbox 205 1932 1786 2381">
     <span class='ocr_line' id='line_1_26' title="bbox 320 1932 1786 1990; baseline 0.002 -17"><span class='ocrx_word' id='word_1_197' title='bbox 320 1934 451 1977; x_wconf 88' lang='lat' dir='ltr'><strong>Schol.</strong></span> <span class='ocrx_word' id='word_1_198' title='bbox 483 1936 690 1987; x_wconf 88' lang='lat' dir='ltr'><strong>Aristoph.</strong></span> <span class='ocrx_word' id='word_1_199' title='bbox 724 1936 813 1976; x_wconf 79' lang='lat' dir='ltr'><strong>Pac.</strong></span> <span class='ocrx_word' id='word_1_200' title='bbox 858 1938 962 1976; x_wconf 88' lang='lat'>1031</span> <span class='ocrx_word' id='word_1_201' title='bbox 1004 1932 1025 1976; x_wconf 90' lang='grc' dir='ltr'>ὁ</span> <span class='ocrx_word' id='word_1_202' title='bbox 1069 1936 1290 1990; x_wconf 86' lang='grc' dir='ltr'><em>Στιλβίδης</em></span> <span class='ocrx_word' id='word_1_203' title='bbox 1329 1932 1537 1988; x_wconf 82' lang='grc' dir='ltr'><em>εὐδόκιμος</em></span> <span class='ocrx_word' id='word_1_204' title='bbox 1573 1935 1640 1977; x_wconf 80' lang='grc' dir='ltr'><strong>καὶ</strong></span> <span class='ocrx_word' id='word_1_205' title='bbox 1674 1949 1786 1990; x_wconf 77' lang='grc' dir='ltr'><em>περι-</em></span> 
     </span>
     <span class='ocr_line' id='line_1_27' title="bbox 205 1988 1784 2048; baseline 0.003 -19"><span class='ocrx_word' id='word_1_206' title='bbox 205 1988 350 2048; x_wconf 74' lang='grc' dir='ltr'><em>βόητος</em></span> <span class='ocrx_word' id='word_1_207' title='bbox 390 1990 531 2042; x_wconf 79' lang='grc' dir='ltr'><em>μάντις</em></span> <span class='ocrx_word' id='word_1_208' title='bbox 563 2023 572 2032; x_wconf 90' lang='grc'><strong>.</strong></span> <span class='ocrx_word' id='word_1_209' title='bbox 607 2023 615 2031; x_wconf 91' lang='grc'><strong>.</strong></span> <span class='ocrx_word' id='word_1_210' title='bbox 650 2024 658 2032; x_wconf 94' lang='grc'><strong>.</strong></span> <span class='ocrx_word' id='word_1_211' title='bbox 689 1990 885 2045; x_wconf 82' lang='grc' dir='ltr'><em>μέμνηται</em></span> <span class='ocrx_word' id='word_1_212' title='bbox 920 1990 964 2033; x_wconf 80' lang='grc' dir='ltr'><strong>δὲ</strong></span> <span class='ocrx_word' id='word_1_213' title='bbox 1000 1991 1127 2035; x_wconf 79' lang='grc' dir='ltr'><em>αὐτοῦ</em></span> <span class='ocrx_word' id='word_1_214' title='bbox 1163 1993 1232 2034; x_wconf 80' lang='grc' dir='ltr'><strong>καὶ</strong></span> <span class='ocrx_word' id='word_1_215' title='bbox 1271 1991 1451 2041; x_wconf 71' lang='grc' dir='ltr'><em>Εὔπολις</em></span> <span class='ocrx_word' id='word_1_216' title='bbox 1490 1992 1669 2034; x_wconf 88' lang='grc' dir='ltr'><em>Πόλεσιν</em></span> <span class='ocrx_word' id='word_1_217' title='bbox 1703 1996 1784 2035; x_wconf 75' lang='grc' dir='ltr'><strong>κτλ.</strong></span> 
     </span>
     <span class='ocr_line' id='line_1_28' title="bbox 210 2043 1784 2106; baseline 0.004 -20"><span class='ocrx_word' id='word_1_218' title='bbox 210 2050 242 2086; x_wconf 91' lang='grc'><strong>1.</strong></span> <span class='ocrx_word' id='word_1_219' title='bbox 276 2046 365 2102; x_wconf 86' lang='grc' dir='ltr'><em>οὐν]</em></span> <span class='ocrx_word' id='word_1_220' title='bbox 398 2043 451 2088; x_wconf 77' lang='grc' dir='ltr'><strong>αὖ</strong></span> <span class='ocrx_word' id='word_1_221' title='bbox 478 2050 572 2089; x_wconf 88' lang='lat' dir='ltr'><strong>Ald.</strong></span> <span class='ocrx_word' id='word_1_222' title='bbox 594 2046 846 2103; x_wconf 73' lang='grc' dir='ltr'><em>ἀμφοτέρων]</em></span> <span class='ocrx_word' id='word_1_223' title='bbox 878 2046 1098 2105; x_wconf 80' lang='grc' dir='ltr'><em>ἆμφότερος</em></span> <span class='ocrx_word' id='word_1_224' title='bbox 1117 2052 1166 2090; x_wconf 89' lang='lat' dir='ltr'><strong>V.</strong></span> <span class='ocrx_word' id='word_1_225' title='bbox 1187 2045 1277 2106; x_wconf 78' lang='grc' dir='ltr'><strong>ἢ]ἧ</strong></span> <span class='ocrx_word' id='word_1_226' title='bbox 1311 2053 1480 2092; x_wconf 86' lang='lat' dir='ltr'><strong>Florens</strong></span> <span class='ocrx_word' id='word_1_227' title='bbox 1511 2050 1784 2105; x_wconf 75' lang='lat' dir='ltr'><strong>Christianus3</strong></span> 
     </span>
     <span class='ocr_line' id='line_1_29' title="bbox 205 2105 1786 2162; baseline 0.004 -19"><span class='ocrx_word' id='word_1_228' title='bbox 205 2118 283 2155; x_wconf 91' lang='lat' dir='ltr'><strong>quo</strong></span> <span class='ocrx_word' id='word_1_229' title='bbox 318 2107 419 2145; x_wconf 90' lang='lat' dir='ltr'><strong>nihil</strong></span> <span class='ocrx_word' id='word_1_230' title='bbox 456 2107 677 2157; x_wconf 87' lang='lat' dir='ltr'><strong>proficitur.</strong></span> <span class='ocrx_word' id='word_1_231' title='bbox 724 2108 928 2148; x_wconf 85' lang='lat' dir='ltr'><strong>Herwerd.</strong></span> <span class='ocrx_word' id='word_1_232' title='bbox 971 2109 1068 2149; x_wconf 91' lang='lat' dir='ltr'><strong>Obs.</strong></span> <span class='ocrx_word' id='word_1_233' title='bbox 1109 2110 1198 2150; x_wconf 90' lang='lat' dir='ltr'><strong>crit.</strong></span> <span class='ocrx_word' id='word_1_234' title='bbox 1241 2110 1293 2148; x_wconf 86' lang='lat'><strong>26</strong></span> <span class='ocrx_word' id='word_1_235' title='bbox 1331 2105 1594 2162; x_wconf 71' lang='grc' dir='ltr'><em>Ἀμᾳοτερός,</em></span> <span class='ocrx_word' id='word_1_236' title='bbox 1632 2109 1786 2160; x_wconf 76' lang='lat' dir='ltr'><strong>‘plures</strong></span> 
     </span>
     <span class='ocr_line' id='line_1_30' title="bbox 207 2162 1784 2217; baseline 0.004 -17"><span class='ocrx_word' id='word_1_237' title='bbox 207 2162 313 2201; x_wconf 89' lang='lat' dir='ltr'><strong>enim</strong></span> <span class='ocrx_word' id='word_1_238' title='bbox 345 2164 500 2203; x_wconf 91' lang='lat' dir='ltr'><strong>duobus</strong></span> <span class='ocrx_word' id='word_1_239' title='bbox 521 2165 691 2205; x_wconf 88' lang='lat' dir='ltr'><strong>Athenis</strong></span> <span class='ocrx_word' id='word_1_240' title='bbox 714 2168 827 2205; x_wconf 82' lang='lat' dir='ltr'><strong>erant</strong></span> <span class='ocrx_word' id='word_1_241' title='bbox 846 2166 1106 2217; x_wconf 84' lang='lat' dir='ltr'><strong>haruspices’.</strong></span> <span class='ocrx_word' id='word_1_242' title='bbox 1146 2180 1190 2207; x_wconf 79' lang='lat' dir='ltr'><strong>ac</strong></span> <span class='ocrx_word' id='word_1_243' title='bbox 1230 2166 1346 2207; x_wconf 88' lang='lat' dir='ltr'><strong>novit</strong></span> <span class='ocrx_word' id='word_1_244' title='bbox 1380 2167 1422 2206; x_wconf 90' lang='lat' dir='ltr'><strong>id</strong></span> <span class='ocrx_word' id='word_1_245' title='bbox 1465 2179 1614 2206; x_wconf 85' lang='lat' dir='ltr'><strong>nomen</strong></span> <span class='ocrx_word' id='word_1_246' title='bbox 1658 2166 1784 2206; x_wconf 86' lang='lat' dir='ltr'><strong>Hero·</strong></span> 
     </span>
     <span class='ocr_line' id='line_1_31' title="bbox 207 2219 1783 2275; baseline 0.004 -19"><span class='ocrx_word' id='word_1_247' title='bbox 207 2219 310 2260; x_wconf 87' lang='lat' dir='ltr'><strong>dian.</strong></span> <span class='ocrx_word' id='word_1_248' title='bbox 340 2219 380 2259; x_wconf 96' lang='lat' dir='ltr'><strong>II</strong></span> <span class='ocrx_word' id='word_1_249' title='bbox 411 2222 458 2269; x_wconf 82' lang='lat'><strong>4,</strong></span> <span class='ocrx_word' id='word_1_250' title='bbox 489 2223 512 2260; x_wconf 89' lang='grc'><em>5</em></span> <span class='ocrx_word' id='word_1_251' title='bbox 552 2222 691 2262; x_wconf 91' lang='lat' dir='ltr'><strong>Lentz.</strong></span> <span class='ocrx_word' id='word_1_252' title='bbox 750 2225 883 2263; x_wconf 81' lang='lat' dir='ltr'><strong>vatem</strong></span> <span class='ocrx_word' id='word_1_253' title='bbox 921 2226 1055 2263; x_wconf 84' lang='lat' dir='ltr'><strong>tamen</strong></span> <span class='ocrx_word' id='word_1_254' title='bbox 1092 2224 1384 2275; x_wconf 84' lang='lat' dir='ltr'><strong>Amphoterum</strong></span> <span class='ocrx_word' id='word_1_255' title='bbox 1426 2224 1549 2263; x_wconf 86' lang='lat' dir='ltr'><strong>fuisse</strong></span> <span class='ocrx_word' id='word_1_256' title='bbox 1587 2236 1783 2274; x_wconf 77' lang='lat' dir='ltr'><strong>nusquam</strong></span> 
     </span>
     <span class='ocr_line' id='line_1_32' title="bbox 206 2276 1784 2331; baseline 0.004 -17"><span class='ocrx_word' id='word_1_257' title='bbox 206 2276 299 2326; x_wconf 86' lang='lat' dir='ltr'><strong>legi.</strong></span> <span class='ocrx_word' id='word_1_258' title='bbox 345 2278 392 2316; x_wconf 91' lang='lat' dir='ltr'><strong>de</strong></span> <span class='ocrx_word' id='word_1_259' title='bbox 432 2278 594 2319; x_wconf 71' lang='lat' dir='ltr'><strong>Stilbide</strong></span> <span class='ocrx_word' id='word_1_260' title='bbox 633 2281 684 2320; x_wconf 87' lang='lat' dir='ltr'><strong>cf.</strong></span> <span class='ocrx_word' id='word_1_261' title='bbox 716 2280 923 2331; x_wconf 87' lang='lat' dir='ltr'><strong>Aristoph.</strong></span> <span class='ocrx_word' id='word_1_262' title='bbox 956 2281 1032 2322; x_wconf 87' lang='lat' dir='ltr'><strong>Av.</strong></span> <span class='ocrx_word' id='word_1_263' title='bbox 1065 2282 1159 2320; x_wconf 88' lang='grc'><strong>139.</strong></span> <span class='ocrx_word' id='word_1_264' title='bbox 1193 2281 1256 2321; x_wconf 91' lang='lat' dir='ltr'><strong>Ol.</strong></span> <span class='ocrx_word' id='word_1_265' title='bbox 1290 2282 1356 2330; x_wconf 89' lang='lat'><strong>91,</strong></span> <span class='ocrx_word' id='word_1_266' title='bbox 1390 2283 1414 2320; x_wconf 89' lang='lat'><strong>3</strong></span> <span class='ocrx_word' id='word_1_267' title='bbox 1454 2282 1659 2320; x_wconf 89' lang='lat' dir='ltr'><strong>mortuum</strong></span> <span class='ocrx_word' id='word_1_268' title='bbox 1697 2293 1784 2321; x_wconf 86' lang='lat' dir='ltr'><strong>esse</strong></span> 
     </span>
     <span class='ocr_line' id='line_1_33' title="bbox 206 2334 1246 2381; baseline 0.009 -9"><span class='ocrx_word' id='word_1_269' title='bbox 206 2334 427 2375; x_wconf 84' lang='lat' dir='ltr'><strong>Meinekius</strong></span> <span class='ocrx_word' id='word_1_270' title='bbox 458 2335 477 2374; x_wconf 95' lang='lat' dir='ltr'>I</span> <span class='ocrx_word' id='word_1_271' title='bbox 511 2338 588 2375; x_wconf 89' lang='grc'><strong>141</strong></span> <span class='ocrx_word' id='word_1_272' title='bbox 623 2338 818 2378; x_wconf 84' lang='lat' dir='ltr'><strong>conclusit</strong></span> <span class='ocrx_word' id='word_1_273' title='bbox 847 2350 894 2377; x_wconf 83' lang='lat' dir='ltr'><strong>ex</strong></span> <span class='ocrx_word' id='word_1_274' title='bbox 925 2338 1030 2379; x_wconf 90' lang='lat' dir='ltr'><strong>Plut.</strong></span> <span class='ocrx_word' id='word_1_275' title='bbox 1060 2338 1147 2380; x_wconf 85' lang='lat' dir='ltr'><strong>Nic.</strong></span> <span class='ocrx_word' id='word_1_276' title='bbox 1180 2339 1246 2381; x_wconf 86' lang='lat'><strong>23.</strong></span> 
     </span>
    </p>
   </div>
   <div class='ocr_carea' id='block_1_11' title="bbox 403 2470 1334 2609">
    <p class='ocr_par' dir='ltr' id='par_1_11' title="bbox 403 2470 1334 2609">
     <span class='ocr_line' id='line_1_34' title="bbox 952 2470 1036 2512; baseline 0 0"><span class='ocrx_word' id='word_1_277' title='bbox 952 2470 1036 2512; x_wconf 82' lang='grc'><strong>212</strong></span> 
     </span>
     <span class='ocr_line' id='line_1_35' title="bbox 403 2546 1334 2609; baseline 0.004 -19"><span class='ocrx_word' id='word_1_278' title='bbox 403 2546 644 2603; x_wconf 82' lang='grc' dir='ltr'><em>Ἱερόκλεες</em></span> <span class='ocrx_word' id='word_1_279' title='bbox 674 2550 878 2605; x_wconf 83' lang='grc' dir='ltr'><em>βέλτιστε</em></span> <span class='ocrx_word' id='word_1_280' title='bbox 907 2551 1190 2609; x_wconf 79' lang='grc' dir='ltr'><em>χρησμῳδῶν</em></span> <span class='ocrx_word' id='word_1_281' title='bbox 1222 2549 1334 2602; x_wconf 80' lang='grc' dir='ltr'><em>ἄναξ</em></span> 
     </span>
    </p>
   </div>
   <div class='ocr_carea' id='block_1_12' title="bbox 205 2639 1777 2922">
    <p class='ocr_par' dir='ltr' id='par_1_12' title="bbox 205 2639 1777 2922">
     <span class='ocr_line' id='line_1_36' title="bbox 319 2639 1776 2698; baseline 0.004 -18"><span class='ocrx_word' id='word_1_282' title='bbox 319 2642 449 2682; x_wconf 86' lang='lat' dir='ltr'><strong>Schol.</strong></span> <span class='ocrx_word' id='word_1_283' title='bbox 481 2644 688 2695; x_wconf 89' lang='lat' dir='ltr'><strong>Aristoph.</strong></span> <span class='ocrx_word' id='word_1_284' title='bbox 721 2645 812 2684; x_wconf 84' lang='lat' dir='ltr'><strong>Pac.</strong></span> <span class='ocrx_word' id='word_1_285' title='bbox 856 2646 965 2686; x_wconf 87' lang='grc'><strong>1046</strong></span> <span class='ocrx_word' id='word_1_286' title='bbox 1000 2644 1142 2697; x_wconf 86' lang='grc' dir='ltr'><em>μάντις</em></span> <span class='ocrx_word' id='word_1_287' title='bbox 1182 2639 1235 2697; x_wconf 79' lang='grc' dir='ltr'><strong>ἦν</strong></span> <span class='ocrx_word' id='word_1_288' title='bbox 1271 2643 1341 2685; x_wconf 81' lang='grc' dir='ltr'><strong>καὶ</strong></span> <span class='ocrx_word' id='word_1_289' title='bbox 1377 2641 1642 2698; x_wconf 81' lang='grc' dir='ltr'><em>χρησμολόγος</em></span> <span class='ocrx_word' id='word_1_290' title='bbox 1682 2675 1694 2686; x_wconf 90' lang='grc'><strong>.</strong></span> <span class='ocrx_word' id='word_1_291' title='bbox 1724 2676 1733 2686; x_wconf 98' lang='grc'><strong>.</strong></span> <span class='ocrx_word' id='word_1_292' title='bbox 1767 2676 1776 2685; x_wconf 92' lang='grc'><strong>.</strong></span> 
     </span>
     <span class='ocr_line' id='line_1_37' title="bbox 205 2696 1775 2755; baseline 0.004 -20"><span class='ocrx_word' id='word_1_293' title='bbox 205 2696 271 2736; x_wconf 84' lang='grc' dir='ltr'><strong>καὶ</strong></span> <span class='ocrx_word' id='word_1_294' title='bbox 299 2696 479 2746; x_wconf 78' lang='grc' dir='ltr'><em>Εὔπολις</em></span> <span class='ocrx_word' id='word_1_295' title='bbox 511 2697 686 2741; x_wconf 90' lang='grc' dir='ltr'><em>Πόλεσιν</em></span> <span class='ocrx_word' id='word_1_296' title='bbox 705 2703 786 2740; x_wconf 85' lang='grc' dir='ltr'><strong>κτλ.</strong></span> <span class='ocrx_word' id='word_1_297' title='bbox 819 2703 1008 2743; x_wconf 85' lang='lat' dir='ltr'><strong>admonet</strong></span> <span class='ocrx_word' id='word_1_298' title='bbox 1028 2703 1258 2743; x_wconf 81' lang='lat' dir='ltr'><strong>Dindorfius</strong></span> <span class='ocrx_word' id='word_1_299' title='bbox 1279 2705 1440 2755; x_wconf 79' lang='lat' dir='ltr'><strong>poetam</strong></span> <span class='ocrx_word' id='word_1_300' title='bbox 1459 2703 1612 2743; x_wconf 79' lang='lat' dir='ltr'><strong>imitari</strong></span> <span class='ocrx_word' id='word_1_301' title='bbox 1632 2702 1775 2743; x_wconf 87' lang='lat' dir='ltr'><strong>Aesch.</strong></span> 
     </span>
     <span class='ocr_line' id='line_1_38' title="bbox 208 2753 1776 2812; baseline 0.003 -19"><span class='ocrx_word' id='word_1_302' title='bbox 208 2755 321 2805; x_wconf 87' lang='lat' dir='ltr'><strong>Sept.</strong></span> <span class='ocrx_word' id='word_1_303' title='bbox 354 2758 406 2795; x_wconf 88' lang='lat'><strong>39</strong></span> <span class='ocrx_word' id='word_1_304' title='bbox 432 2753 662 2809; x_wconf 82' lang='grc' dir='ltr'><em>Ἐτεόκλεες,</em></span> <span class='ocrx_word' id='word_1_305' title='bbox 683 2757 852 2812; x_wconf 45' lang='grc' dir='ltr'><em>,φέριστε</em></span> <span class='ocrx_word' id='word_1_306' title='bbox 883 2759 1099 2812; x_wconf 89' lang='grc' dir='ltr'><em>Καδμείων</em></span> <span class='ocrx_word' id='word_1_307' title='bbox 1128 2757 1243 2810; x_wconf 72' lang='grc' dir='ltr'><em>ἅναξ.</em></span> <span class='ocrx_word' id='word_1_308' title='bbox 1275 2762 1324 2800; x_wconf 87' lang='lat' dir='ltr'><strong>de</strong></span> <span class='ocrx_word' id='word_1_309' title='bbox 1355 2761 1485 2800; x_wconf 81' lang='lat' dir='ltr'><strong>forma</strong></span> <span class='ocrx_word' id='word_1_310' title='bbox 1521 2761 1695 2802; x_wconf 72' lang='lat' dir='ltr'><strong>vocativi</strong></span> <span class='ocrx_word' id='word_1_311' title='bbox 1725 2759 1776 2800; x_wconf 80' lang='lat' dir='ltr'><strong>cf.</strong></span> 
     </span>
     <span class='ocr_line' id='line_1_39' title="bbox 206 2814 1777 2869; baseline 0.004 -18"><span class='ocrx_word' id='word_1_312' title='bbox 206 2825 308 2863; x_wconf 81' lang='lat' dir='ltr'><strong>quae</strong></span> <span class='ocrx_word' id='word_1_313' title='bbox 338 2814 618 2856; x_wconf 74' lang='lat' dir='ltr'><strong>adnotavimus</strong></span> <span class='ocrx_word' id='word_1_314' title='bbox 648 2817 698 2855; x_wconf 84' lang='lat' dir='ltr'><strong>ad</strong></span> <span class='ocrx_word' id='word_1_315' title='bbox 728 2817 935 2868; x_wconf 86' lang='lat' dir='ltr'><strong>Aristoph.</strong></span> <span class='ocrx_word' id='word_1_316' title='bbox 966 2819 1042 2869; x_wconf 88' lang='lat' dir='ltr'><strong>Eq.</strong></span> <span class='ocrx_word' id='word_1_317' title='bbox 1065 2819 1160 2858; x_wconf 84' lang='lat'>283.</span> <span class='ocrx_word' id='word_1_318' title='bbox 1191 2819 1362 2859; x_wconf 77' lang='lat' dir='ltr'><strong>fortasse</strong></span> <span class='ocrx_word' id='word_1_319' title='bbox 1386 2817 1591 2858; x_wconf 83' lang='lat' dir='ltr'><strong>Hierocles</strong></span> <span class='ocrx_word' id='word_1_320' title='bbox 1611 2818 1645 2858; x_wconf 82' lang='lat' dir='ltr'><strong>is</strong></span> <span class='ocrx_word' id='word_1_321' title='bbox 1665 2819 1777 2858; x_wconf 79' lang='lat' dir='ltr'><strong>vates</strong></span> 
     </span>
     <span class='ocr_line' id='line_1_40' title="bbox 210 2871 1104 2922; baseline 0.007 -14"><span class='ocrx_word' id='word_1_322' title='bbox 210 2871 282 2918; x_wconf 88' lang='lat' dir='ltr'><strong>est,</strong></span> <span class='ocrx_word' id='word_1_323' title='bbox 314 2871 363 2909; x_wconf 91' lang='lat' dir='ltr'><strong>de</strong></span> <span class='ocrx_word' id='word_1_324' title='bbox 393 2884 471 2921; x_wconf 89' lang='lat' dir='ltr'><strong>quo</strong></span> <span class='ocrx_word' id='word_1_325' title='bbox 502 2873 732 2913; x_wconf 82' lang='lat' dir='ltr'><strong>advocando</strong></span> <span class='ocrx_word' id='word_1_326' title='bbox 763 2874 811 2913; x_wconf 85' lang='lat' dir='ltr'><strong>fr.</strong></span> <span class='ocrx_word' id='word_1_327' title='bbox 843 2876 924 2913; x_wconf 87' lang='grc'><strong>211</strong></span> <span class='ocrx_word' id='word_1_328' title='bbox 958 2876 1104 2922; x_wconf 79' lang='lat' dir='ltr'><strong>agitur.</strong></span> 
     </span>
    </p>
   </div>
  </div>
 </body>
</html>
