1872 3224
205 144 288 187 712
837 141 1150 176 ΣΤΡΑΤΤΙΔΟΣ

986 243 1014 286 2

411 327 503 368 τῶν
533 324 583 366 δὲ
614 322 821 380 διδύμων
853 323 1059 378 ἐκγόνων
1089 322 1379 399 σεμιδάλιδος

322 409 551 448 Athenaeus
583 407 778 456 3,127d
818 403 1059 474 σεμιδάλεως
1098 402 1143 445 δὲ
1178 403 1372 458 μέμνηται
1404 401 1706 474 ..Στράττις
1739 403 1785 446 ἒν

205 464 607 519 Ἀνθρωπορραίστῃ·
640 461 715 515 τὴν
744 460 908 517 γενικὴν
937 460 982 502 δὲ
1003 459 1253 516 σεμιδάλιδος
1285 462 1446 516 εἴρηκεν
1475 459 1496 503 ὅ
1518 459 1711 516 Στράττις
1741 461 1787 504 ἐν

207 530 260 563 τῶ
290 520 399 577 αὐτῷ
429 521 600 575 δράματι
629 519 757 568 οὕτως
787 523 869 560 κτλ.
902 522 1045 561 Pollux
1078 523 1115 570 6,
1140 522 1192 560 75
1224 519 1416 574 Στράττις
1447 517 1491 560 δὲ
1523 519 1590 561 καὶ
1619 518 1694 573 τὴν
1721 534 1782 574 γε·

208 579 327 632 νικὴν
357 579 491 631 εἴρηκε
523 577 788 630 σεμιδάλιδος.
820 579 1010 619 videntur
1038 579 1212 618 trimetri
1251 592 1357 628 esse,
1397 592 1568 630 quorum
1597 579 1700 618 alter
1729 579 1787 618 in-

208 640 305 690 cipit
334 652 357 677 a
386 650 481 678 voce
519 635 784 687 σεμιδάλιδος.
830 636 981 677 Iacobs.
1013 636 1156 676 Addit.
1188 637 1242 675 85
1274 630 1426 675 τούτων
1455 632 1521 685 δὲ,
1562 635 1786 676 Meinekius

207 699 299 744 post
336 693 520 745 διδύμων
557 695 729 734 inseruit
765 698 869 744 τῶν,
915 696 962 733 ut
1005 706 1131 732 unum
1177 693 1330 733 scilicet
1365 706 1527 734 versum
1570 693 1787 734 efficerent.

209 750 383 802 ‘farinae
409 754 529 816 filios
543 752 641 791 dicit
670 764 805 802 panes.
838 751 1042 791 Archestr.
1073 750 1221 790 Athen.
1252 751 1433 800 3,112b
1465 748 1534 790 τὸν
1564 747 1608 790 ἐκ
1641 746 1787 803 Τεγέας

210 808 438 861 σεμιδάλεος
470 801 561 848 υἱὸν
591 806 782 849 ἐπαινων.
815 809 855 858 4,
891 810 1000 848 1370
1046 805 1255 860 Δήμητρος
1292 804 1408 847 παῖδ’
1449 801 1573 847 ὀπτὸν
1611 804 1787 847 ἐπεισελ-

210 866 340 907 θόντα
376 866 637 906 πλακοῦντα)
689 866 792 906 addo
830 866 994 917 Philyll.
1035 866 1075 905 4.
1129 862 1380 917 σεμιδάλιδος
1426 865 1573 906 dixisse
1613 865 1785 915 videtur,

212 926 336 976 ‘quod
367 926 416 964 de
445 925 576 967 farina
595 926 799 974 tamquam
830 923 879 962 dc
910 936 1083 974 persona
1112 923 1304 974 loquitur.
1335 924 1414 963 fuit
1443 923 1551 964 enim
1573 921 1788 975 Σεμίδαλις

212 996 357 1022 nomen
379 983 598 1033 proprium.
639 981 796 1021 Alexid.
814 980 963 1021 Athen.
984 981 1024 1026 4,
1050 981 1173 1020 1340.
1196 982 1234 1029 6,
1251 981 1333 1020 242
1345 981 1400 1020 d?
1442 981 1615 1021 Meinek.

714 1116 969 1151 ΑΡΓΤΡῘΟΤ
993 1115 1285 1150 ΑΦΑΝΙΣΜΟΣ

327 1211 486 1252 Titulus
517 1211 678 1251 dubius.
711 1211 762 1252 cf.
793 1210 968 1250 Meinek.
999 1210 1020 1249 I
1051 1210 1147 1253 224,

871 1346 1143 1380 ΑΤΑΛΑΝΤΗ

330 1442 462 1482 Schol.
493 1441 701 1491 Aristoph
733 1442 832 1480 Rau.
869 1441 949 1481 146
989 1442 1121 1495 πολλῳ
1148 1437 1317 1492 ὕστερον
1354 1444 1435 1479 τῶν
1471 1437 1690 1492 Βατράχων
1727 1438 1792 1480 δε-

216 1499 400 1539 δίδακται
429 1495 454 1549 ἡ
484 1494 704 1549 Ἀταλάντη
735 1494 775 1552 (ὁ
814 1494 1049 1545 Ἀτάλαντος
1091 1496 1266 1551 codices)
1298 1494 1551 1550 Στράττιδος.
1596 1497 1646 1537 cf.
1679 1497 1791 1537 Suid.

216 1563 340 1607 σκωρ.
374 1557 606 1595 Atalantam
636 1557 885 1606 scripserunt
915 1556 1036 1595 etiam
1057 1555 1216 1604 Callias,
1249 1555 1481 1607 Euthycles,
1513 1555 1668 1606 Alexis,
1697 1554 1790 1594 Phi-

216 1616 368 1667 lyllius,
399 1614 664 1652 Philetaerus.
696 1613 868 1653 Meinek.
898 1612 919 1652 I
941 1613 1037 1652 225.
1069 1613 1155 1652 sine
1186 1612 1307 1652 dubio
1329 1613 1506 1653 fabulam
1527 1612 1575 1652 de
1598 1611 1792 1652 Atalanta

217 1675 258 1711 et
289 1672 488 1723 Meleagro
518 1671 583 1710 vel
613 1670 832 1710 Milanione
862 1671 1012 1710 comice
1041 1671 1295 1710 tractaverat.

1001 1782 1028 1825 3

422 1863 497 1904 καὶ
527 1860 611 1918 τήν
643 1863 880 1917 Λαγίσκαν
909 1859 993 1917 τὴν
1018 1859 1307 1918 Ἰσοκράτους
1335 1859 1574 1918 παλλακὴν

425 1929 579 1985 εὑρεῖν
609 1947 663 1988 με
694 1930 1000 1985 συκάζουσαν,
1034 1927 1123 1974 εἶθ’
1154 1928 1286 1986 ἥκειν
1314 1930 1427 1986 ταχὺ

423 1997 506 2042 τὸν
537 1997 835 2055 αὐλοτρύπην
866 1995 1021 2042 αὐτόν.

333 2084 415 2125 Vit.
431 2084 555 2124 Isocr.
572 2097 610 2134 p.
629 2084 710 2123 256
723 2083 935 2123 Westerm.
959 2078 1244 2122 σκώπτουσιδ’
1264 2074 1644 2152 αὕτὸνῌσοκράτη)
1664 2082 1706 2123 οἷ
1715 2097 1792 2122 κω

217 2138 326 2193 μικοὶ
348 2138 411 2179 ἐπὶ
441 2142 487 2195 τῇ
509 2139 709 2195 Λαγίσκη,
741 2155 801 2179 ων
821 2135 878 2188 εἷς
909 2138 991 2180 ἐστι
1019 2155 1087 2179 και
1108 2138 1299 2192 Στράττις
1325 2137 1452 2193 λέγων
1482 2139 1603 2179 ταῦτα
1625 2137 1670 2180 ἑν
1686 2136 1796 2180 Ἀτα-

218 2197 342 2253 λάντῃ
363 2199 445 2237 κτλ.
478 2198 706 2237 Athenaeus
733 2199 796 2247 13,
821 2198 938 2238 592d
964 2195 1191 2263 Έρμιππος
1221 2195 1493 2250 προβαίνοντά
1524 2207 1626 2249 φησι
1645 2202 1694 2252 τῇ
1714 2193 1796 2249 ηλι-

219 2257 286 2295 κία
308 2254 379 2294 τὸν
404 2247 609 2307 Ἰσοκράτη
639 2252 860 2306 ἀναλαβεῖν
880 2254 1097 2307 Λαγίσκαν
1118 2249 1190 2306 τὴν
1211 2252 1373 2307 ἑταίραν
1402 2254 1458 2302 εἰς
1480 2252 1554 2306 τὴν
1573 2237 1725 2305 οἰκίάν,
1757 2252 1797 2304 ἐξ

218 2308 268 2365 ἧς
299 2311 367 2352 καὶ
403 2310 596 2363 γενέσθαι
634 2308 743 2367 αὐτῷ
779 2310 1015 2365 θυγάτριον.
1073 2310 1317 2364 μνημονεύει
1354 2309 1398 2351 δ’
1439 2308 1566 2364 αὐτῆς
1603 2310 1796 2365 Στράττις

220 2369 264 2410 ἐν
294 2366 445 2416 τούτοις
475 2372 556 2409 κτλ.
597 2370 647 2410 cf.
678 2371 916 2421 Harpocrat.
956 2368 1146 2422 Λαγίσκα
1186 2399 1195 2408 .
1256 2368 1507 2422 ,Λαγίσκας
1537 2373 1608 2421 τῆς
1639 2367 1797 2421 ἑταίρας

220 2425 461 2479 μνημονεύει
490 2425 557 2466 καὶ
587 2425 779 2478 Στράττις
808 2423 828 2466 ὁ
855 2424 1029 2478 κωμικὸς
1059 2424 1164 2466 ουτω
1184 2428 1265 2466 κτλ.
1299 2426 1537 2467 Plutarchus
1557 2428 1658 2467 Mor.
1682 2427 1796 2467 8360

219 2483 322 2524 ὅθεν
352 2483 408 2532 εἰς
438 2481 530 2531 τοὺς
560 2479 709 2531 αὐλοὺς
738 2498 779 2523 κε
768 2482 1022 2538 κωμώδηται
1050 2480 1131 2523 ὑπὸ
1157 2479 1470 2553 Ἀριστοφάνους
1503 2483 1569 2536 (fr.
1598 2481 1699 2536 700)
1729 2481 1797 2523 και

221 2540 476 2593 Στράττιδος.
508 2542 652 2582 Pollux
673 2543 710 2590 4,
735 2544 786 2581 71
809 2539 875 2580 καὶ
895 2537 1167 2593 αὐλοτρύπης,
1189 2537 1244 2588 ὡς
1264 2556 1290 2592 η
1312 2539 1512 2595 κωμῳδία.
1561 2541 1705 2581 Suidas
1725 2541 1796 2579 Φι-

221 2599 373 2646 λίσκος·
392 2597 544 2667 ἐγένετο
560 2595 605 2637 δὲ
620 2594 812 2651 πρότερον
819 2594 1001 2665 ,αὐλητὴς
1015 2596 1347 2650 παραδοξότατος.
1375 2580 1440 2637 (5221
1455 2596 1522 2637 και
1537 2593 1796 2650 αὐλοτρύπην

215 2653 442 2708 Ισοκράτης
473 2652 599 2695 αὐτὸν
629 2654 772 2696 ἐκάλει.
817 2657 898 2695 imo
936 2656 1131 2696 Isocrates
1161 2653 1413 2708 αὐλοτρύπης
1445 2655 1672 2704 dicebatur,
1702 2656 1797 2706 quia

220 2716 337 2765 pater
366 2715 450 2753 eius
480 2714 592 2753 tibiis
618 2713 863 2753 fabricandis
891 2726 1052 2764 operam
1078 2713 1253 2753 dederat.
1314 2710 1383 2752 καὶ
1409 2709 1483 2764 τὴν
1504 2725 1581 2753 om.
1603 2712 1796 2763 Harpocr.

223 2769 296 2821 τὴν
331 2783 409 2810 om.
441 2770 527 2809 Vit.
558 2771 678 2813 Isocr.
716 2765 946 2824 Λαγίσκαν]
979 2769 1192 2822 Λαγίσκην
1220 2770 1304 2809 Vit.
1336 2769 1460 2810 Isoor.
1509 2783 1554 2809 ac
1587 2768 1797 2821 Λαγίσκαν

222 2829 341 2867 etiam
386 2828 529 2879 Lysias
568 2828 616 2866 fr.
662 2829 740 2867 155
785 2828 920 2867 Turio.
1010 2828 1048 2869 2.
1080 2823 1232 2880 εὑρεῖν]
1277 2826 1381 2866 ἰδεῖν
1422 2827 1569 2866 Athen.
1601 2826 1794 2877 Harpocr.
