1872 3224
195 167 279 209 443
779 162 1168 196 ΑΡΙΣΤΟΦΑΝΟΤΣ

196 269 266 318 τὰς
298 267 465 323 τριήρεις
496 267 562 307 καὶ
600 266 646 306 τὰ
687 266 792 318 τείχη
839 280 919 307 non
949 266 1006 314 εἰς
1037 261 1125 316 οἷα,
1157 267 1228 306 sed
1259 265 1316 313 εἰς
1347 263 1375 304 ἃ
1411 267 1629 307 intulisset.
1691 279 1778 318 par-
1847 274 1851 298 ἑ

196 330 318 368 tieula
347 326 419 366 καί
445 329 486 366 in
517 326 626 365 exitu
658 337 795 365 versus
825 325 968 374 posita,
1000 325 1183 374 proximo
1214 337 1333 364 versu
1353 337 1377 363 a
1397 324 1524 364 vocali
1545 324 1776 376 incipiente3

195 387 400 424 invenitur
430 384 544 422 Plut.
574 384 671 422 752.
705 382 926 433 Antiphan.
963 382 1056 430 193,
1083 383 1147 421 10.
1171 382 1266 430 209,
1300 383 1340 420 7.
1371 381 1631 422 Mnesimach·
1664 382 1702 431 3,
1735 382 1776 422 4.

195 442 387 482 Xenareh.
421 442 460 488 8,
493 441 532 479 2.
565 439 723 479 Alexid.
757 439 822 486 27,
857 441 894 479 6.
927 438 1114 478 Menand.
1151 441 1244 486 111,
1282 441 1317 478 1.
1380 439 1580 490 Bergkius
1611 452 1634 478 a
1664 441 1779 490 patre

196 499 461 538 Athenienses
499 497 737 548 reprehendi
776 496 997 535 arbitratur
1034 497 1140 546 quod
1181 497 1369 547 pecunias
1408 496 1590 547 publicas
1628 498 1780 537 temere

195 556 452 606 profundant.
491 554 666 594 Boeckh.
699 554 744 593 C.
778 554 811 592 Ι.
850 553 869 592 Ι
910 555 990 592 117
1031 550 1196 592 ἐπειδὰν
1233 551 1278 591 δὲ
1315 549 1593 604 ἀποδεδομένα
1630 547 1657 608 ᾖ
1695 554 1780 601 τοῖς

194 615 307 660 θεοῖς
339 610 385 651 τὰ
415 610 609 664 χρήματα,
640 611 697 658 εἰς
727 608 771 649 τὸ
802 606 968 661 νεώριον
996 608 1065 649 καὶ
1095 603 1141 649 τοὶ
1162 610 1269 662 τείχη
1290 613 1372 658 τοῖς
1393 615 1578 663 περιοῦσι
1598 613 1781 664 χρῆσθαι
1862 609 1869 618 '⁴

194 665 405 722 χρήμασιν.

943 779 1025 822 221

310 860 434 911 ὅστις
463 858 619 911 αὐλοῖς
650 861 724 903 καὶ
757 859 941 916 λύραισι
971 860 1322 917 κατατέτριμμαι
1354 860 1600 917 χριόμενος,

312 927 407 973 εἶτά
437 945 492 985 με
524 929 742 972 σκάπτειν
773 929 996 980 κελεύεις,

305 1015 540 1054 'Athenaeus
570 1014 609 1061 4,
648 1014 763 1052 184e
802 1010 1007 1063 ἐμφανίζει
1046 1009 1090 1051 δὲ
1127 1011 1195 1051 καὶ
1230 1009 1252 1051 ὁ
1288 1009 1578 1081 Ἀριστοφάνης
1615 1010 1661 1052 ἐν
1698 1015 1781 1061 τοῖς

197 1072 438 1110 Δαιταλεῦσι
474 1069 549 1121 τὴν
591 1068 681 1122 περὶ
726 1063 768 1108 τὸ
811 1074 972 1122 πρᾶγμα
1009 1074 1126 1109 τοῦτο
1185 1068 1259 1122 τὴν
1296 1066 1541 1124 αυλητικὴν)
1583 1067 1779 1123 σπουδήν,

194 1126 292 1167 ὅταν
321 1125 414 1182 λέγῃ
443 1129 526 1167 κτλ.
587 1125 695 1175 ὅστις
727 1126 972 1179 Brunckius]
1006 1124 1113 1174 ὅστις
1136 1126 1168 1165 >δ
1193 1160 1200 1168 .
1261 1123 1399 1175 αὐλοῖς
1431 1124 1618 1181 Oasaub.]
1649 1123 1781 1180 αὐτὴν

194 1182 347 1233 αὐλοῖς.
405 1184 565 1236 λύραισι
617 1184 807 1236 Porson.]
859 1182 1013 1235 λύραις.
1086 1181 1405 1238 κατατέτριμμαι]
1451 1182 1780 1237 κατατέθρυμμαι

198 1244 410 1294 Bergkius.
443 1246 485 1282 at
515 1256 588 1293 per
618 1244 790 1282 ironiam
812 1242 918 1281 filius
939 1242 1132 1293 inprobus
1154 1256 1195 1282 se
1218 1243 1328 1283 tibiis
1349 1243 1528 1294 lyrisque
1550 1242 1777 1283 confectum

195 1314 282 1341 esse
313 1301 424 1348 dicit,
455 1303 501 1340 ut
531 1301 597 1340 alii
630 1301 782 1340 scilicet
809 1300 1016 1339 laboribus
1043 1303 1361 1349 consumuntur,
1394 1301 1542 1351 quibus
1572 1301 1658 1351 ipse
1686 1303 1780 1351 post

198 1358 391 1398 delicatas
419 1358 522 1398 ‘istas
553 1358 758 1397 molestias
790 1370 832 1397 se
863 1358 1045 1407 inparem
1075 1370 1161 1397 esse
1191 1357 1417 1408 profitetur,
1457 1357 1506 1396 of.
1538 1357 1616 1398 Av.
1653 1357 1776 1398 1432.

194 1428 324 1466 neque
354 1428 448 1455 vero
487 1415 727 1456 eredendum
765 1411 828 1454 est
869 1413 1021 1454 Cobeto
1063 1415 1212 1454 Mnem.
1244 1414 1323 1454 VII
1363 1416 1446 1455 250
1481 1427 1563 1454 non
1600 1415 1780 1455 aurium·

194 1474 363 1520 viribus,
406 1472 474 1512 sed
514 1474 651 1512 tritwm
690 1474 731 1511 et
768 1473 914 1522 eyreqie
952 1472 1152 1512 callentem
1191 1470 1261 1510 τὸν
1296 1466 1655 1524 κατατετριμμένον
1690 1484 1778 1512 esse

201 1530 374 1569 docenti.
408 1530 459 1571 cf.
492 1530 582 1569 Pae.
615 1531 712 1569 355.
745 1529 846 1568 Plat.
878 1529 1011 1569 Alcib.
1043 1529 1062 1567 I
1095 1531 1220 1569 113e.
1758 1536 1761 1540 '

197 1736 251 1775 A.
286 1732 400 1789 πρὸς
429 1734 570 1774 ταῦτα
601 1730 659 1774 σύ
701 1731 829 1783 λέξον
860 1730 1058 1787 Ὁμήρου
1098 1729 1196 1785 ἐμοὶ
1237 1730 1463 1786 γλώττας,
1502 1733 1549 1774 τί
1585 1733 1778 1775 καλοῦσι

632 1818 656 1844 *
769 1801 771 1806 ’
829 1818 853 1843 *
1121 1799 1361 1856 κόρυμβα,

472 1873 525 1912 Α.
557 1872 602 1912 τί
629 1867 819 1913 καλοῦσ’
853 1865 1057 1923 ἀμενηνὰ
1081 1865 1286 1925 κάρηνα;

198 1942 246 1980 Β.
281 1937 304 1980 ὁ
335 1938 420 1994 μὲν
450 1931 536 1980 οὖν
565 1937 659 1994 σός,
692 1935 797 1994 ἐμὸς
833 1935 881 1980 δ’
922 1929 1055 1987 οὗτος
1089 1933 1289 1993 ἀδελφὸς
1326 1935 1570 1994 φρασάτω,
1607 1939 1655 1980 τί
1691 1952 1774 1980 κα-

633 2023 656 2050 *
828 2024 852 2050 *
1122 2007 1286 2048 λοῦσιν
1316 2006 1512 2062 ίδυίους;

471 2078 520 2118 Β.
551 2077 600 2118 τί
624 2077 847 2118 καλοῦσιν
876 2073 1093 2125 άποινᾶν;

313 2159 487 2199 Galenus
518 2159 613 2198 Lex.
646 2159 840 2210 Hippocr.
870 2171 1058 2215 prooem2
1082 2158 1119 2197 V
1150 2159 1231 2200 706
1262 2158 1354 2198 Bas.
1386 2156 1530 2210 νομίζω
1560 2155 1606 2197 δέ
1635 2168 1697 2196 σοι
1727 2154 1775 2196 τὰ

195 2210 278 2255 ὑπὸ
304 2212 617 2269 Ἀριστοφάνους
648 2212 834 2268 ἀρκέσειν
863 2213 909 2254 τὰ
942 2213 985 2254 ἐκ
1016 2221 1098 2254 τῶν
1130 2213 1361 2255 Δαιταλέων
1390 2209 1472 2255 οἶδέ
1509 2227 1595 2263 πως
1626 2212 1776 2267 ἔχοντα,

195 2270 294 2326 πρὸς
314 2278 439 2312 ταῦτα
463 2296 513 2302 -
536 2271 739 2326 κόρυμβα;
770 2268 982 2326 προβάλλει
1001 2269 1075 2325 γὰρ
1097 2270 1142 2311 ἐν
1162 2270 1300 2327 ἐκείνῳ
1322 2271 1374 2328 τῷ
1394 2268 1565 2326 δράματι
1584 2267 1606 2311 ὁ
1628 2269 1672 2311 ἐκ
1702 2276 1774 2311 τοῦ

197 2329 327 2383 δήμου
343 2335 424 2370 τῶν
441 2327 672 2370 Δαιταλέων
701 2327 994 2382 πρεσβύτης
1027 2328 1078 2384 τῷ
1106 2325 1364 2384 ἀκολάστῳ
1383 2330 1488 2370 υἱεῖ
1511 2333 1672 2382 πρῶτον
1700 2326 1776 2381 μὲν

197 2386 243 2427 τὰ
281 2387 463 2442 κόρυμβα
503 2387 542 2426 τί
575 2383 667 2427 ποτ’
707 2385 815 2427 ἐστὶν
852 2385 1151 2440 ἐξηγήσασθαι,
1187 2379 1285 2438 μετὰ
1323 2384 1367 2426 δὲ
1397 2386 1534 2438 τοῦτο,
1565 2385 1606 2426 τί
1631 2388 1775 2426 καλοῦ·

196 2457 261 2485 σιν
305 2440 487 2498 ἀμενηνὰ
531 2441 700 2498 κάρηνα.
759 2441 943 2492 κάκεῖνος
989 2441 1123 2496 μέντοι
1169 2440 1473 2496 άντιπροβάλλει
1503 2448 1584 2483 τῶν
1612 2441 1658 2483 ἐν
1692 2445 1774 2490 τοῖς

198 2501 385 2550 Σόλωνος
423 2500 565 2550 ἅξοσιν
600 2504 787 2556 γλωττῶν
823 2502 881 2550 εἰς
917 2499 1034 2549 δίκας
1073 2499 1344 2554 διαφερούσας
1381 2496 1460 2540 ὥδί
1494 2510 1598 2548 mog·
1638 2496 1660 2539 ὁ
1699 2496 1776 2553 μὲν

197 2554 273 2599 οὖν
312 2581 368 2589 --
403 2558 573 2607 ἰδυίους.
605 2553 676 2599 εἶτ’
718 2557 861 2611 ἐφεξῆς
890 2553 1102 2612 προβάλλει
1131 2557 1171 2598 τί
1194 2555 1290 2597 ποτέ
1323 2555 1405 2596 ἔστι
1435 2555 1478 2596 τὸ
1509 2551 1563 2596 εὖ
1591 2559 1772 2598 ποιεῖν.

197 2614 237 2666 ἕξ
268 2611 329 2656 ὦν
358 2615 497 2668 δῆλον,
527 2611 582 2665 ὥς
611 2613 638 2669 ἡ
667 2619 819 2669 γλῶττα
848 2615 1022 2656 παλαιόν
1051 2613 1160 2655 ἐστιν
1195 2612 1322 2665 ὄνομα
1352 2619 1422 2666 τῆς
1453 2613 1679 2665 συνηθείας
1710 2611 1772 2653 ἐκ·

197 2671 419 2720 πεπτωκός.
478 2689 518 2715 v.
545 2677 565 2713 1
589 2675 734 2714 Pollux
756 2675 795 2723 2,
819 2676 899 2714 109
928 2670 1027 2713 ἄλλα
1057 2671 1130 2712 καί
1155 2669 1225 2719 τὰς
1252 2668 1462 2721 ποιητικάς
1484 2668 1627 2722 φωνὰς
1647 2669 1772 2724 γλώτ-

198 2745 267 2778 τας
298 2725 487 2780 ἐκάλουν,
519 2728 573 2779 aig
601 2726 911 2784 Ἀριστοφάνης·
950 2726 1052 2784 πρὸς
1088 2752 1144 2758 -
1180 2726 1377 2781 κόρυμβα.
1471 2731 1506 2768 1.
1538 2728 1663 2767 ταῦτα
1702 2725 1770 2781 σὺ]

197 2786 343 2835 ταύτας
374 2788 489 2828 Pon„
509 2790 559 2828 A.
593 2786 645 2828 σὺ
677 2786 804 2842 λέξον]
844 2786 907 2827 σοὶ
943 2784 1056 2836 λέξον
1094 2786 1247 2827 Galen.-
1276 2786 1370 2825 Ald.
1408 2783 1460 2824 σὺ
1498 2782 1623 2834 λέξων
1662 2785 1770 2837 Iunt.

191 2842 363 2899 Ὁμήρου
411 2842 495 2896 ἐμοὶ
538 2841 753 2902 Bergkius]
799 2842 920 2898 ὅμηρε
965 2845 1093 2895 Mosq.
1141 2843 1233 2883 Ald.
1279 2843 1404 2884 Basil.
1445 2839 1618 2895 Ὁμήρου
1669 2842 1771 2882 Poll.
