1872 3224
342 183 546 221 ΣΚΗΝΑΣ
570 188 1064 232 ΚΑΤΑΛΑΜΒΑΝΟΤΣΑῙ
1102 199 1395 238 TArlmmrAx
1566 208 1647 251 517

832 295 916 340 488

292 367 370 411 καὶ
399 366 491 426 μὴν
520 370 667 415 πόθεν
697 374 918 419 Πλούτων
946 376 991 433 γ’
1023 375 1082 423 ἄν
1111 378 1400 439 ὠνομάζετο,,

291 437 335 480 εί
361 435 422 494 μὴ
453 436 508 481 τά
538 440 732 494 βέλτιστ’
764 445 941 500 ἔλαχεν;
974 447 1024 490 ἓν
1053 448 1106 492 δέ
1132 460 1202 492 σοι
1232 452 1408 507 φράσω,

291 503 386 563 ὅσῳ
417 504 472 550 τὰ
501 507 622 552 κάτω
654 512 840 567 κρείττω
869 512 981 557 ’στὶν
1011 508 1076 559 ὦν
1107 515 1130 559 ὁ
1162 516 1275 570 Ζεύς
1305 522 1405 576 ἔχει.

292 572 406 618 ὅταν
434 573 522 633 γὰρ
555 577 701 635 ἱστῇς,
732 583 813 623 τοῦ
844 584 1068 628 ταλάντου
1097 586 1147 629 τὸ
1177 586 1315 643 ῥέπον

240 652 262 686 5
293 645 415 688 κάτω
444 645 631 702 βαδίζει,
662 646 713 691 τὸ
745 648 793 693 δὲ
824 649 960 695 κενὸν
990 651 1102 709 πρὸς
1129 655 1209 698 τὸν
1238 659 1341 703 Δία.

417 732 440 758 *
569 757 587 772 ‚
715 738 734 759 ar
1008 739 1030 764 *
1299 744 1319 769 ηι

287 780 398 826 οὐδὲ
428 782 515 839 γὰρ
547 782 605 828 ἄν
635 782 944 840 ἀποθανόντες
975 788 1332 847 ἐστεφανωμένοι

288 849 607 909 προύκείμεθ’,
640 852 748 897 οὐδὲ
778 856 998 915 βακκάρει
1028 861 1294 915 κεχριμένοι,

289 921 332 964 εἰ
357 918 418 977 μὴ
450 921 733 978 καταβάντας
763 923 932 977 εὐθέως
961 928 1111 971 πίνειν
1140 929 1241 972 ἔδει.

288 990 364 1033 διὰ
395 992 537 1034 ταῦτα
566 991 654 1048 γάρ
684 1008 753 1037 τοι
782 995 858 1037 καὶ
887 998 1132 1039 καλοῦνται
1159 999 1392 1053 μακάριοι·

204 1067 260 1124 ,10
288 1062 378 1111 πᾶς
405 1058 492 1115 γὰρ
524 1061 643 1117 λέγει
671 1078 751 1117 τις,
785 1060 809 1106 ὁ
837 1066 1083 1121 μακαρίτης
1112 1068 1292 1121 οἴχεται,

282 1128 588 1186 κατέδαρθεν·
621 1126 864 1188 εὐδαίμων,
895 1130 965 1175 ὅσ’
998 1130 1081 1176 οὐκ
1111 1130 1355 1179 ἀνιάσεται.

281 1197 358 1241 καὶ
388 1198 567 1255 θύομεν
598 1198 774 1243 αὐτοῖσι
803 1207 895 1251 τοῖς
925 1202 1216 1257 ἐναγίσμασιν

279 1264 434 1323 ὥσπερ
464 1271 615 1311 θεοῖσι
645 1268 720 1312 καὶ
749 1269 854 1325 χοάς
881 1285 934 1325 γε
963 1267 1165 1326 χεόμενοι

279 1334 518 1393 αἰτούμεθ’
551 1335 718 1389 αὐτούς
747 1333 874 1394 δεῦρ’
907 1337 1082 1382 ἀνεῖναι
1111 1337 1302 1395 τάγαθά.

188 1430 389 1472 Stobaeus
427 1433 564 1472 Floril.
600 1434 699 1482 121,
736 1435 785 1473 18
823 1429 1130 1485 Ἀριστοφάνους
1171 1435 1447 1487 Ταγηνισταῖς.
1492 1436 1635 1476 lemma

72 1500 265 1540 omissum
286 1500 329 1540 in
357 1501 419 1541 ed.
444 1501 643 1554 Trincav„
664 1502 751 1542 cod.
768 1502 798 1540 V
817 1505 857 1542 et
870 1502 988 1541 Vind.
1007 1498 1292 1554 Ἀριστοφάνης
1309 1499 1457 1556 ταγηνῖ.
1504 1506 1633 1543 totum

71 1557 122 1597 fr.
139 1558 333 1598 omissum
353 1559 396 1598 in
417 1559 501 1599 cod.
518 1559 569 1598 A.
652 1561 688 1598 1.
709 1556 749 1612 γ’
771 1555 825 1598 ἄν
840 1557 971 1612 Voss.]
1002 1555 1067 1598 ἂν.
1147 1562 1183 1598 3.
1206 1559 1365 1611 κρείττω
1381 1556 1481 1599 ’στὶν
1496 1560 1630 1613 Voss]

69 1611 265 1667 κρείττον’
299 1612 421 1660 ἐστὶν.
523 1618 563 1656 4.
595 1616 706 1671 ίστῇς
745 1616 916 1657 Cobetus
946 1617 1004 1656 De
1034 1619 1129 1656 orat.
1162 1617 1304 1658 artific.
1335 1631 1374 1668 p.
1406 1615 1473 1669 23]
1507 1617 1630 1672 ἵστᾷς.

70 1669 197 1725 ῥέπον
226 1671 362 1727 Voss.]
397 1671 503 1726 ῥέον.
554 1675 731 1714 lacunam
763 1677 854 1725 post
883 1689 921 1714 v,
954 1676 978 1713 5
1008 1674 1199 1714 indicavit
1228 1675 1419 1726 Bergkius
1451 1676 1631 1715 consulto

69 1731 218 1771 omissa
245 1743 333 1772 esse
362 1745 386 1771 a
417 1731 591 1772 Stobaeo
622 1744 787 1772 censens
818 1732 934 1783 ‘quae
965 1732 1066 1770 alter
1095 1744 1140 1770 ex
1162 1732 1490 1782 conloquentibus
1511 1731 1629 1771 inter-

68 1789 289 1839 posuerat’.
341 1790 496 1829 6-14
535 1802 617 1829 non
646 1792 752 1829 reete
782 1788 1042 1839 Aristophani
1071 1788 1300 1828 Dindorfius
1330 1788 1469 1827 adimit
1503 1801 1628 1827 novae

69 1845 297 1886 comoediae
327 1849 471 1898 poetae
500 1847 697 1886 tribuens.
743 1849 839 1886 sunt
868 1847 974 1885 enim
1008 1858 1054 1884 ex
1084 1845 1219 1884 eadem
1250 1844 1447 1884 comoedia
1478 1844 1629 1883 eadem·

67 1915 146 1954 que
175 1916 329 1944 scaena.
431 1906 468 1946 6.
501 1900 594 1943 οὐδὲ
638 1902 711 1955 γὰρ
748 1900 801 1942 ἂν
836 1899 1112 1948 ἀποθανόντες
1149 1898 1215 1954 Κ.]
1254 1898 1301 1940 οὐ
1338 1899 1410 1953 γὰρ
1447 1898 1501 1939 ἄν
1536 1913 1628 1939 ποτε

67 1957 209 2008 οὕτως.
261 1958 367 2001 οὕτω
414 1958 710 2013 στεφανωμένοι
755 1960 869 2000 Voss.
915 1959 1085 1998 Vindob.
1122 1953 1206 1996 ἀλλ’
1245 1954 1291 1996 οὐ
1328 1955 1401 2009 γὰρ
1437 1955 1493 1995 n'c‘v
1522 1953 1621 1995 ποθ’

67 2014 196 2066 οὕτως
233 2018 398 2060 Grotius
436 2032 605 2069 pravum
644 2031 802 2058 versum
840 2029 924 2056 esse
962 2029 1043 2055 non
1082 2016 1266 2054 sentiens.
1325 2010 1409 2052 οὔτ’
1437 2011 1490 2052 ἂν
1524 2010 1623 2052 ἄπο-

66 2077 286 2124 τεθνεῶτες
314 2076 469 2118 Iacobs.
500 2076 607 2116 Leet.
639 2075 752 2114 Stob.
783 2076 822 2113 2.
880 2069 927 2112 οὐ
956 2070 1030 2125 γὰρ
1058 2069 1112 2110 ἄν
1137 2085 1229 2111 ποτε
1255 2072 1261 2122 Ι
1286 2068 1389 2110 οὕτω
1422 2068 1625 2120 στεφάνοι-

23 2150 26 2155 ’
67 2143 144 2172 σιν.
177 2134 416 2182 Meinekius,
448 2136 489 2173 et
508 2133 708 2184 Bergkius‘
733 2132 775 2171 in
796 2132 904 2170 exitu
934 2130 1079 2169 addens
1102 2127 1243 2180 νεκροί.
1334 2130 1370 2169 7.
1402 2123 1496 2167 οὐδὲ
1524 2127 1622 2178 βακ-

66 2187 180 2243 κάρει
208 2187 431 2243 κεκριμένοι
460 2191 560 2230 conl.
593 2191 770 2240 Magnet.
803 2190 828 2228 3
860 2187 996 2228 Cobet.
1021 2186 1068 2226 V.
1099 2183 1143 2226 ].²
1176 2181 1272 2238 127]
1305 2180 1392 2224 οὐδ’
1423 2180 1477 2223 ἂν
1505 2197 1622 2222 κατα-

64 2245 302 2299 κεκριμένοι.
359 2245 689 2300 κατακρινόμενοι
726 2245 840 2286 Voss.
877 2243 1051 2283 Vindob.
1112 2238 1469 2293 κατακεκρυμμένοι
1505 2240 1622 2290 Nmp.

65 2303 415 2358 κατακεχρισμὲνοι
453 2305 614 2345 Gesner.
670 2300 756 2342 ἄνω
795 2300 901 2341 κάτω
937 2297 1179 2351 κεχρισμένοι
1216 2299 1405 2359 Grotius!
1437 2292 1523 2335 οὐδ’
1566 2289 1624 2360 αὖ

64 2367 190 2414 κρᾶτα
221 2359 572 2415 κατακεχρισμένοι
610 2360 732 2401 Gaisf.
784 2355 872 2398 οὐδ’
911 2354 964 2396 ἂν
1001 2353 1316 2407 κατακεχριμένοι
1352 2367 1488 2404 μυροις
1527 2353 1620 2392 Dm-

67 2419 232 2460 dorfius.
327 2423 390 2459 11.
423 2416 484 2458 36'
516 2416 586 2471 K]
625 2415 695 2456 ὅτι.
746 2417 918 2465 ‘felicem
949 2416 1017 2464 qui
1044 2418 1096 2454 tol
1131 2412 1402 2453 sollicitudines
1430 2411 1511 2449 iam
1539 2422 1621 2448 non

63 2489 253 2519 smus
280 2478 347 2518 εἰτ’
378 2473 496 2531 (quas
527 2488 715 2515 sensurus
745 2476 841 2521 erat,
874 2474 907 2512 si
936 2471 1087 2510 diutius
1120 2464 1312 2521 vixisset).
1348 2463 1369 2505 ὁ
1398 2463 1436 2504 δ’
1468 2465 1618 2504 Iaoobs.

64 2527 174 2574 Leot.
207 2535 324 2575 Stob.
350 2535 443 2573 145.
495 2528 549 2571 ἔτ’
583 2528 657 2571 οὐκ
686 2532 840 2571 HanOV.
863 2529 998 2568 Exere.
1026 2528 1113 2568 crit.
1139 2526 1216 2564 148
1246 2523 1473 2587 οοιι1.Ῥ1ιι1;.
1500 2523 1618 2560 1177.

70 2593 134 2631 12.
164 2586 335 2645 θύομεν]
369 2587 524 2642 θύομέν
553 2585 593 2641 γ’
626 2589 801 2628 Grotius.
900 2586 963 2624 13.
994 2581 1055 2636 γε]
1088 2596 1127 2622 τε
1156 2581 1271 2621 Voss.
1303 2591 1478 2630 χεομενοι
1509 2578 1618 2617 Seid-

62 2646 191 2701 lerus]
222 2645 374 2701 χέομεν.
467 2648 530 2688 14.
561 2644 717 2685 ἀνεῖναι
738 2643 926 2683 Fritzsoh.
950 2642 1045 2679 Ran.
1065 2654 1103 2690 p.
1121 2636 1221 2690 441]
1242 2630 1406 2702 ἀνιέναι.
1439 2630 1615 2701 τάγαθά]

63 2702 109 2744 τὰ
141 2703 244 2746 καλὰ
277 2704 430 2759 (spatio
460 2705 687 2744 intermisso
719 2696 859 2754 vacuo)
889 2694 998 2752 γαθὰ
1020 2696 1133 2738 Voss.
1166 2694 1268 2733 unde
1298 2707 1343 2732 τα
1373 2693 1471 2730 naza
1501 2690 1599 2741 δεῦρ

5 2776 8 2781 ·
58 2757 219 2802 ἀνιέναι
248 2762 495 2803 Dindorfius.

178 2833 268 2860 cum
305 2834 343 2861 v.
375 2820 401 2858 4
438 2818 645 2858 Iacobsius
683 2816 793 2854 Leot.
834 2812 944 2852 Stob.
976 2813 999 2849 2
1037 2809 1189 2848 confert
1226 2806 1332 2845 Plut.
1372 2805 1471 2844 Mor.
1513 2804 1622 2843 485f

63 2873 226 2932 ἀδελφῷ
257 2874 302 2917 δὲ
331 2870 404 2929 χρὴ
433 2873 488 2928 μὴ
518 2870 704 2925 καθάπερ
732 2868 948 2922 πλάστιγγα
978 2863 1111 2921 ῥέπειν
1140 2860 1203 2903 ἐπὶ
1239 2858 1490 2912 τούναντίον,
1529 2873 1618 2901 cum
