1872 3224
631 205 843 241 ΑΔΗΑΩΝ
869 206 1142 242 ΔΡΑΜΑΤῼΝ
1599 208 1680 251 199

298 374 420 419 κύνα
450 375 602 431 δέρειν
634 309 932 434 δεδαρμένῖἶτῗ
997 383 1000 386 “

85 490 121 503 .,.
196 459 501 512 Aristophanes
539 459 712 511 Lysistr.
749 462 830 502 158
875 453 917 501 τὸ
965 467 1035 501 τοῦ
1081 460 1358 515 Φερεκράτους
1405 460 1511 502 κύνα
1549 460 1681 516 δέρειν

90 507 354 587 δεδαρμένην.
413 517 545 558 Schol.
585 515 659 557 ἐὰν
701 514 807 570 ἡμᾶς
853 518 1078 572 παρίδωσιν
1124 520 1165 559 οἱ
1206 518 1373 573 ανδρες,
1425 516 1508 560 τότε
1553 519 1681 561 πάλιν

32 578 58 585 ⁷
90 567 245 627 ἐξέσται
282 569 457 629 ὃλίσβοις
495 573 726 628 χρήσασθαι
764 575 833 616 καὶ
869 573 1082 630 άποδέρειν
1121 576 1167 617 τὰ
1197 575 1502 631 άποδεδαρμένα
1533 577 1676 630 σκύτη.

39 631 344 688 κ”.Φερεκράτης
375 631 420 673 ἐν
450 631 623 686 δράματι
654 632 788 686 εἴρηκε
819 639 951 686 τοῦτο,
983 633 1106 674 ἔνθεν
1136 632 1322 676 τάσσεται
1349 632 1374 686 ἡ
1397 635 1591 687 παροιμία
1612 634 1678 676 ἐπὶ

38 689 64 721 f
89 696 173 735 τῶν
200 689 332 739 ἄλλως
363 687 600 761 (Berglerus
638 688 759 747 α’λλα)
799 690 1040 744 πασχόντων
1078 688 1143 743 ἐφ’
1186 688 1245 741 οἷς
1285 689 1542 733 πεπόνθασιν
1582 725 1590 733 .
1625 727 1633 736 .
1666 724 1676 734 .

91 746 138 790 ἓν
166 748 212 789 δὲ
241 752 324 797 τοῖς
355 746 593 804 σῳζομένοις
614 748 895 801 Φερεκράτους
917 755 987 789 τοῦ
1009 750 1188 801 κωμικοῦ
1209 756 1325 790 τοῦτο
1347 747 1419 802 οὐχ
1440 747 1677 803 εὑρίσκεται.

27 840 30 844 ,
78 807 310 849 ‘Proverbia
339 807 576 847 00181296
607 805 714 846 κύνα
745 805 877 860 δέρειν
907 805 1180 860 δεδαρμένην,
1215 807 1258 847 τὸ
1289 814 1360 848 τοῦ
1390 804 1675 861 Φερεκράτους.

78 861 159 918 ,ε’πὶ
189 869 271 904 τῶν
299 862 431 916 μάτην
460 863 722 914 πονούντων,
753 862 780 917 ἢ
811 871 893 905 τῶν
921 863 1267 917 προπεπονθότων
1297 880 1344 906 τι.
1396 867 1530 917 paullo
1562 867 1679 905 ahten

11 923 39 974 j
90 923 260 976 Gregor.
293 922 414 975 Cypr.
449 924 489 971 2,
521 924 576 961 41.
609 897 900 975 ἐκδεδαρμένον
932 921 1079 975 δέρεις·
1113 921 1176 963 ἐπὶ
1216 937 1298 962 των
1335 922 1467 975 μάτην
1502 922 1677 962 ποιούν-

16 1014 24 1018 .
90 992 189 1020 των·
220 976 378 1033 βέλτιον
408 976 454 1020 δὲ
486 978 547 1020 ἐπὶ
580 995 662 1020 των
691 979 929 1021 κακούντων
959 978 1052 1029 τοὺς
1084 978 1126 1019 ἐν
1159 984 1398 1033 συμφοραῖς.
1430 994 1675 1032 quamquam

13 1040 34 1093 ’.Ι
90 1038 252 1079 dubitat
283 1039 514 1088 scholiasta,
546 1039 802 1079 Pherecratis
833 1053 920 1080 esse
949 1041 1034 1091 ipse
1066 1041 1240 1080 testatur
1263 1040 1566 1090 Aristophanes,
1598 1039 1678 1078 alia

88 1100 226 1136 tamen
255 1096 474 1137 verborum
506 1097 800 1148 significatione
831 1111 941 1138 usus.

842 1186 926 1229 180

298 1242 469 1294 κάδους
499 1241 721 1286 ἀνασπῶν

0 1362 7 1370 ,,
66 1376 68 1378 ¹
207 1328 351 1368 Suidas
397 1323 609 1367 ἀνασπᾶν·
659 1322 702 1367 τὸ
746 1324 907 1367 ἀντλεῖν
955 1325 1079 1390 ύδωρ.
1141 1325 1292 1374 κάδους
1337 1323 1535 1366 ἀνασπῶν
1577 1324 1678 1377 φησὶ

89 1383 359 1439 Φερεκράτης.

847 1441 926 1483 181

295 1507 564 1566 ἀβυρτάκην
594 1511 820 1566 τρίψαντα
851 1509 927 1551 καὶ
958 1509 1138 1551 Λυδίαν
1168 1506 1390 1563 καρύκην.

3 1637 5 1639 ,
207 1594 408 1634 zenobius
439 1596 487 1642 5,
521 1595 545 1633 3
585 1590 667 1631 ἔστι
707 1589 751 1632 δὲ
786 1589 812 1645 ἡ
851 1590 1008 1645 καρύκη
1044 1591 1186 1645 βρωμα
1225 1589 1389 1630 Λύδιον
1433 1588 1477 1630 ἐκ
1520 1592 1678 1630 πολλῶν

18 1700 19 1704 ¹
88 1647 336 1704 ἡδυσμάτων
366 1648 565 1698 συνεστὸς
603 1648 671 1690 καὶ
707 1649 897 1702 αἵματος,
929 1665 984 1697 ως
1021 1646 1291 1702 Φερεκράτης·
1330 1644 1565 1701 ἀβυρτάκην
1595 1650 1676 1687 κτλ.

88 1705 325 1764 ἀβυρτάκην
354 1707 407 1761 Β]
440 1705 679 1761 ἆμυρτάκην
709 1709 866 1748 codices
906 1708 1093 1747 Schottii.
1145 1721 1294 1748 versus
1323 1710 1385 1746 est
1422 1706 1675 1756 Ειιΐὶρίᾶθιιε,

90 1772 138 1808 ut
174 1767 380 1818 Aristoph.
418 1767 524 1806 Nub.
566 1767 687 1804 1114.
719 1766 891 1805 Bekker.
929 1765 1080 1805 Aneed.
1119 1766 1216 1815 323,
1254 1766 1307 1804 26
1338 1759 1544 1816 ἀβυρτάκη
1575 1759 1676 1802 ὑπό-

93 1840 238 1879 τριμμα
277 1817 529 1878 βαρβαρικὸν
559 1820 603 1862 ἐκ
639 1820 813 1876 δριμέων
850 1793 1264 1892 κατασκευαζόμενόν,
1300 1819 1343 1860 ἐκ
1373 1818 1592 1873 καρδάμων
1612 1819 1678 1859 καὶ

92 1881 300 1935 σκορόδων
328 1880 397 1921 καὶ
427 1879 625 1927 σινάπεως
656 1879 724 1920 καὶ
755 1879 975 1933 σταφίδων,
1004 1895 1034 1934 ῳ
1064 1877 1163 1932 πρὸς
1194 1877 1465 1917 κοιλιολυσίαν
1494 1875 1675 1928 ἐχρῶντο.

94 1942 144 1981 cf.
167 1941 417 1991 Theopomp.
442 1940 508 1981 17.
541 1939 764 1988 Antiphan.
786 1939 933 1977 Athen.
954 1940 993 1988 2,
1005 1927 1676 1984 68a.A1exid.138‚13.Athen.

96 1999 161 2048 12,
194 1999 308 2038 5160
347 2001 498 2048 πρῶτοι
536 1993 580 2034 δὲ
619 1993 752 2034 Λυδοὶ
786 1993 870 2034 καὶ
899 1992 989 2046 τὴν
1018 1989 1249 2046 καρύκην
1287 1990 1469 2043 ἐξεῦρον·
1509 1990 1599 2044 περὶ
1627 1986 1677 2043 ἧς

91 2060 164 2108 τῆς
195 2053 413 2101 σκευασίας
445 2053 487 2092 οἷ
514 2050 561 2091 τὰ
591 2049 843 2103 ὀψαρτυτικα
874 2048 1095 2098 συνθέντες
1127 2049 1346 2102 εἰρήκασιν.
1379 2050 1578 2089 zenobius
1610 2050 1677 2088 ad·

92 2115 154 2153 dit
183 2112 441 2164 proverbium
472 2106 569 2162 μήτε
598 2123 665 2161 μοι
696 2109 855 2150 Λυδῶν
884 2107 1064 2162 καρύκας
1093 2103 1191 2160 μήτε
1221 2106 1426 2160 μαστίγων
1455 2104 1634 2157 ψόφους.

848 2210 931 2254 182

91 2287 145 2327 Α
163 2281 272 2326 πότε
288 2279 346 2325 σύ
364 2281 466 2338 δῆτ’
476 2279 684 2336 ἤκουσας
700 2278 862 2331 αὐτούς
895 2282 946 2322 Β.
966 2278 1276 2335 πρωπέρυσιν.
1300 2279 1355 2318 A.
1377 2277 1473 2326 ἔτος
1489 2277 1676 2332 τρίτον;

210 2368 385 2407 Zonaras
410 2366 518 2404 1745
551 2361 618 2403 καὶ
651 2362 782 2416 τρίτον
812 2361 895 2410 ε’τος
926 2359 1132 2415 λέγουσιν,
1165 2357 1253 2412 οὐχὶ
1283 2359 1397 2414 τρίτῳ
1428 2357 1516 2398 ε’τει.
1550 2359 1675 2411 Φερε-

89 2418 252 2476 κράτης·
283 2420 378 2462 πότε
408 2421 457 2462 σὺ
487 2424 570 2464 κτλ.
622 2420 725 2473 δητα
762 2421 852 2460 add.
887 2420 1058 2459 Meinek.
1109 2415 1370 2470 πρωπέρυσιν
1400 2417 1596 2467 Bergkius
1626 2417 1675 2458 R

91 2497 124 2525 c.
165 2483 255 2522 Att.
294 2478 392 2534 296]
433 2477 693 2533 προπέρυσιν.
739 2479 790 2518 cf.
830 2478 1002 2517 Bekker.
1041 2476 1192 2516 Aneod.
1234 2477 1311 2525 60,
1352 2475 1418 2515 32.
1460 2475 1564 2523 577,
1607 2474 1674 2512 24.

92 2541 143 2578 A.
175 2537 259 2587 ἔτος
288 2536 439 2590 τρίτον,
471 2535 540 2591 K.]
582 2534 664 2583 ἔτος
703 2534 847 2588 τρίτον.
902 2538 944 2574 at
987 2547 1069 2574 non
1099 2535 1235 2584 potest
1263 2532 1371 2571 idem
1402 2531 1532 2570 dicere
1562 2543 1670 2584 πρω-

91 2594 263 2649 πέρυσιν
293 2594 377 2643 ε’τος
408 2593 554 2649 τρίτον,
587 2597 701 2635 ‘ante
731 2595 828 2634 duos
858 2605 986 2633 annos
1016 2604 1123 2632 anno
1152 2588 1302 2630 tertio'.

90 2767 180 2809 νῦν
218 2763 260 2807 δ’
294 2763 550 2820 ἐπιχεῖσθαι
586 2761 663 2814 τὰς
694 2759 859 2819 κριθὰς
890 2761 981 2815 δεῖ,
1023 2760 1252 2812 πτίσσειν,
1295 2755 1514 2813 φρύγειν,
1557 2754 1675 2799 οἰνα-

1025 2827 1263 2884 βράττειν,

95 2903 266 2957 αἳνειν,
299 2899 474 2956 ἀλέσαι,
507 2900 666 2957 μᾶξαι,
699 2901 864 2955 πέψαι,
896 2898 946 2942 τὸ
977 2899 1239 2940 τελευταῖον
1270 2898 1559 2950 παραθεῖναι.
