1872 3224
195 171 282 229 '223
606 212 609 213 ⁷
838 173 1109 211 ΕΡΜΙΠΠΟΤ

200 293 297 332 πᾶσι
336 287 461 342 πόρνη
499 282 718 338 Bekkerus]
760 281 825 322 καὶ
868 276 975 332 πάση
1021 277 1153 332 πόρνη
1192 279 1238 317 Β.
1275 275 1406 330 πόρνη
1446 276 1494 316 A.
1541 268 1769 328 πασιπόρνη
1813 293 1820 302 ·

203 349 392 398 Meinek,
423 348 463 385 in
495 345 572 383 fine
603 343 750 382 addens
782 335 917 391 σοβάς.
949 337 1176 389 Hyperboli
1206 338 1335 374 mater
1373 335 1458 373 sine
1490 333 1613 373 dubio
1643 333 1769 374 inere-

202 409 331 458 patur.
362 404 506 454 Bergk.
539 402 584 440 R.
619 414 649 440 o.
680 399 766 437 Att.
799 398 894 436 314.
926 396 974 435 cf.
1004 395 1153 445 Phryn.
1188 395 1255 433 33.

956 531 1007 572 11

403 594 476 636 καὶ
506 592 685 647 τάριχος
713 591 846 632 πίονα

313 679 539 717 Athenaeus
583 677 627 722 3,
663 675 773 712 1190
812 671 921 718 ἰδίως
961 665 1004 708 δ’
1049 663 1328 720 ἐσχημάτισται
1365 663 1428 717 (τὸ
1459 661 1633 719 τάριχος)
1670 659 1767 718 παρ’

194 734 398 788 Ἑρμίππῳ
433 732 476 772 ἐν
503 729 804 784 Ἀρτοπώλισιν·
837 726 903 767 καὶ
934 742 966 766 τ.
998 740 1038 765 π.
1062 727 1213 766 scilicet
1233 725 1401 765 barbare
1421 724 1518 763 haee
1537 722 1771 774 loquentem
1852 734 1854 740 ·

201 793 419 845 Hyperboli
453 793 620 829 matrem
651 790 768 838 poeta
800 787 1022 825 induxerat.
1727 798 1730 800 -

965 908 1015 950 12

405 971 571 1013 δοκικῶ

314 1050 402 1093 ἀντὶ
423 1057 492 1091 τοῦ
513 1051 629 1091 δοκῶ.
652 1049 783 1098 ἔπαιξε
805 1045 848 1087 δὲ
858 1047 1086 1099 ”Έρμιππος
1110 1045 1154 1086 ἐν
1172 1042 1469 1097 Ἀρτοπώλισιν.
1493 1039 1669 1096 Hesyeh.
1697 1043 1773 1084 hoc

204 1125 357 1163 quoque
377 1111 543 1150 barbare
565 1110 662 1147 dicit
683 1111 805 1146 mater
826 1106 1062 1156 Hyperboli.
1094 1105 1181 1144 eod.
1205 1103 1299 1143 Hes.
1332 1101 1491 1153 δοκηκῶ
1512 1105 1553 1141 et
1571 1097 1772 1151 Ἀρτοπῶ-

204 1172 304 1220 λησι.
337 1169 384 1208 cf.
418 1168 465 1207 de
494 1167 567 1205 hoc
598 1166 996 1216 poetae'eommento
1028 1162 1200 1201 Lobeck.
1232 1160 1391 1200 Pathol.
1424 1159 1524 1211 prol.
1560 1159 1654 1199 148.

406 1347 710 1401 γελγοπωλεῖν
965 1286 1017 1328 13

318 1430 459 1468 Pollux
498 1430 540 1475 7,
584 1428 662 1467 198
697 1423 721 1478 ἡ
760 1423 996 1479 γελγόπωλις
1035 1422 1079 1464 ἐν
1123 1419 1508 1477 Διονυσαλεξάνδρῳ
1556 1419 1774 1474 Κρατίνου,

207 1485 338 1538 ὥσπερ
369 1484 412 1525 ἐν
439 1480 721 1537 Ἀρτοπώλισιν
755 1480 979 1535 Ἑρμίππου
1017 1479 1061 1521 τὸ
1092 1483 1369 1534 γελγοπωλεῖν.
1430 1481 1480 1522 cf.
1518 1479 1672 1520 eratin.
1705 1478 1775 1518 48.

207 1545 349 1594 Eupol.
382 1545 473 1583 304.
506 1543 676 1592 Hesych.
708 1542 987 1593 γελγοπωλεῖν·
1022 1538 1305 1590 ῥ’ωποπωλεῖν,
1337 1538 1630 1577 παντοπωλεῖν.

876 1676 1099 1710 ΔΗΜΟΤΑΙ

968 1756 1022 1797 14

427 1838 568 1890 οἴμοι,
600 1837 645 1877 τί
672 1834 823 1890 δράσω
855 1833 1088 1890 σύμβολον
1119 1833 1415 1889 κεκαρμένος;

323 1919 463 1957 Pollux
495 1920 531 1966 9,
565 1920 614 1956 71
657 1916 720 1968 εἴη
751 1914 790 1955 δ’
823 1914 876 1956 ἂν
906 1915 973 1956 καὶ
1004 1916 1205 1970 σύμβολον
1234 1913 1363 1970 βραχὺ
1395 1905 1591 1967 νόμισμα,
1625 1909 1656 1965 ἢ
1682 1909 1776 1964 ἡμί-

214 1988 330 2025 τομον
361 1974 607 2025 νομίσματος.
648 1972 669 2012 ὁ
705 1974 804 2025 γοῦν
829 1972 1058 2027 ’Ἕρμιππος
1100 2005 1107 2014 .
1143 2004 1151 2013 .
1188 2005 1196 2014 .
1241 1972 1285 2013 ἒν
1322 1975 1403 2020 τοῖς
1435 1969 1639 2022 Δημόταις
1669 1968 1776 2022 οἴμοι

216 2033 294 2070 κτλ.
326 2030 519 2083 κεκάρθαι
551 2030 648 2070 ἔοικε
681 2030 723 2069 τὸ
743 2029 888 2083 ἥμισυ,
930 2030 1030 2079 ὥστε
1061 2029 1088 2083 ἢ
1118 2030 1168 2070 ἐκ
1199 2028 1419 2083 θατέρου
1449 2026 1603 2079 μόνου
1635 2041 1776 2067 τετυ-

213 2089 416 2126 πῶσθαι
447 2092 562 2126 τοῦτο
592 2088 655 2127 δεῖ
682 2086 724 2128 τὸ
756 2086 1012 2140 νομισμάτιον
1041 2090 1248 2138 νοεῖσθαι,
1279 2084 1307 2140 ἢ
1336 2087 1584 2139 διαιρεῖσθαι
1603 2081 1657 2131 ὦς
1677 2082 1781 2136 ἔχειν

217 2142 259 2182 τὸ
290 2142 406 2196 μέρος
438 2142 639 2197 ἑκάτερον,
669 2145 737 2183 τόν
758 2159 795 2183 τε
817 2145 1090 2198 πιπράσκοντα
1113 2143 1180 2184 καὶ
1202 2143 1272 2185 τὸν
1292 2140 1535 2196 ὠνούμενον.
1566 2142 1689 2183 verba
1716 2154 1779 2181 κε·

220 2200 372 2251 κάρθαι
392 2224 435 2230 —-
458 2199 581 2252 ’ἥμισυ
610 2215 690 2241 non
716 2203 926 2253 Hermippi
948 2217 1032 2243 esse
1053 2204 1247 2243 iudicavit
1267 2202 1478 2242 Dobraeus
1499 2201 1601 2240 Adv.
1620 2199 1662 2239 H
1683 2199 1779 2238 234.

222 2259 328 2297 ‘hinc
358 2259 484 2308 liquet
514 2260 683 2309 symboli
714 2259 880 2298 formam
911 2260 1034 2300 fuisse
1065 2255 1297 2317 huiffsmodi
1321 2255 1374 2308 D,
1406 2271 1498 2298 cum
1518 2257 1641 2311 capiti
1661 2255 1778 2296 semi-

220 2327 306 2377 rqso
337 2317 613 2365 comparetur'.
647 2314 851 2367 σύμβολον
880 2314 1120 2369 κεκαρμένος
1150 2318 1278 2369 igitur
1307 2319 1369 2356 est
1398 2310 1420 2354 ὁ
1443 2307 1518 2364 τὴν
1536 2310 1780 2366 ἡμίκραιραν

219 2386 294 2421 την
324 2369 460 2423 ἑτέραν
490 2370 616 2423 ψιλὴν
645 2370 744 2422 ἔχων
772 2374 978 2424 Aristoph.
1010 2375 1171 2414 Thesm.
1196 2375 1291 2413 227.
1323 2373 1478 2412 fallitur
1506 2371 1702 2422 Bergkius
1733 2381 1781 2409 ex

219 2428 391 2467 Pollucis
428 2429 558 2468 verbis
596 2430 699 2469 hune
744 2430 936 2481 effingens
981 2432 1228 2471 trimetrum:
1276 2426 1424 2481 τούμοῦ
1468 2427 1560 2481 βίον
1604 2421 1777 2478 κεκάρθ’

216 2482 321 2579 ἔριζε
332 2482 524 2581 1θοριξμμσυ.
559 2485 628 2539 (Η.
659 2486 793 2526 Iacobi
824 2487 859 2524 V
891 2502 930 2538 p.
963 2487 1127 2540 LXIII.)
1159 2489 1210 2528 of.
1242 2488 1290 2527 fr.
1313 2488 1380 2527 61.
1411 2484 1617 2536 Aristoph.
1637 2484 1687 2523 fr.
1710 2483 1778 2522 44.

252 2554 276 2579 u
307 2554 331 2579 u
350 2570 358 2578 .
448 2570 456 2579 .

977 2635 1028 2677 15

560 2709 645 2752 νῦν
675 2710 717 2753 δ’
751 2710 849 2755 οὐδ’
883 2712 1037 2769 ἀφύην
1068 2719 1215 2756 κινεῖν
1245 2713 1408 2764 δοκεῖς.

331 2791 558 2831 Athenaeus
590 2795 626 2842 7,
659 2795 770 2834 285e
801 2793 864 2834 ἐπὶ
904 2801 975 2835 τοῦ
1013 2793 1151 2835 ἓνικοῦ
1181 2792 1361 2849 (ἀφύην)
1383 2792 1609 2847 ’Ἕρμιππος
1645 2787 1779 2844 Amfi-

224 2860 307 2893 ταις
338 2851 416 2885 νῦν
446 2850 525 2887 κτλ.
568 2846 676 2902 οὐδ’]
708 2848 800 2889 οὐδ’
831 2848 885 2892 ἂν
905 2853 1120 2893 Porsonus.
1151 2854 1321 2904 piscium
1341 2854 1587 2892 minutorum
1607 2850 1782 2899 nomina,
