1838 3230
174 173 257 216 768
810 170 1105 205 ΔῐοΚΛΕοΤΣ

959 271 986 314 6

781 353 876 403 πῶς
906 351 956 395 δὲ
988 350 1063 394 καὶ
1094 350 1378 407 κεκραμένον

379 424 532 466 πίνειν
562 420 643 465 τόν
674 418 805 464 οἶνον
835 420 910 462 δεῖ
934 435 1010 476 με;
1042 423 1092 463 Β.
1125 415 1315 476 τέτταρα
1347 419 1425 464 καὶ
1447 419 1548 463 δύο.

288 507 520 546 Athenaeus
554 507 618 554 10,
650 505 771 544 426d
803 504 979 555 Διοκλῆς
1011 501 1056 542 ε’ν
1086 503 1330 550 Μελίσσαις,
1363 503 1603 544 Eustathius
1633 503 1761 554 1624,
1826 499 1827 502 ¹

173 566 227 604 49
258 562 358 602 κατὰ
391 565 569 614 Διοκλῆν
599 561 735 601 πίνειν
755 555 868 600 οἶνον
887 558 1134 614 κεκραμένον
1154 558 1316 614 τέτταρα
1336 558 1405 600 καὶ
1424 559 1512 602 δύο.
1536 582 1587 590 -
1608 574 1680 614 με;
1712 561 1759 602 Β.
1833 585 1838 600 ι

175 619 338 674 τέτταρα
369 618 562 674 Meinek]
593 617 691 671 μετὰ
723 617 898 672 τέτταρα.
930 620 981 660 cf.
1013 619 1197 660 Pherecr.
1231 620 1299 671 70,
1319 619 1360 659 4.
1391 619 1509 659 Phot.
1541 620 1624 660 599
1655 620 1759 668 extr.
1830 653 1838 667 ,⁴

381 789 457 832 καὶ
487 786 562 832 δια
594 788 879 845 τετρημένων
909 786 1151 831 ἅθὲλδεται
1181 789 1357 833 τύπων.

289 874 461 913 Bekker.
494 873 645 912 Anecd.
676 873 772 920 350,
808 873 860 911 14
890 866 1120 911 ἆθὲλδεται·
1155 871 1372 923 διηθεῖται.
1405 870 1579 924 Διοκλῆς
1610 867 1760 912 Μελίσ-

177 942 266 978 σαις
289 933 370 970 κτλ.
390 928 458 969 διὰ
475 927 723 982 τετρημένων
737 928 928 981 Bekker.]
951 926 1277 982 διατετριμμένον
1293 930 1381 971 cod.
1415 929 1589 970 Bekker.
1606 928 1759 972 Anocd.
1794 957 1800 959 Α

176 990 274 1038 353,
309 990 333 1027 2
366 984 601 1040 ἄθέλβεται·
635 985 848 1039 διηθεῖται.
879 987 1105 1039 Hesychius
1136 982 1399 1039 ἆθελβάζειν*
1431 986 1608 1042 διηῇεἴν.
1637 982 1760 1027 offis).-
1795 983 1802 987 ’

175 1046 282 1098 βεῐν·
317 1043 459 1085 ελκειν.
490 1042 699 1098 άθέλγειν·
730 1041 929 1097 ἀμέλγειν.
968 1041 1210 1097 άθέλγηται·
1247 1042 1473 1096 θηλάζηται
1502 1076 1513 1087 .
1536 1072 1548 1084 .
1570 1040 1643 1097 ,ἢ
1669 1042 1763 1084 θλί-

174 1104 304 1171 βηται.
339 1099 575 1142 άθέλδεται·
608 1102 823 1157 διηθεῖται.
853 1098 1088 1154 άθλέβεται·
1121 1101 1337 1154 διηθεῖται.
1370 1102 1542 1154 denique
1562 1099 1762 1167 ἕξαφθεγ-

173 1159 358 1214 γόμεναι·
400 1157 697 1213 ἐκθλιβόμεναι.
747 1161 817 1200 ubi
855 1161 909 1200 M.
951 1160 1199 1200 Schmidtius
1235 1173 1326 1201 cum
1366 1159 1512 1200 Vossio
1552 1152 1765 1214 ἐξαθελγὸ-

174 1233 304 1270 μεναι.
335 1214 475 1257 τύπων
504 1221 738 1270 corruptum
769 1220 844 1258 est

963 1317 990 1361 8

382 1384 470 1430 ἀπὸ
503 1385 717 1429 λασάνων
747 1383 927 1443 θερμὴν
957 1383 1201 1443 ἀφαιρήσω
1231 1384 1418 1443 χύτραν.

291 1471 436 1510 Pollux
470 1472 535 1516 10,
568 1471 620 1510 99
655 1466 723 1508 τὸν
753 1467 1004 1521 καλούμενον
1033 1466 1261 1523 χυτρόποδα
1291 1466 1372 1514 ἔστι
1401 1467 1477 1522 μὲν
1505 1466 1573 1510 καὶ
1601 1452 1760 1510 λάσανα

178 1525 422 1579 κεκλημένον
452 1523 600 1579 εὑρεῖν,
633 1523 688 1574 ὡς
722 1528 898 1579 Διοκλῆς
929 1524 974 1567 ἐν
1005 1525 1223 1575 Μελίτταις
1253 1529 1335 1567 κτλ.

905 1639 944 1683 9.
982 1639 1034 1682 10

385 1717 412 1775 ἡ
444 1720 601 1775 μίλτος
630 1714 754 1775 οἶμαι
785 1719 861 1762 καὶ
890 1717 942 1761 τὸ
970 1718 1222 1775 τιγγάβαρι.

382 1833 622 1890 τιγγάβαρι
652 1831 729 1876 καὶ
758 1835 915 1889 μίλτος
944 1791 1296 1891 ἀναμερῒιγμένη.

301 1918 538 1958 Eustathius
570 1919 667 1966 310,
685 1917 741 1958 30
770 1912 980 1984 τιγγάβαρι
1010 1911 1052 1957 τὸ
1081 1914 1297 1989 κιννάβαρι
1323 1913 1504 1958 Ἀττικοί.
1568 1918 1764 1971 Διοκλῆς·

175 1971 201 2026 ἡ
222 1974 355 2042 μίλτος
375 1977 459 2014 κτλ.
520 1989 587 2014 και
607 1972 755 2014 πάλιν·
788 1970 996 2028 τιγγάβαρι
1018 1977 1111 2028 κτλ,
1143 1969 1193 2015 οὗ
1213 1973 1289 2028 τὴν
1317 1972 1509 2028 ἐργασίαν
1538 1972 1640 2026 φασὶ
1657 1979 1764 2028 πρῶ-

177 2045 246 2071 τον
276 2029 411 2085 εὑρεῖν
442 2031 623 2071 Καλλίαν
658 2028 894 2084 Ἀθηναῖον.
936 2033 1106 2073 Photius
1138 2034 1241 2082 587,
1275 2033 1331 2073 20
1370 2029 1610 2086 τιαγγάβαρι
1645 2027 1761 2087 (810)·

177 2087 219 2129 τὸ
257 2088 492 2142 κιννάβαρι,
535 2089 720 2142 Διοκλῆς.
782 2090 1010 2141 Hesychius
1050 2087 1286 2159 (Herodian.
1318 2089 1361 2130 Π
1399 2088 1589 2143 591,1)
1627 2088 1762 2143 τίγγα·

178 2147 352 2198 Διοκλῆς
383 2144 427 2186 ἐν
459 2146 690 2195 Μελίτταις.
718 2143 952 2199 Ἡρακλέων
981 2144 1027 2187 δὲ
1056 2143 1105 2186 οὐ
1135 2145 1284 2187 διελών
1322 2146 1366 2199 (i.
1398 2161 1432 2188 e.
1462 2160 1543 2187 una.
1580 2159 1678 2188 vooe
1712 2158 1763 2188 ex

178 2204 332 2244 duabus
363 2202 566 2258 formata),
598 2203 661 2244 ὄτι
676 2202 787 2274 βαρὺ
810 2202 852 2244 τὸ
875 2200 1092 2258 κιννάβαρι
1111 2201 1227 2257 λέγει.
1260 2204 1437 2245 Cramer.
1459 2204 1612 2245 Aneod.
1634 2203 1764 2251 Oxou.

177 2262 217 2300 II
250 2262 343 2310 120,
378 2263 431 2301 29
468 2260 706 2315 κιννάβαρι,
748 2260 913 2302 Anauni
948 2258 993 2301 δὲ
1030 2259 1074 2302 τὸ
1112 2260 1346 2315 τιγγάβαρν.
1405 2262 1664 2303 manifestum
1699 2263 1762 2303 ont

177 2319 283 2369 apud
313 2319 558 2370 Hesychium
588 2333 661 2371 pro
693 2318 806 2373 τίγγα
837 2319 1094 2360 scribendum
1123 2333 1209 2360 esse
1237 2318 1349 2373 τίγγα
1378 2317 1499 2372 βαρύ.
1548 2318 1759 2371 Aristoph.

176 2376 226 2415 fr.
265 2378 367 2426 320,
404 2378 443 2416 3.
490 2380 668 2418 ceterum
705 2377 1329 2455 cf.Nau0k.Aristoph.13yz.
1371 2378 1466 2418 205.
1507 2377 1624 2418 initio
1662 2389 1703 2418 v.
1734 2377 1760 2416 2
1808 2427 1810 2429 ‚

176 2431 244 2472 καὶ
275 2434 364 2474 add.
396 2434 634 2476 Meinekius.

383 2544 687 2601 γυναικάριον
949 2491 967 2531 l
979 2491 996 2531 l

295 2630 474 2681 Διοκλῆς·
498 2628 728 2678 Μελίτταις.
761 2629 929 2670 Bekker.
960 2629 1112 2670 Anecd.
1143 2630 1212 2682 87,
1244 2629 1284 2669 4.

950 2717 1003 2760 12

384 2773 671 2832 δραπέτευμα

294 2857 468 2909 Διοκλῆς
500 2857 731 2906 Μελίτταις.
762 2858 935 2898 Bekker.
969 2858 1118 2899 Anecd.
1150 2858 1220 2910 88,
1253 2858 1321 2901 20.
