1872 3224
241 204 324 246 702
570 203 846 237 ΛΤΣΙΠΠΟΤ
903 203 1087 236 ΒΑΚΧΑΙ
1110 221 1156 227 -
1179 203 1388 238 ΑΔΗΛῼΝ
1413 204 1486 238 ΔΡ.

1021 304 1049 346 5

446 381 600 433 αὐτοῖς
630 382 787 434 αὐλοῖς
819 381 935 440 ὁρμᾷ
965 385 1041 426 καὶ
1071 385 1427 443 γλωττοκομείῳ.

358 468 500 506 Pollux
535 468 716 515 10,154
746 464 789 506 τὸ
827 464 962 518 μέντοι
998 469 1306 519 γλωττοκομεῖον
1344 466 1478 520 εἴρηκε
1515 466 1732 516 Λύσιππος
1770 465 1820 509 ἐν

243 519 418 574 Βάκχαις
447 527 528 562 κτλ.
562 521 741 576 (tibicen)
772 526 899 564 inruit
927 537 1012 564 una
1054 537 1142 564 cum
1180 526 1287 565 tibiis
1323 529 1358 564 et
1393 527 1500 566 theca
1537 527 1676 566 tibiali.
1736 526 1818 566 Lo-

240 582 406 620 beckius
437 581 588 632 Phryn.
621 583 673 621 99
705 577 889 620 αὐτοῖσιν
917 578 1056 628 αὐλοῖς
1094 576 1168 633 ἤρε’
1205 596 1253 633 με
1279 579 1285 635 Ι
1311 580 1379 621 καὶ
1407 585 1490 634 yn„
1525 585 1574 622 ut
1607 583 1820 623 ambubaia

239 639 428 688 loquatur
459 638 507 677 de
537 639 726 679 amatoris
765 639 975 679 ferocitate
1016 652 1263 689 conquerens
1303 640 1475 680 ‘sustulit
1511 652 1574 680 me
1609 653 1696 681 una
1731 652 1820 680 owm

242 696 348 735 tibiis
378 699 413 735 et
441 696 549 736 theca
579 697 756 736 tibiaria’
762 725 771 734 .

1023 808 1050 850 6

355 891 586 930 Athenaeus
625 892 670 940 8,
714 892 828 931 344e
867 888 935 930 καὶ
965 885 1221 942 Λοὲμπωνα
1251 888 1296 930 δὲ
1333 889 1403 931 τὸν
1438 889 1584 943 μα’ντιν
1628 889 1715 931 ἐπὶ
1736 893 1803 932 τοῖ’
1824 912 1826 916 ·

243 943 391 998 ὁμοίοις
423 947 490 1001 (τῇ
521 944 748 1016 ὀψοφαγία)
786 947 1026 1002 κωμῳδοῦσι
1064 947 1240 995 Καλλίας
1274 947 1475 1000 Πεδήταις
1505 946 1574 988 καὶ
1603 906 1822 997 Admana}

243 1001 429 1055 Βακχαις.
462 1006 686 1056 Hesychius
695 1005 1046 1074 αγερσικύβηλις·
1107 1004 1174 1044 καὶ
1212 1002 1428 1054 Λύσιππος
1460 1004 1506 1045 ἐν
1545 1004 1720 1058 Βάκχαις
1750 1004 1820 1046 τὸν

239 1057 366 1101 αὐτὸν
397 1059 651 1115 (Λάμπωνα)
682 1058 908 1116 ἆγύρτην
936 1062 1133 1117 κωμῳδεῖ.

863 1209 1210 1245 ΘΤΡΣΟΚΟΜΟΣ

359 1304 394 1342 Α
426 1303 511 1342 solo
543 1302 666 1342 Suida
697 1306 1020 1346 commemorata.
1050 1304 1222 1346 Meinek.
1251 1303 1272 1343 I
1302 1305 1398 1343 216.
1444 1317 1489 1343 ac
1518 1304 1690 1344 fortasse
1718 1305 1819 1356 θυρ-

242 1356 410 1411 σοκόμος
441 1373 663 1412 cognomen
693 1361 841 1401 Bacchi
870 1363 962 1400 erat
990 1374 1013 1400 a
1043 1364 1162 1411 poeta
1191 1362 1234 1401 in
1263 1361 1430 1401 Bacchis
1459 1363 1710 1412 usurpatum.

867 1507 1187 1553 [ΚΑΤΑΧΗΝΑΙ]

365 1600 536 1639 Meinek.
562 1600 582 1639 I
598 1601 694 1640 216.
715 1603 757 1640 at
772 1602 890 1653 longe
915 1602 1033 1641 aliter
1061 1601 1235 1641 Boeckh.
1265 1601 1311 1642 C.
1325 1601 1359 1643 Ι.
1380 1602 1400 1641 Ι
1417 1603 1498 1641 229
1523 1615 1564 1653 p.
1581 1602 1820 1647 349—352‚

242 1657 312 1708 qui
340 1656 564 1708 Lysippum
594 1671 676 1698 non
706 1661 879 1709 poetam,
903 1659 971 1698 sed
993 1660 1312 1711 protagonistam
1342 1660 1384 1698 in
1405 1660 1589 1699 Menelao
1608 1659 1744 1698 fabula
1764 1659 1816 1698 si-

240 1714 420 1765 gnificari
451 1715 678 1755 arbitratur.

786 1840 995 1875 ΑΔΗΛΩΝ
1019 1840 1289 1875 ΔΡΑΜΑΤΩΝ

1027 1932 1051 1974 7

449 2011 491 2052 εἰ
517 2007 576 2065 μὴ
609 2009 822 2053 τεθέασαι
852 2008 931 2061 τοὶς
955 2008 1164 2066 Ἀθήνας,
1197 2011 1402 2066 στέλεχος
1432 2007 1486 2065 εἶ,

448 2079 490 2121 εἰ
517 2078 566 2120 δὲ
597 2077 809 2121 τεθέασαι
838 2077 897 2135 μὴ
930 2077 1206 2135 τεθήρευσαι
1237 2077 1297 2134 δ’,
1330 2075 1448 2133 ὄνος,

448 2148 490 2190 εἰ
519 2144 562 2188 δ’
595 2144 858 2201 εὐαρεστῶν
889 2146 1162 2203 ἀποτρέχεις,
1193 2147 1455 2203 κανθήλιος.
1488 2156 1490 2158 ’

355 2230 617 2269 Dicaearchus
649 2230 787 2270 Descr.
819 2230 958 2270 Graec.
992 2232 1044 2269 22
1076 2231 1232 2270 Buttm.
1265 2226 1308 2270 τὸ
1345 2227 1527 2269 καθόλου
1564 2226 1606 2268 δ’
1648 2226 1747 2269 ὅσον
1775 2228 1822 2269 αἱ

240 2285 374 2326 λοιπαὶ
402 2285 536 2334 πόλεις
566 2284 666 2338 πρός
696 2301 736 2326 τε
765 2283 920 2338 ἡδονὴν
949 2285 1017 2326 καὶ
1046 2286 1138 2339 βίου
1177 2283 1401 2339 διόρθωσιν
1437 2292 1518 2326 τῶν
1553 2282 1691 2339 ἆγρων
1728 2285 1815 2325 δια-

240 2341 418 2396 φέρουσι,
452 2349 641 2383 τοσοῦτον
670 2358 752 2382 των
781 2345 933 2383 λοιπῶν
961 2342 1118 2383 πόλεων
1137 2341 1162 2396 ἡ
1185 2349 1266 2383 τῶν
1281 2340 1515 2393 Ἀθηναίων
1543 2338 1816 2410 παραλλάττει.

240 2399 465 2451 φυλακτέον
494 2398 534 2440 δ’
569 2397 621 2448 ὡς
653 2399 712 2440 ἔνι
741 2399 910 2450 μαλιστα
941 2399 1010 2448 τὰς
1041 2399 1210 2453 ἑταίρας,
1243 2399 1297 2453 μὴ
1327 2398 1436 2455 λαθῃ
1467 2415 1526 2448 τις
1556 2397 1684 2452 ἡδέως
1714 2394 1815 2440 ἆπο-

240 2457 417 2523 λόμενος.
448 2457 489 2497 οἷ
505 2457 629 2509 στίχοι
650 2457 874 2508 Λυσίππου
894 2461 975 2497 κτλ.
991 2480 1043 2487 —-
1062 2457 1385 2523 τεθήρευσαι.
1406 2459 1506 2500 Xen.
1528 2459 1694 2498 Memor.
1717 2459 1754 2508 1,
1776 2459 1816 2507 2,

242 2517 295 2554 24
323 2508 577 2568 Ἀλκιβιάδης
608 2512 689 2554 υπὸ
719 2530 770 2568 γυ
772 2520 929 2555 ναικων
957 2510 1205 2569 θηρωμενος.
1238 2516 1287 2555 cf.
1320 2517 1358 2564 2,
1393 2517 1430 2564 6,
1464 2516 1530 2555 28.
1563 2516 1812 2566 3‚11,7sq.
1864 2568 1867 2571 ,

1023 2650 1049 2693 8

993 2729 1120 2772 κύων
1150 2728 1204 2772 δέ
1229 2743 1295 2779 τις

447 2797 556 2853 ἐβόα
586 2798 826 2853 δεδεμένος
855 2799 990 2841 ἔνδον
1020 2795 1173 2853 ὥσπερ
1203 2796 1409 2847 Βούδιος.

354 2881 579 2932 Hesychius
620 2877 807 2928 Βούδιος·
847 2876 954 2934 παρὰ
993 2879 1195 2935 Λυσίππῳ
1230 2877 1273 2919 τὸ
1312 2877 1437 2931 ὄνομα
1474 2880 1556 2919 κτλ.
1616 2877 1812 2928 Σέλευκος
