1872 3224
229 216 315 259 634
381 177 385 181 -
885 215 1164 250 ΠΛΑΤῼΝΟΣ

987 317 1069 360 124

291 390 485 444 χαίρεις,
519 384 664 442 οἶμαι,
697 385 1057 442 μεταπεττεύσας
1087 383 1229 429 αὐτὸν
1260 387 1606 442 διακλιμακίσας
1634 403 1703 442 τε,

294 456 375 500 τὸν
407 455 666 511 ὑπηνόβιον
698 457 1051 511 σπαρτιοχαίτην
1082 455 1432 510 ῥυποκόνδυλον
1463 449 1781 512 ἑλκετρίβωνα.

347 540 539 590 Aspasius
571 540 780 578 Aristotel.
812 538 943 578 Ethio.
966 539 1123 578 Nicom.
1148 539 1187 587 4,
1212 540 1234 577 7
1266 534 1288 589 ἡ
1322 543 1403 578 τῶν
1433 537 1650 579 Λακώνων
1680 536 1807 591 ἐσθὴς

239 594 399 647 εὐτελὴς
430 595 566 648 α’γαν.
633 594 698 634 διὰ
732 600 855 634 ταῦτα
884 594 953 635 καὶ
984 594 1238 634 σκώπτουσιν
1267 592 1415 643 αὐτοὺς
1446 596 1488 635 οἵ
1503 594 1807 651 κωμῳδιοποιοί,
1861 609 1872 643 ξ

232 651 286 700 ὡς
320 652 493 692 Πλάτων
524 651 568 692 ἕν
591 652 821 704 Πρεσβεῦσι
845 650 1085 706 (Πρέσβεσι)
1115 655 1196 692 κτλ.
1237 651 1540 704 διακλιμακίσας
1570 668 1611 694 τε
1641 653 1806 695 Person.
1860 643 1872 706 ξ

233 712 399 751 Miscell.
434 708 537 764 232]
570 710 952 762 διακλιματίζεσθαι.
986 711 1212 762 Hesychius
1244 709 1568 781 διακλιμακίσας·
1601 709 1810 750 διαπαλαί-
1864 718 1872 738 '2

233 780 318 815 σας.
370 767 556 819 κλίμακες
598 765 675 821 γάρ
714 766 781 807 καὶ
819 766 1073 819 κλιμακισμοὶ
1111 767 1382 819 παλαίσματος
1421 762 1538 816 εἶδος.
1588 769 1724 820 Etym.
1756 782 1810 808 m.

234 828 413 873 267,17
453 824 780 877 διακλιμακίσας·
820 824 1101 872 διαπαλαίσας.
1151 826 1294 876 κλῖμαξ
1331 839 1407 877 γαρ
1444 824 1511 865 καὶ
1547 822 1811 877 κλιμακισμός
1864 827 1872 861 ὲ

232 882 440 934 πάλαισμα
471 883 602 922 ποιόν.
652 883 795 923 Pollux
829 884 867 931 3,
902 884 982 921 155
1022 881 1091 922 καὶ
1129 881 1360 935 πλαγιάζειν
1391 879 1436 921 δὲ
1465 881 1533 923 καὶ
1562 881 1810 935 κλιμακίζειν

232 936 516 991 παλαισμάτων
552 936 743 992 ὀνόματα.
795 940 844 979 ef.
885 939 1092 991 Aristoph.
1134 941 1210 991 Eq.
1245 941 1341 979 262.
1395 940 1516 990 Soph.
1551 941 1698 981 Traoh..
1723 941 1806 981 520
1870 947 1872 951 ⁴

229 993 495 1048 άμφίπλεκτοι
525 997 712 1049 κλίμακες
742 998 872 1036 luctae
905 1010 1030 1048 genus
1062 997 1255 1048 ‘positum
1276 998 1318 1036 in
1340 1011 1399 1045 eo,
1431 1000 1478 1036 ut
1498 999 1588 1049 quis
1610 999 1810 1038 averteret
1869 994 1872 995 ⁷

231 1055 503 1094 adversarium
535 1058 654 1106 atque
685 1069 708 1094 a
737 1057 851 1105 tergo
885 1056 1114 1105 complexus
1147 1055 1259 1105 quasi
1281 1069 1352 1105 per
1372 1055 1519 1094 scalam
1541 1056 1702 1095 dorsum
1722 1055 1808 1095 eius

231 1112 544 1155 conscenderet’,
585 1113 855 1152 Hermannus.
887 1109 1111 1163 ὖπηνόβιος
1151 1114 1184 1151 is
1215 1113 1374 1151 videtur
1404 1126 1512 1162 esse,
1556 1113 1625 1163 qui
1654 1113 1811 1164 ingenti

231 1169 356 1208 barba
378 1169 421 1219 (i.
445 1182 479 1208 e.
501 1170 645 1209 minaci
667 1166 803 1222 vultu)
826 1171 977 1210 vietum
999 1170 1167 1220 quaerit.
1199 1164 1458 1221 ὑπηνοβότον
1477 1170 1626 1209 Naber.
1657 1170 1807 1209 Mnem.

233 1240 325 1266 nov.
357 1226 458 1265 VIII
493 1228 587 1265 124.
621 1228 667 1266 de
698 1227 992 1277 Spartiatarum
1026 1227 1197 1266 Athenis
1227 1227 1500 1266 imitatoribus
1531 1227 1580 1266 cf.
1604 1226 1808 1278 Aristoph.
1867 1258 1872 1259 κ

233 1285 310 1323 Av.
337 1284 460 1323 1281.
513 1282 816 1335 ῥὐποκόνδυλος
846 1287 892 1324 ut
921 1284 1126 1334 Aristoph.
1151 1285 1199 1323 fr.
1233 1285 1328 1324 718.
1378 1280 1692 1335 μεταπεττεύσας
1721 1297 1809 1324 ma-

229 1341 378 1380 nifesto
425 1344 657 1392 corruptum
702 1344 775 1381 est.
827 1342 995 1382 Photius
1041 1338 1361 1392 μεταπεττεύειν·
1405 1338 1448 1380 τὸ
1490 1339 1810 1392 μεταβάλλεσθαι

230 1396 297 1436 καὶ
327 1397 601 1450 μεταβαίνειν·
634 1395 713 1438 άπὸ
742 1404 970 1450 μεταφορᾶς
1002 1403 1082 1437 τῶν
1113 1396 1406 1449 πεττευόντων,
1445 1397 1589 1446 οἵτινες
1619 1395 1810 1446 πολλάκις

230 1450 538 1506 μεταβάλλονται
571 1453 615 1494 ἐν
646 1461 693 1510 τῇ
722 1455 876 1510 παιδιᾷ.
916 1457 971 1496 ef.
1006 1456 1175 1495 Bekker.
1207 1455 1356 1496 Anecd.
1387 1456 1480 1504 280,
1515 1457 1553 1495 9.
1603 1458 1666 1495 est
1692 1467 1811 1496 suum

231 1525 400 1552 errorem
430 1515 629 1563 corrigere,
663 1517 708 1552 ut
736 1513 1048 1563 μετατίθεσθαι,
1079 1526 1161 1553 non
1191 1515 1359 1553 alterum
1387 1517 1562 1553 evertere.
1606 1514 1655 1553 of.
1687 1513 1809 1552 etiam

231 1571 333 1609 Plat.
365 1570 463 1609 Min.
487 1571 611 1610 316b.
645 1571 806 1610 Becker.
840 1568 1035 1610 Charili
1065 1571 1104 1609 ΙΙ
1130 1572 1283 1621 300sq.
1316 1571 1569 1610 scribendum
1591 1572 1652 1610 est
1670 1570 1809 1621 utique
1871 1572 1872 1576 ’

231 1624 684 1675 καταπυκτεύσας,
707 1630 752 1667 ut
772 1629 1089 1679 puyilpuyilem.

987 1727 1068 1770 125

344 1799 606 1850 Harpocratio
630 1801 698 1851 91,
724 1801 773 1839 17
797 1792 912 1846 οὗτος
935 1795 978 1838 δὲ
1009 1795 1029 1837 ὁ
1061 1797 1193 1851 ῥήτωρ
1214 1795 1546 1852 (Ἀνδοκίδης)
1576 1796 1644 1838 καὶ
1664 1799 1808 1851 ζητη-

231 1854 316 1907 τής
347 1870 440 1895 ποτε
471 1853 644 1908 ἐγένετο,
676 1854 730 1904 ὥς
763 1866 863 1907 φησι
894 1887 903 1896 .
929 1887 937 1896 .
971 1852 1144 1895 Πλάτων
1173 1852 1194 1894 ὁ
1224 1852 1398 1907 κωμικὸς
1429 1853 1665 1908 Πρέσβεσιν.

984 1956 1064 1998 126

436 2010 727 2069 αρμοστῆρας

344 2079 512 2123 ἐκάλουν
538 2080 751 2149 Ἀθηναῖοι
775 2082 868 2132 τοὺς
899 2085 955 2132 εἰς
987 2082 1029 2123 τὸ
1060 2079 1106 2124 εὖ
1138 2086 1212 2136 ζῆν
1242 2082 1545 2135 διατάττοντας,
1577 2080 1632 2131 ὥς
1663 2088 1804 2134 σαφῶς

234 2139 409 2180 Πλάτων
445 2138 466 2179 ὁ
503 2134 677 2192 κωμικὸς
714 2141 831 2192 δηλοῖ
864 2140 907 2181 ἐν
947 2140 1143 2194 Πρέσβεσι
1172 2147 1225 2195 τῷ
1262 2140 1443 2194 δράματι.
1475 2142 1673 2181 Maximus
1713 2142 1807 2181 Dio-

230 2212 319 2250 nys.
359 2200 507 2249 Areop.
548 2199 653 2238 Eccl.
694 2199 791 2239 hier.
832 2201 878 2248 3,
919 2200 943 2238 3
983 2213 1023 2250 p.
1064 2201 1160 2239 314.
1199 2195 1448 2266 Ἀθηναῖοι]
1491 2196 1807 2250 Λακεδαιμόνιοι

232 2256 468 2304 Meinekius‚
501 2257 604 2306 apud
638 2257 904 2296 Athenienses
935 2269 1003 2296 eos
1033 2250 1231 2321 κοσμητάς
1263 2257 1326 2296 vel
1356 2260 1683 2308 σωφρονιστῆρας
1714 2254 1806 2308 (σω-

231 2309 469 2366 φρονιστάς)
490 2314 568 2353 dici
599 2326 779 2353 monens.
812 2315 854 2352 at
874 2327 918 2352 ea
938 2314 1102 2352 nomina
1122 2327 1203 2353 non
1226 2315 1318 2352 ante
1341 2312 1510 2352 01.115
1531 2313 1804 2360 inveniuntur,

231 2371 279 2411 cf.
313 2370 489 2409 Schoem.
522 2370 619 2409 Ant.
651 2367 731 2420 gr.²
760 2370 781 2409 Ι
811 2371 906 2409 525.
947 2373 988 2409 et
1018 2371 1426 2410 Lacedaemoniorum
1453 2366 1671 2421 ἆρμόσυνοι
1697 2371 1803 2416 sunt,
1833 2393 1835 2395 ·

230 2440 311 2467 non
341 2423 599 2479 ἇρμοστῆρες.
631 2428 682 2467 cf.
715 2428 887 2478 Hesych.
918 2423 1150 2480 ἁρμόσυνοι.
1191 2428 1326 2478 itaque
1354 2427 1448 2478 quid
1471 2427 1730 2467 statuendum
1751 2427 1805 2466 sit

230 2498 376 2524 nescio.

985 2537 1063 2581 127

436 2593 551 2638 άπέσ
581 2611 606 2637 α

347 2662 519 2705 Πλάτων
541 2598 755 2718 ΙχῚρξΞβεσι.
787 2664 855 2705 καὶ
876 2671 978 2716 σχᾶν
999 2664 1041 2704 τὸ
1063 2663 1233 2717 σχάζειν.
1267 2665 1420 2704 Suidas.
1454 2666 1624 2707 Bekker.
1652 2666 1801 2705 Aneod.

231 2720 668 2819 ἓίἰ,22919ἆπέσχαζεν
699 2724 810 2762 nulla
840 2723 974 2762 addita
1004 2724 1347 2774 interpretatione.
1389 2723 1438 2761 cf.
1471 2722 1644 2762 Lobeek.
1676 2723 1801 2774 Phry-

350 2838 413 2875 Ad
445 2838 616 2888 Legatos
653 2840 859 2887 praeterea
898 2837 949 2876 fr.
985 2837 1078 2876 194.
1111 2837 1192 2875 208
1231 2836 1474 2875 rettulerunt
1512 2836 1732 2876 Meinekius
1761 2838 1803 2875 et

237 2895 435 2946 Bergkius
466 2894 515 2933 R
547 2908 579 2933 c.
612 2895 701 2933 Att.
736 2894 831 2936 395.
916 2905 919 2907 ·
1868 2896 1872 2897 ’
