1872 3224
192 142 277 184 504
799 137 1195 172 ΑΡΙΣΤΟΦΑΝΟΤΣ

943 238 1028 281 433

399 320 595 376 ἀτταγᾶς
622 317 815 375 ἥδιστον
845 318 974 369 ἕψειν
1007 316 1059 360 ἐν
1091 317 1333 386 ἐπινικίοις
1363 317 1511 374 κρέας.

310 406 541 444 Athenaeus
573 405 612 452 9,
645 403 757 441 387f
780 397 1071 453 Ἀριστοφάνης
1103 402 1340 454 Πελαργοῖς.
1375 396 1546 453 ἆττάγας
1578 398 1698 450 ἕψεῖν
1727 401 1778 441 Α.

195 466 275 509 τοῖς
307 460 538 511 ἐπινικίοις,
577 473 659 500 ιιοιι
690 457 734 498 ἐν
765 455 973 506 ἐπινικίοις
1003 459 1121 498 Plato
1153 457 1290 510 Symp.
1316 459 1397 498 174
1410 472 1446 504 a,
1478 462 1525 498 ut
1554 460 1637 505 τοῖς
1667 458 1779 498 Παν-

195 518 413 569 αθηναίοις
445 521 520 557 cet.
554 520 734 557 attamen
766 517 811 557 G.
834 517 866 558 Ι.
890 517 1032 557 23746
1062 516 1106 556 in
1135 516 1278 555 eodem
1308 516 1426 557 titulo
1458 517 1499 555 et
1528 518 1612 564 τοῖς
1642 516 1776 564 θεοξε-
1865 564 1872 573 ⁴

198 575 297 623 νίοις
340 579 381 615 et
417 573 461 614 ἐν
498 578 579 622 τοῖς
618 573 862 624 θεοξενίοις,
904 576 948 614 et
985 571 1030 612 ἐν
1066 572 1285 622 θεοξενίοις
1323 573 1590 625 probabiliter
1619 573 1786 614 restitui*
1864 578 1872 614 ἲ

197 633 371 684 Polyzel.
398 635 434 671 1.
465 633 515 671 ad
536 633 745 673 victoriam
768 632 990 672 seaenicam
1020 633 1128 672 recte
1158 631 1319 671 rettulit
1351 630 1541 672 Suevern.
1566 630 1627 671 De
1647 631 1775 672 Arist.
1867 630 1872 636 ⁴

203 692 360 731 Seneot.
393 691 444 730 21
479 691 569 732 adn.

952 765 1037 808 434

402 844 605 902 κεφαλάς
635 844 678 889 τ’
710 844 865 901 ἀρνῶν
896 847 1046 895 κωλᾶς
1075 843 1110 887 τ’
1148 845 1326 900 ἐρίφων

311 931 546 971 Athenaeus
579 933 623 979 9,
657 931 772 970 3680
798 925 1091 981 Ἀριστοφάνης
1125 959 1132 967 .
1166 959 1174 967 .
1210 958 1219 968 .
1252 925 1297 968 ἒν
1327 929 1563 982 Πελαργοῖς.
1617 925 1654 969 τ’
1686 922 1779 971 add.

201 988 414 1040 Bergkius.
448 989 729 1039 anapaesticus
758 990 822 1027 est
851 987 947 1026 dim.
980 988 1050 1026 aut
1079 999 1173 1037 pars
1205 989 1364 1030 tetram.
1624 985 1626 987 ’

953 1098 1038 1142 435

403 1176 630 1234 βαλανεὺς
663 1175 707 1221 δ7
742 1178 862 1221 ω’θεῖ
887 1184 984 1229 ταῖς
1014 1176 1296 1232 ἀρυταίναις.

320 1262 462 1302 Pollux
488 1264 553 1314 10,
577 1264 630 1302 63
651 1258 852 1331 ἀρύταινα
877 1290 884 1298 .
910 1256 1295 1313 ..Ἀριστοφάνους
1318 1259 1499 1309 εἰπόντος
1521 1263 1604 1302 κτλ.
1635 1263 1785 1304 Moeris

204 1317 582 1371 192,13βαλανευς
598 1317 705 1371 παρὰ
719 1317 909 1358 Πλάτωνι
924 1316 990 1357 καὶ
1003 1314 1353 1370 Ἀριστοφάνει
1375 1319 1661 1373 Πελαργοῖς.
1693 1333 1784 1360 oum

208 1374 410 1427 βαλανεύς
441 1378 548 1416 haud
578 1390 712 1416 rarum
735 1377 789 1416 sit
811 1377 1051 1416 vocabulum
1071 1372 1169 1430 (Eq.
1192 1377 1313 1417 1403.
1346 1378 1422 1417 Av.
1441 1379 1537 1418 491.
1568 1378 1670 1418 Ran.
1688 1379 1784 1422 710.

206 1434 316 1474 Plut.
349 1436 445 1474 955.
479 1435 527 1474 cf,
560 1434 752 1476 Fritzsoh.
793 1433 837 1480 Q.
871 1434 997 1473 Arist.
1030 1430 1124 1485 65),
1164 1447 1418 1485 nequaquam
1456 1437 1612 1475 certum
1642 1437 1705 1475 est
1733 1435 1784 1474 ad

210 1491 402 1543 Pelargos
433 1494 562 1531 totum
593 1504 754 1531 versum
775 1491 991 1542 pertinere.
1023 1491 1191 1530 Bekker.
1216 1491 1368 1531 Aneod.
1393 1493 1460 1541 20,
1483 1493 1536 1531 22
1567 1486 1783 1543 ἀρύταινα·

209 1545 351 1595 σκεῦός
383 1562 439 1598 τι,
471 1563 502 1615 ῳ
536 1548 576 1587 οἱ
601 1548 791 1599 βαλανεῖς
822 1553 994 1599 χρῶνται
1023 1545 1123 1599 πρὸς
1156 1545 1198 1586 τὸ
1228 1546 1415 1600 παρέχειν
1445 1545 1570 1603 (recte
1591 1549 1785 1590 Fritzsch.

210 1605 440 1657 παραχεῐν),
473 1601 552 1644 ἀπὸ
584 1610 654 1644 τοῦ
684 1600 903 1657 ἀρύεσθαι,
935 1601 958 1644 ὅ
988 1602 1098 1644 ἐστιν
1126 1600 1356 1648 απαντλεῖν.
1408 1607 1459 1646 cf.
1490 1607 1568 1658 Eq.
1604 1608 1726 1647 1091.

957 1716 1043 1759 436

407 1795 691 1851 χαλκώματα,
724 1795 1086 1852 προσκεφάλαια.

316 1880 459 1919 Pollux
492 1880 663 1927 10,174
693 1877 929 1931 χαλκώματα
961 1876 1003 1918 ἐν
1031 1894 1078 1931 μ
1065 1876 1141 1931 ’ρει
1171 1883 1251 1919 τῶν
1281 1879 1439 1919 σκευῶν
1470 1909 1478 1918 .
1511 1911 1521 1921 .
1554 1909 1563 1918 .
1595 1873 1782 1929 εἰπόντος

198 1932 513 1989 Ἀριστοφάνους
544 1934 589 1975 ἕν
620 1937 839 1989 Πελαργοῖς
870 1937 951 1976 κτλ.
1003 1937 1111 1977 idem
1144 1938 1295 1986 7,105
1333 1935 1571 1989 χαλκώματα
1603 1934 1645 1977 δ’
1677 1933 1784 1991 ’-Λρι

202 1992 406 2045 στοφανης
436 1991 481 2033 ἐν
503 1995 720 2046 Πελαργοῖς
750 1991 817 2033 καὶ
840 1991 1000 2045 Σφηξὶν
1022 1990 1174 2049 (1214)
1196 1992 1370 2046 εἴρηκεν.
1402 2008 1543 2036 versus
1567 1998 1627 2036 est
1647 2008 1785 2046 paroe

206 2052 356 2091 miaous
387 2055 458 2090 aut
488 2052 619 2091 exitus
650 2052 889 2091 tetrametri.

961 2129 1043 2170 437

316 2205 377 2262 ἢν
406 2204 492 2262 γὰρ
522 2205 588 2250 ἕν’
620 2205 750 2261 ἄνδρ’
787 2205 949 2250 ἄδικον
980 2205 1039 2250 σύ
1070 2208 1259 2264 διώκῃς,
1291 2207 1688 2265 ἀντιμαρτυροῦσι

321 2275 498 2318 δώδεκα
527 2282 620 2326 τοῖς
650 2274 815 2329 ἑτέροις
848 2275 1074 2318 ἐπισίτιοι.

323 2359 556 2398 Athenaeus
588 2361 625 2407 6,
660 2359 775 2398 2472,
813 2355 996 2397 ἐπισίτιοι
1025 2361 1242 2398 καλοῦνται
1274 2359 1316 2399 οἵ
1342 2357 1406 2400 ἐπὶ
1438 2363 1603 2413 τροφαῖς
1631 2374 1785 2413 υπουρ-

209 2420 373 2467 γοῦντες
407 2444 415 2453 .
451 2446 459 2455 .
492 2412 821 2467 ,Ἀριστοφανης
853 2416 1074 2468 Πελαργοῖς
1105 2418 1187 2458 κτλ.
1228 2414 1278 2455 σὺ
1301 2415 1449 2472 διώκῃς
1479 2415 1663 2471 Porson.]
1687 2427 1786 2456 συν-

209 2471 358 2526 διώκῃς
391 2472 507 2512 PVL.
555 2470 751 2526 ἐπισίτιοι]
787 2470 955 2511 ἐπίσιτοι
984 2473 1169 2515 Dindorf.
1202 2476 1377 2513 metrum
1406 2476 1470 2514 est
1490 2474 1630 2516 Horat.
1654 2475 1786 2514 Carm.

215 2532 251 2578 1,
284 2531 323 2568 4.
375 2532 455 2575 τοῖς
486 2527 630 2582 ἑτέροις
662 2530 954 2570 Herwerdenus
985 2531 1131 2570 Mnem.
1163 2543 1257 2570 nov.
1289 2531 1348 2570 VI
1379 2533 1430 2571 61
1463 2531 1520 2571 sic
1548 2531 1786 2582 interpreta·
1788 2557 1807 2572 0

213 2589 302 2624 tur:
334 2587 384 2626 ‘si
413 2600 538 2626 unum
569 2587 785 2638 inprobum
815 2587 1078 2638 persequeris,
1119 2588 1195 2627 tibi
1225 2588 1470 2628 contrarium
1508 2589 1787 2628 testimonium

211 2643 348 2682 ferunt
379 2643 587 2683 duodecim
618 2645 750 2695 pretio
781 2645 959 2710 corrupti
989 2657 1015 2684 a
1043 2646 1203 2694 reliqms
1231 2646 1425 2694 imnvbis,
1458 2645 1526 2695 qui
1557 2658 1670 2684 suam
1699 2658 1785 2685 rem

214 2700 280 2750 agi
311 2700 585 2751 intellegunt&
628 2706 754 2749 recte,
787 2702 866 2741 nisi
895 2701 1002 2751 quod
1031 2714 1114 2740 non
1152 2701 1281 2751 pretio
1319 2703 1519 2752 corrupti,
1558 2702 1627 2741 sed
1657 2702 1786 2742 vietus

212 2756 343 2806 gratia
380 2756 421 2795 id
461 2757 592 2797 facere
628 2759 831 2798 dicuntur.
879 2757 1028 2809 pendet
1064 2761 1198 2799 autem
1231 2760 1313 2805 τοῖς
1350 2755 1492 2814 ἑτέροις
1525 2755 1705 2812 (κακοῖς)
1735 2759 1785 2798 ab
1861 2776 1867 2781 ·

214 2810 392 2853 ἓπίσιτοι.
539 2824 541 2826 ’
