1872 3224
207 195 291 236 596
803 192 1190 226 ΑΡιΣΤοΦΑΝοΤΣ

953 293 1037 336 929

411 352 584 407 ἀλέοιμι

318 432 494 474 ἄντὶτοῦ
514 434 782 486 θερμαιᾝνοιμι
805 431 931 479 οὕτως
945 430 1250 502 Ἀριστοφάνης.
1269 435 1439 476 Bekker.
1458 437 1607 477 Anecd.
1625 438 1720 487 376,
1747 439 1780 504 1,

204 494 366 532 videtm
396 493 611 543 significari
642 492 748 530 Eecl.
781 489 908 531 540
896 488 955 530 ι’ν’
989 487 1222 543 ἀλεαίνοιμι.

953 603 1039 646 930

408 659 772 715 ἅνδρεράστριαν

317 745 461 783 Pollux
503 746 545 791 3,
580 745 634 784 70
672 741 879 795 ἕραστρίας
925 742 1103 791 Εὔπολις
1150 743 1310 796 εἴρηκεν
1352 741 1420 783 καὶ
1465 737 1780 798 ἆνδρεροὶστριαν

201 797 501 853 Ἀριστοφάνης.
563 815 802 852 quamquam
843 815 1054 840 numerum
1092 802 1287 852 pluralem
1319 816 1341 840 a
1372 803 1565 854 singulari
1596 804 1778 843 consulto

202 860 427 898 discernere
457 859 628 907 videtur,
659 861 793 897 tamen
824 859 995 898 foatasse
1032 859 1285 899 refmendmn
1325 860 1374 898 ad
1405 860 1563 901 Thesm.
1594 861 1676 900 392
1707 857 1778 908 τὰς

201 912 526 968 ἅνδρεραστρίας.

952 1003 1033 1047 931

407 1060 618 1118 ἀνθρήνη

315 1139 419 1192 εἶδος
449 1144 651 1196 μελίσσης.
680 1141 947 1197 Ἀρίσταρχος.
978 1140 1075 1197 παρ’
1108 1159 1139 1183 ω
1173 1144 1242 1184 καὶ
1271 1137 1492 1197 ἆνθρηνια,
1514 1143 1560 1185 τὰ
1580 1146 1778 1198 μελίσσια.

202 1203 444 1253 Hesychius.
476 1202 700 1242 Meinekius
728 1197 1032 1255 Ἀριστοφάνης.
1066 1204 1184 1241 recte.
1218 1203 1285 1243 sed
1317 1217 1406 1243 cum
1427 1198 1634 1256 ανθρήνια
1654 1204 1778 1255 Vesp-

203 1261 323 1311 1080,
344 1254 418 1298 ὑπ’
440 1255 665 1312 ἀνθρηνῶν
685 1260 789 1299 Nub
814 1261 894 1299 947
916 1260 1156 1307 inveniatur,
1177 1262 1284 1299 recte
1305 1261 1355 1299 Η.
1377 1261 1510 1300 Iaeobi
1533 1261 1569 1300 V
1589 1275 1627 1312 p
1653 1260 1779 1301 CLIV

202 1317 275 1356 hoc
308 1318 579 1368 fragmentum
611 1317 835 1356 tollendum
867 1331 953 1357 esse
984 1318 1153 1357 monuit

949 1428 1034 1471 932

405 1483 649 1528 ἀπέκλισεν

313 1564 514 1637 ‹3908stan
565 1565 590 1619 ἡ
629 1566 834 1620 μεταφορὰ
869 1564 953 1606 (ἐπὸ
991 1568 1071 1607 τῶν
1108 1559 1259 1620 κηρίων
1295 1585 1321 1620 η
1359 1563 1439 1608 ἀπὸ
1478 1574 1559 1609 τῶν
1596 1568 1639 1609 τὸ
1676 1568 1777 1622 γάλα

199 1618 462 1676 αμελγόντων.
496 1622 517 1664 ὁ
548 1624 592 1664 δὲ
622 1621 909 1678 Ἀριστοφάνης
939 1621 1029 1665 ἀντὶ
1059 1631 1131 1664 τοῦ
1170 1623 1366 1693 ἐξέρασεν.
1418 1626 1594 1667 Cramer
1614 1628 1776 1669 Αιιοοά.

198 1683 393 1721 Pa1.1[11
418 1685 512 1724 198.
543 1696 625 1722 non
657 1684 797 1723 dubito
829 1685 925 1734 quin
956 1684 1209 1723 scribendum
1241 1685 1294 1723 sit
1323 1678 1523 1735 ἀπέβλισε,
1554 1685 1660 1736 quod
1689 1698 1776 1736 per-

199 1741 301 1779 tinet
331 1741 381 1779 ad
413 1741 486 1780 Av.
518 1741 616 1780 498.

945 1795 1029 1838 933

399 1849 646 1907 Ἀχραόοῦς

315 1935 530 1974 Herodian.
562 1935 580 1973 I
613 1936 709 1983 242,
742 1935 794 1973 28
823 1930 1032 1987 Ἀχερὸοῦς
1069 1935 1194 1987 δῆμος
1234 1940 1304 1987 τῆς
1330 1931 1670 1983 Ἱπποθοωντίδος
1699 1950 1776 1986 :pv-

198 1993 269 2042 λῆς
300 1990 366 2030 καὶ
394 1987 610 2043 Ἀχραὸοῦς
642 1987 740 2043 παρ’
779 1987 1068 2045 Ἀριστοφάνει.
1109 1994 1158 2032 ef.
1189 1993 1229 2032 II
1261 1993 1357 2042 878,
1389 1995 1428 2035 3.
1488 1995 1688 2044 pertinere
1717 1994 1775 2034 vi-

200 2050 317 2107 dqtur
349 2050 398 2087 ad
430 2049 537 2088 Eccl.
571 2051 663 2088 362.
946 2104 1031 2147 934

405 2158 627 2214 βρόταχος

313 2239 382 2281 τὸν
411 2239 614 2312 βοίτραχον
633 2240 795 2294 Ἴωνες,
834 2241 899 2282 καὶ
934 2238 1248 2295 Ἀριστοφανης,
1285 2242 1352 2283 καὶ
1388 2241 1494 2296 παρὰ
1533 2241 1772 2294 Ξενοφάνει.

198 2296 408 2352 βατραχος,
439 2298 505 2338 καὶ
535 2295 634 2338 καθ’
675 2295 979 2352 ὖπερβιβασμόν
1007 2299 1203 2353 βραταχος
1233 2299 1301 2340 καὶ
1330 2297 1534 2354 βρόταχος.
1594 2301 1772 2352 Etymol.

198 2372 252 2396 m.
287 2359 382 2408 214,
414 2359 483 2396 44.
517 2358 733 2397 Herodian.
764 2358 804 2396 II
837 2359 933 2410 384,
968 2359 1031 2396 13
1063 2359 1283 2398 Meinekius
1311 2355 1531 2411 Ἀρχίλοχος
1570 2371 1644 2408 pro
1673 2355 1773 2410 Ἀρι-

198 2413 415 2465 στοφάνης.
447 2428 686 2465 quamquam
717 2415 919 2454 hominem
957 2415 1098 2454 Ionem
1135 2415 1363 2466 loquentem
1401 2416 1604 2455 induxisse
1639 2417 1775 2466 potest

198 2475 329 2522 poeta.
363 2472 412 2513 cf.
447 2473 543 2512 543.
575 2472 680 2511 Plat.
717 2473 809 2511 168.
844 2472 1030 2512 Strattid.
1062 2474 1115 2511 47
1148 2475 1189 2511 et
1218 2474 1344 2512 multa
1373 2473 1413 2511 id
1443 2485 1571 2524 genus
1601 2473 1693 2512 alia.

946 2560 1030 2603 935

402 2618 607 2672 γραβίων

311 2698 553 2750 μνημονεύει
582 2713 722 2740 ...κο
773 2697 850 2740 ..ἐν
868 2698 1103 2747 Φοινίσσαις
1123 2700 1271 2740 Athen.
1295 2701 1361 2749 15,
1383 2699 1500 2739 699f.
1523 2699 1688 2739 dubium
1710 2702 1772 2740 est

198 2758 334 2796 ussrum
357 2757 565 2796 Strattidis
585 2729 677 2810 (50)
700 2771 751 2796 an
771 2757 1054 2807 Aristophanis
1072 2770 1123 2796 an
1143 2758 1282 2820 ignoti
1293 2757 1409 2796 nobis
1430 2758 1572 2807 poetae
1591 2757 1769 2796 fabulam

199 2813 409 2864 significet.
438 2816 500 2862 l5,
526 2815 606 2852 699
624 2828 644 2853 e
674 2812 844 2866 γράβιόν
873 2811 954 2852 ἔστι
974 2812 1017 2852 τὸ
1042 2813 1229 2865 πρίνινον
1257 2828 1283 2882 η
1313 2812 1488 2882 δρύινον
1512 2809 1642 2864 ξύλον,
1671 2826 1770 2866 οπερ

198 2868 446 2922 ἐθλασμένον
458 2868 524 2908 καὶ
541 2869 848 2922 κατεσχισμένον
864 2869 1103 2920 ἐξάπτεσθαι
1120 2869 1187 2910 καὶ
1201 2870 1364 2920 φαίνειν
1378 2874 1458 2918 τοῖς
1471 2866 1766 2923 ὁδοιποροῦσιν.
