1872 3224
787 201 1031 239 ΔΑΝΑΙΔΕΣ
1605 217 1686 261 457

203 297 384 339 bendum
398 296 567 356 ‘videtur
594 303 736 357 παρά.
770 320 926 359 semper
954 311 1101 352 dicitur
1119 310 1144 366 ἡ
1165 312 1321 365 αὔλειος
1342 314 1464 372 θύρα.
1516 322 1564 362 cf.
1586 322 1686 365 Plat.

76 346 264 410 ·5J}5mp.
298 357 426 398 2120.
457 359 553 412 Lys.
588 364 623 411 1,
661 365 725 403 17.
760 366 825 415 12,
858 368 922 407 16.
955 368 1091 411 Solon.
1114 372 1181 412 27.
1214 386 1258 413 ac
1287 376 1343 416 sic
1372 377 1540 419 fortasse
1571 381 1687 421 etiam

77 410 332 458 {Uenundn
373 413 490 457 Stob.
521 418 627 459 Flor.
662 422 733 471 74,
769 425 817 462 11
852 423 931 477 (2)-
952 423 1109 476 αὔλειος
1140 427 1261 482 θύρα.
1320 434 1388 473 sed
1426 448 1514 475 eum
1542 438 1686 479 omisso

27 475 31 478 ”
75 469 376 529 j33‘nbstuntivo
406 474 498 515 Pac.
521 477 602 517 982
633 482 703 543 τῆς
738 476 898 529 αὐλείας
931 481 1067 535 (etiam
1088 485 1141 539 R)
1171 490 1212 527 et
1239 490 1281 528 in
1312 491 1449 532 eodem
1469 493 1538 534 illo
1570 508 1685 536 versu

82 526 332 584 fifflnundri
362 532 450 572 sine
481 534 602 575 dubio
634 550 707 588 την
725 533 868 578 αὖλίαν
897 542 1146 584 scribendum
1175 546 1244 595 sit,
1277 547 1440 600 obsequi
1469 563 1550 592 non
1573 554 1684 603 potui

46 584 321 646 ssjssBor'villio
361 587 582 642 (Chariton.
615 592 716 646 217)
755 598 796 635 et
834 596 984 639 Cobeto
1025 599 1186 651 (Mnem.
1217 603 1254 641 V
1292 602 1391 657 198)
1430 607 1575 659 ubique
1614 607 1685 662 τὴν

174 645 285 698 λειον
321 649 650 694 rescribentibus.
712 654 866 694 seillam
902 656 945 696 in
981 657 1117 698 limine
1154 660 1294 701 ianuae
1331 662 1496 705 fortasse
1526 666 1684 708 Danaus

28 693 257 747 boens
287 706 451 746 condita
480 707 597 749 domo
628 710 678 749 ad
706 712 813 751 mala
843 714 1013 754 arcenda
1043 715 1175 757 defodi
1215 719 1296 759 sive
1325 720 1436 761 iubet
1464 722 1546 762 sive
1574 724 1681 764 iube-

32 760 96 816 ς
112 761 196 813 tur.
227 761 333 805 Plin.
363 764 416 804 N.
446 765 487 805 h.
519 767 586 817 20,
620 770 698 809 101
720 769 967 822 Pythayoras
994 774 1142 814 scillam
1161 777 1205 815 isti
1225 777 1356 818 limine
1375 791 1520 830 quoque
1539 783 1684 822 ianuae

35 825 352 871 {fleu-spensam
387 824 583 879 malorum
612 827 816 868 introitum
838 830 978 878 pellere
1006 833 1139 872 tradit.

866 963 950 1007 256

322 1038 384 1094 μή
414 1037 520 1095 τᾶρ’
554 1037 677 1085 εἶναί
699 1041 750 1098 μ’
782 1041 1122 1102 ἐγκριδοπώλην

20 1168 34 1183 s
229 1133 461 1176 Athenaeus
503 1137 574 1186 14,
616 1138 728 1177 6456
771 1138 1010 1192 μνημονεύει
1052 1137 1185 1182 αὐτῶν
1214 1140 1314 1196 (τῶν
1350 1141 1558 1198 ἐγκρίδων)
1589 1176 1598 1185 .
1628 1177 1638 1187 .
1671 1178 1680 1187 .

22 1233 30 1236 ,
113 1185 368 1244 Φερεκράτης
414 1190 460 1233 ἐν
495 1193 777 1246 Κραπατάλοις
814 1226 822 1235 .
847 1226 855 1236 .
879 1228 888 1238 .
922 1194 1209 1252 Ἀριστοφάνης
1247 1197 1284 1240 δ’
1324 1199 1367 1241 ἕν
1404 1203 1578 1242 Δαναΐσι
1615 1203 1680 1243 καὶ

22 1256 30 1262 ”
113 1247 305 1302 πωλητήν
342 1261 472 1304 φησιν
500 1248 639 1292 αὐτῶν
676 1247 779 1293 εἶναι
815 1252 860 1294 ἐν
896 1251 1045 1304 τούτοις
1089 1259 1170 1299 κτλ.
1208 1258 1349 1298 Pollux
1380 1261 1421 1308 7,
1457 1262 1534 1300 199
1566 1258 1610 1299 ἐν
1638 1258 1679 1300 δ’

22 1335 30 1339 ·>
108 1301 428 1360 Ἀριστοφάνους
462 1310 639 1350 Δαναΐσι
671 1344 680 1352 .
710 1342 719 1351 .
749 1345 758 1354 .
789 1309 1164 1366 ε’γκριδοπῶλαι.
1204 1338 1253 1344 -
1290 1315 1345 1368 μή
1375 1313 1461 1367 τᾶρ’
1505 1311 1611 1356 εἷναί
1634 1315 1677 1369 μ’

113 1363 260 1418 Bergk.
280 1367 331 1406 R.
354 1380 388 1407 c.
410 1369 499 1408 Att.
523 1366 627 1423 426]
649 1363 741 1421 μήτ’·
771 1367 876 1423 ἅρμα
897 1365 999 1411 εἶναι
1024 1372 1072 1412 Α.
1094 1368 1186 1425 μήτ’
1218 1370 1296 1426 ἄρα
1324 1370 1368 1426 μ’
1401 1368 1502 1414 εἶναι
1527 1375 1677 1416 Iacobs.

14 1467 22 1473 ,ι
112 1421 254 1464 Addit.
287 1424 384 1465 342.
417 1426 466 1465 cf.
502 1427 598 1467 265.
637 1428 877 1480 Nicophont.
914 1430 985 1479 15,
1017 1430 1041 1469 5
1081 1426 1278 1485 (Bergk).
1317 1431 1476 1472 videtur
1515 1432 1680 1472 dimeter

0 1469 22 1532 ξ
111 1492 200 1520 esse
229 1484 524 1534 anapaesticus.

863 1599 946 1642 257

319 1676 395 1719 καὶ
427 1674 507 1720 τὸν
538 1678 787 1722 κυλλάστιν
818 1679 1025 1736 φθέγγου
1055 1679 1129 1722 καὶ
1159 1678 1240 1723 τὸν
1269 1680 1526 1736 Πετόσιριν.

224 1770 455 1813 Athenaeus
487 1774 524 1822 3,
552 1774 662 1814 1140
691 1771 905 1827 Αἰγύπτιοι
925 1770 969 1813 δὲ
990 1767 1057 1813 τὸν
1077 1770 1310 1824 ὑποξίζοντα
1329 1771 1449 1827 ἄρτου
1469 1774 1679 1815 κυλλάστιν

109 1828 299 1868 καλοῦσι·
332 1826 576 1882 μνημονεύει
605 1828 644 1870 δ’
677 1829 804 1871 αὐτοῦ
829 1828 1115 1884 Ἀριστοφάνης
1134 1830 1178 1871 ἐν
1199 1832 1399 1871 Δαναΐσιν
1418 1834 1498 1872 κτλ.
1529 1834 1675 1873 Herod.

111 1886 151 1935 2,
185 1887 238 1926 77
268 1881 563 1941 ἀρτοφαγέουσι
602 1886 647 1928 δὲ
677 1885 927 1944 (Αἰγύπτιοι)
967 1887 1010 1928 ἐκ
1047 1888 1127 1928 τῶν
1163 1885 1335 1942 ὀλυρέων
1367 1894 1570 1937 ποιεῦντες
1604 1888 1674 1942 ἄρ-

110 1951 220 1996 τους»,
251 1942 345 1993 τοὺς
377 1942 524 1986 ἐκεῖνοι
553 1945 763 1998 κυλλήστις
801 1943 1075 1997 οὖνομοὶζουσι.
1134 1946 1240 1986 idem
1276 1946 1499 1987 Hecataeus
1537 1960 1674 1987 narra-

109 2003 248 2054 verat;
286 2003 338 2042 cf.
368 2003 515 2044 Athen.
551 2006 624 2053 10,
657 2006 782 2047 418e.
819 2004 962 2044 Pollux
993 2006 1038 2056 6,
1071 2005 1122 2043 73
1145 2001 1374 2056 Ἀἰγύπτιοι
1412 2000 1456 2042 δὲ
1493 2001 1583 2051 τοὺς
1621 2003 1676 2051 εἰς

109 2053 180 2106 ὀξὺ
209 2052 461 2113 ἀνηγμένους
491 2060 636 2114 ἄρτους
667 2063 885 2109 καλλιστεΐς
906 2055 1118 2113 ὠνόμαζον.
1156 2062 1223 2101 sed
1254 2060 1284 2100 C
1312 2059 1540 2125 κυλληστῂς,
1571 2061 1675 2101 unde

109 2116 366 2158 scribendum
396 2120 559 2159 videtur
588 2117 830 2170 κυλλήστεις.
867 2119 1034 2158 Photius
1065 2114 1310 2169 κυλλήστεις·
1347 2115 1440 2166 τούς
1470 2118 1570 2167 οξεῖς
1599 2116 1672 2170 ἄρ-

109 2187 202 2222 τους
238 2172 463 2228 Αἰγύπτιοι.
495 2174 684 2217 Petosiris
714 2177 793 2216 fuit
821 2176 1125 2216 mathematicus
1156 2175 1400 2227 Aegyptius,
1434 2176 1544 2216 cuius
1575 2188 1673 2226 quae

108 2231 344 2273 ferebantur
373 2235 524 2285 scripta
555 2234 698 2274 Suidas
729 2235 948 2274 enumerat.
980 2234 1027 2273 ef.
1059 2233 1162 2272 Plin.
1192 2233 1242 2272 N.
1274 2233 1311 2272 h.
1345 2233 1381 2281 2,
1406 2234 1471 2273 88.
1505 2234 1542 2281 7,
1579 2234 1669 2272 160.

107 2289 288 2331 Iuvenul.
322 2293 360 2344 6,
390 2292 474 2332 580
503 2293 688 2341 capiendo
718 2293 831 2332 nulla
867 2292 1018 2332 videtur
1055 2286 1379 2344 (superstitiosis)
1416 2291 1543 2338 aptior
1577 2290 1673 2328 hora

107 2348 205 2400 cibo,
236 2350 317 2389 nisi
346 2362 465 2399 quam
495 2350 638 2389 dederit
674 2350 874 2390 Petosiris.
913 2348 1111 2400 Bergkius
1149 2347 1310 2387 chorum
1340 2359 1363 2385 a
1391 2347 1529 2411 Denuo
1559 2348 1671 2410 patre

107 2405 313 2446 admoneri
358 2408 496 2447 censet
539 2409 586 2446 ut
615 2406 839 2458 Aegyptias
884 2419 926 2446 se
970 2405 1160 2446 simulent
1197 2406 1237 2443 et
1274 2416 1443 2467 sei-mom
1472 2403 1672 2467 Aegyptia

76 2509 78 2511 v
106 2464 303 2513 quaedam
333 2463 527 2505 vocabula
556 2464 751 2504 inserant.
814 2463 1041 2504 tetrametri
1072 2460 1309 2512 anapaestiei
1345 2462 1476 2510 potms
1514 2459 1672 2499 v1detur

105 2533 198 2571 pars
229 2534 315 2563 esse
347 2535 468 2573 quam
497 2522 737 2563 hexameter.

856 2652 939 2696 258

311 2749 404 2790 τῶν
435 2747 601 2803 χοίρων
630 2746 771 2801 μνοῦς
801 2743 887 2800 ἔρι’
921 2744 1057 2787 ἐστίν.

219 2842 365 2883 Pollux
399 2844 470 2891 10,
504 2844 557 2882 38
598 2840 725 2888 εἴποις
763 2836 803 2879 δ’
842 2835 896 2878 ἄν
932 2832 1038 2889 οἶμαι
1075 2834 1141 2875 καὶ
1178 2839 1302 2887 χνοῦν
1338 2833 1404 2874 καὶ
1438 2839 1569 2885 μνοῦν
1606 2830 1669 2872 ἐπὶ

102 2900 183 2938 τῶν
210 2901 415 2951 μαλακῶν,
445 2895 759 2952 Ἀριστοφάνους
795 2894 974 2942 εἰπόντος
1006 2924 1016 2934 .
1040 2922 1048 2931 .
1072 2922 1080 2932 .
1112 2891 1157 2932 ἐν
1196 2891 1374 2932 Δαναΐσι
1410 2893 1490 2931 κτλ.
1527 2889 1669 2942 χοίρων
