1872 3224
515 233 731 270 AHMNIAI
779 237 1002 274 ΝΕΦΕΛΑΙ
1032 241 1276 278 ΠΡΟΤΕΡΑΙ
1592 247 1667 289 491

46 362 58 381 Ι
116 330 252 386 φάνης
281 333 488 385 Νεφέλαις
519 336 569 378 α’.
602 340 669 379 sed
700 340 816 381 facile
845 356 977 384 errare
997 346 1130 396 potuit
1148 350 1441 400 grammaticus,
1464 351 1674 402 siquidem

27 396 37 411 ‘
116 403 164 432 ea
191 391 316 433 verba
345 394 538 447 leguntur
568 397 674 437 Nub.
711 399 830 439 1417.
903 408 907 414 ¹

865 512 949 555 379

115 583 161 638 ἐς
187 585 273 644 τὴν
301 587 523 644 Πάρνηθ’
554 586 840 644 ὀργισθεῖσαι
871 593 1069 648 φροῦδαι
1105 594 1214 638 κατὰ
1251 595 1329 639 τὸν
1366 597 1671 654 Λυκαβηττόν.

231 670 402 712 Photius
435 670 629 725 Πάρνης·
662 670 704 713 τὸ
735 671 824 726 ὅρος
854 677 1062 726 θηλυκῶς·
1095 675 1133 724 ἐς
1165 672 1235 729 τὴν
1263 681 1343 719 κτλ.
1390 676 1674 732 Ἀριστοφάνης

0 702 31 774 ’ζ
66 771 74 775 „
115 724 321 780 Νεφέλαις
351 727 434 769 καὶ
466 727 590 782 ἑξῆς.
629 729 669 779 ἐς
701 729 773 783 τὴν
802 731 984 786 Porson.]
1017 728 1133 773 ἐστὶν.
1176 734 1364 788 φροῦδαι]
1405 737 1550 790 φροῦδε
1589 739 1673 778 cod.

93 785 236 827 -Phon
266 782 387 840 κατὰ]
420 786 488 828 καὶ
526 789 665 829 Dindf.
698 803 747 828 an
777 784 897 836 mig?
928 789 1050 840 ‘quod
1081 792 1177 832 dicit,
1203 790 1268 830 καὶ
1299 790 1389 844 ἑξῆς
1419 794 1520 833 haud
1558 795 1675 834 dubie

0 850 11 874 ἒ
119 844 182 884 ad·
199 856 360 884 versum
392 845 552 885 fabulae
585 847 812 898 superstitis
844 848 1039 897 spectavit
1069 849 1181 888 323³.
1212 850 1394 892 Dindorf.
1425 864 1522 901 quae
1552 852 1673 890 Fritz-

119 901 253 941 sebius
285 902 332 950 Q.
366 902 493 950 Arist.
530 905 623 944 160.
659 907 679 943 1
721 904 991 943 Hermannum
1029 909 1184 946 secutus
1224 907 1271 946 do
1309 907 1517 947 Parnetbis
1555 908 1676 959 Lyca-

119 959 303 1010 bei-,tique
334 960 415 1000 situ
446 961 626 1012 disputat
654 962 822 1002 ridicula
851 965 968 1002 erunt
1005 963 1060 1002 eis
1097 965 1166 1015 qui
1204 967 1349 1004 terram
1387 965 1559 1005 Atticam
1598 966 1677 1005 suis

117 1016 244 1057 oculis
269 1017 481 1058 viderunt.

867 1132 952 1174 380

323 1203 438 1267 μηδὲ
468 1210 616 1264 στέψω
648 1212 929 1255 κοτυλίσκον.

234 1294 466 1335 Athenaeus
500 1297 567 1346 11,
598 1296 713 1335 4790
741 1294 970 1343 κοτυλίσκος
1008 1292 1051 1334 δὲ
1080 1298 1254 1336 καλεῖται
1283 1291 1303 1334 ὁ
1334 1293 1436 1348 ἱερὸς
1477 1301 1544 1335 τοῦ
1583 1298 1675 1334 Διο-

122 1349 252 1392 νύσου
281 1351 559 1404 κρατηρίσκος,
590 1351 658 1392 καὶ
687 1347 747 1400 οἷς
778 1350 930 1404 χέονται
960 1352 1000 1392 οἵ
1023 1351 1179 1404 μύσται,
1211 1349 1264 1401 ὥς
1295 1351 1524 1404 Νίκανδρός
1553 1363 1678 1403 φησιν

116 1405 139 1448 ὅ
178 1405 467 1462 Θυατειρηνός,
506 1407 821 1462 παρατιθέμενος
858 1407 901 1449 τὸ
937 1407 980 1449 ἐκ
1024 1410 1221 1460 Νεφελῶν
1253 1407 1559 1461 Ἀριστοφάνους
1596 1412 1676 1449 κτλ.

118 1466 378 1515 κοτυλίσκους
407 1468 653 1508 Fritzschius
685 1468 731 1516 Q.
764 1468 888 1508 Arist.
923 1469 1014 1509 149.
1039 1469 1130 1517 150,
1170 1468 1275 1519 quod
1303 1468 1442 1507 ultimo
1474 1467 1675 1518 mysterio-

115 1537 209 1564 rum¹
237 1525 303 1565 die
345 1522 581 1577 (Πλημοχόη
623 1524 916 1577 adpellabatur)
954 1525 1048 1566 bina
1083 1526 1223 1576 pocula.
1259 1537 1379 1575 aquae
1420 1524 1480 1563 vel
1518 1523 1599 1563 vini
1629 1523 1676 1562 ad

118 1585 253 1623 ortum
284 1583 380 1623 solis
417 1596 564 1630 unum,
605 1583 654 1622 ad
696 1596 876 1623 oceasum
914 1583 1082 1623 alterum
1119 1582 1365 1630 1ibabantur,
1405 1581 1504 1620 conl.
1535 1580 1677 1619 Athen.

120 1642 187 1689 11,
219 1640 303 1681 496
319 1655 354 1680 a.
385 1640 487 1680 Poll.
524 1643 589 1688 10,
614 1641 679 1679 74.
711 1641 879 1692 Hesyeh.
901 1637 1114 1693 πλημοχόη.
1148 1639 1303 1679 videtur
1330 1651 1415 1677 esse
1441 1638 1564 1677 altera
1590 1650 1678 1687 pars

118 1698 345 1738 tetrametri
376 1698 634 1749 anapaestici.
667 1698 719 1737 ef.
751 1698 858 1738 Nub.
889 1698 971 1737 426
1003 1701 1044 1738 et
1073 1697 1121 1736 de
1150 1696 1346 1747 particula
1381 1691 1435 1746 μή
1474 1695 1548 1734 Av.
1583 1695 1674 1732 195.

325 1899 380 1945 οὐ
409 1901 548 1958 μετὸν
579 1899 702 1959 αὐτῷ

231 1982 321 2025 ἀντὶ
352 1990 422 2026 τοῦ
452 1982 526 2025 οὐκ
556 1983 659 2035 ἐξόν.
716 1978 1000 2037 Ἀριστοφάνης
1039 1978 1252 2032 Νεφέλαις.
1291 1979 1444 2019 Suidas.
1483 1979 1524 2017 in
1561 1978 1664 2018 Eccl.

119 2045 200 2084 667
231 2046 391 2084 exstare
420 2043 848 2084 monuit'Dindorfius.
882 2043 932 2082 cf.
963 2040 1152 2080 Fritzsch.
1184 2038 1228 2085 Q.
1260 2038 1382 2077 Arist.
1416 2037 1507 2075 169.

868 2153 952 2197 382

234 2239 368 2279 Schol.
408 2240 500 2281 Pac.
541 2240 622 2278 347
665 2234 995 2289 (Φορμίωνος)
1031 2231 1223 2285 μέμνηται
1256 2227 1278 2271 ὁ
1317 2226 1486 2282 κωμικὸς
1522 2226 1564 2266 ἑν
1595 2224 1675 2265 ‘In-

120 2301 241 2336 πεῦσι
270 2294 339 2336 καὶ
368 2294 575 2346 Νεφέλαις
606 2293 673 2335 καὶ
704 2293 988 2347 Βαβυλωνίοις.

868 2405 950 2448 383

325 2463 612 2520 ζυμήσασθαι

111 2575 113 2577 -
231 2542 522 2600 Ἀριστοφάνης
554 2543 767 2597 Νεφέλαις.
799 2545 966 2585 Bekker.
997 2541 1147 2582 Anecd.
1181 2541 1246 2586 98,
1271 2540 1306 2576 1.
1337 2533 1576 2574 Fritzschius
1608 2532 1673 2581 ζη-

121 2601 367 2656 μιώσασθαι.
407 2607 476 2644 aut
515 2602 846 2656 ζυμῶσασθαι
876 2600 1052 2654 (Alexid.
1084 2597 1177 2637 Ath.
1209 2597 1253 2643 9,
1286 2594 1418 2639 3830,
1456 2604 1494 2629 v.
1526 2587 1571 2640 8)
1610 2590 1679 2626 aut

120 2660 476 2714 ζωμεύσασθαι
505 2659 729 2714 (Aristoph.
762 2661 810 2702 fr.
844 2657 942 2709 591)
974 2654 1223 2697 scribendum
1253 2650 1420 2690 videtur.

869 2779 952 2824 384

325 2838 516 2900 ἠπίαλος

209 2922 252 2967 τό
268 2925 346 2981 πρὸ
360 2931 431 2966 τοῦ
447 2929 648 2978 πρυρετοῦ
666 2921 798 2975 κρύος.
812 2914 1096 2972 Ἀριστοφάνης
1108 2912 1309 2964 Νεφέλαις
1326 2905 1391 2948 καὶ
1410 2906 1675 2957 Θεσμοφορια-
