1872 3224
214 212 299 254 684
869 212 1136 245 APXIHHOT

215 339 268 344 ——
303 309 526 368 πορφύρας.
576 316 762 354 Thalatta
806 318 848 355 et
891 316 1100 367 Porphyra
1145 316 1265 356 simul
1305 317 1530 357 Atticarum
1577 315 1808 365 munerum,

214 376 308 414 sunt
345 375 520 413 nomina.
571 375 691 422 atque
737 374 856 412 etiam
900 372 1093 424 Cerycum
1136 374 1329 413 familiam
1374 375 1518 425 respici
1565 374 1789 414 Meinekius

215 432 432 470 arbitratur
476 431 495 468 I
540 431 635 470 207.
687 430 736 469 cf.
778 430 925 469 Athen.
968 433 1013 478 6,
1048 431 1200 470 234ef.
1251 432 1320 480 14,
1354 433 1480 471 660a.
1527 431 1787 473 Schoemann.

215 489 353 538 Antiq.
386 484 468 538 gr.²
498 487 538 525 II
571 488 665 526 399.
699 487 796 527 400.
838 509 893 515 —-
932 488 974 526 in
1005 488 1052 526 fr.
1086 488 1139 526 24
1170 486 1305 527 κτεσίν
1336 489 1478 528 Elmsl.
1511 488 1788 528 minu-Rev.

213 545 403 583 XXXVII
435 542 508 596 88]
541 540 709 582 κτένεσι.
741 541 874 583 κτέσιν
905 545 950 583 Β.
991 540 1226 597 ἐσχάροις
1258 548 1297 584 et
1327 558 1400 596 pro
1432 559 1471 584 τε
1501 548 1582 593 τοῖς
1614 545 1788 585 scriben-

215 602 304 639 dum
339 614 424 641 esse
454 599 631 652 βάτοις
664 601 938 642 demonstravi
967 603 1070 642 Mus.
1103 603 1231 642 Rhen.
1261 603 1372 642 XXX
1401 603 1498 643 401.
1522 604 1560 644 2.
1600 602 1664 642 hic
1691 615 1789 654 quo-

214 672 288 708 que
319 671 456 698 versus
488 671 730 709 quamquam
759 659 918 699 videtur
948 661 1179 699 tetrameter
1209 673 1308 707 esse,
1338 661 1382 699 in
1411 661 1690 700 trimetrorum
1711 660 1790 700 for·

213 729 319 754 mam
350 716 478 767 redigi
509 718 669 766 potest,
701 716 795 755 dum
826 716 942 756 modo
973 717 1127 756 incidas
1157 719 1250 768 post
1278 715 1427 768 βάτοις.

982 827 1038 870 25

420 906 670 962 Αἰγύπτιος
699 905 980 961 μιαρώτατος
1010 908 1102 949 τῶν
1133 906 1310 962 ι’χθύων
1342 907 1566 964 κάπηλος,

408 973 647 1031 ”Ἐρμαιος,
680 972 729 1026 ὃς
758 977 835 1032 βίᾳ
867 975 1010 1031 δέρων
1041 975 1170 1030 ῥίνας
1200 975 1391 1030 γαλεούς
1420 991 1468 1018 τε
1498 978 1643 1034 πωλεῖ

420 1043 495 1086 καὶ
515 1042 620 1095 τοὺς
641 1044 872 1099 λάβρακας
895 1042 1173 1099 ἐντερεύων,
1196 1043 1256 1094 εὸς
1277 1045 1491 1099 λέγουσιν
1512 1042 1634 1100 ἡμῖν.

328 1127 559 1167 Athenaeus
600 1129 647 1176 6,
688 1129 804 1166 227a
845 1124 885 1175 ἐξ
924 1123 1116 1178 ὀνόματος
1158 1123 1197 1166 δ’
1245 1126 1503 1179 ἰχθυοπώλου
1547 1125 1790 1179 μνημονεύει

210 1179 398 1234 Ἑρμαίου
421 1158 647 1236 Αἰγυπτίου
671 1182 890 1235 ’Ἁρχιππος
922 1181 965 1222 ἐν
991 1180 1174 1235 Ἰχθύσιν
1203 1181 1327 1232 οὕτως
1358 1187 1438 1223 κτλ.
1482 1186 1518 1234 7,
1541 1187 1653 1225 311e
1674 1182 1790 1237 ’Ἀρχ-

215 1253 333 1286 ιππος
364 1239 408 1279 ἐν
442 1238 600 1292 Ἰχθύσι
638 1240 903 1293 μνημονεύων
941 1246 1024 1281 τῶν
1060 1240 1274 1293 λαβράκων
1305 1241 1450 1293 φησίν·
1483 1240 1704 1294 Αἰγύπτιος
1733 1265 1791 1272 --

217 1293 445 1348 ἐντερεύων.
536 1301 574 1337 2.
607 1297 740 1351 ρίνας]
784 1297 919 1351 ῥείνας
951 1301 988 1338 Α
1020 1300 1154 1348 2278,
1193 1298 1309 1351 ῥῖνας
1331 1300 1377 1338 A
1409 1301 1536 1338 3110.
1625 1301 1663 1339 3.
1695 1297 1788 1347 τοὺς

215 1368 293 1394 om.
317 1357 444 1395 227a.
479 1353 715 1407 ἐντερεύων]
740 1353 910 1408 ἐντέρων
932 1357 1012 1395 227
1022 1370 1058 1396 a.
1091 1357 1315 1406 loquuntur
1333 1359 1380 1396 ut
1401 1357 1590 1396 vident-ur
1608 1353 1727 1409 (ἡμῖν
1743 1357 1789 1410 3)

214 1413 342 1461 pisces
358 1413 447 1463 ipsi.
480 1414 641 1453 videtur
657 1415 763 1453 enim
781 1415 931 1452 imitari
946 1417 1066 1464 poeta
1079 1414 1385 1464 Aristophanem
1406 1416 1479 1454 Av.
1495 1415 1787 1464 1079—-1086‚

217 1482 457 1519 quamquam
488 1472 712 1510 tetrametri
744 1471 906 1510 iambici
937 1471 1193 1522 epirrhemati
1223 1471 1383 1521 quidem
1414 1483 1495 1510 non
1531 1472 1788 1511 conveniunt.

215 1525 445 1577 Αἰγύπτιος.
481 1528 530 1566 cf.
565 1528 751 1567 Strattid.
786 1530 853 1567 33.
887 1531 1063 1567 ceterum
1095 1526 1188 1580 ῥίνη
1209 1532 1271 1568 est
1290 1527 1372 1567 τῶν
1392 1527 1597 1579 σελαχίων.
1641 1528 1786 1568 Athen.

218 1584 264 1632 8,
298 1585 378 1623 356
391 1585 427 1622 d.

981 1662 1037 1705 26

421 1735 526 1791 τούς
556 1742 754 1796 μαιώτας
786 1740 860 1784 καὶ
891 1742 1116 1798 σαπέρδας
1146 1741 1221 1785 καὶ
1251 1740 1469 1796 γλάνιδας

330 1823 558 1863 Athenaeus
583 1826 621 1876 7,
645 1826 764 1863 312a
797 1825 1018 1880 (μαιωτώι)
1051 1823 1291 1877 μνημονεύει
1314 1823 1531 1876 ’Ἁρχιππος
1563 1823 1606 1864 ἓν
1631 1822 1786 1877 Ἰχθύσι

219 1877 284 1917 διὰ
316 1878 469 1919 τούτων
499 1883 580 1920 κτλ.
643 1882 805 1922 Persius
838 1883 921 1922 Sat.
956 1885 996 1934 5,
1033 1884 1113 1922 134
1143 1887 1177 1922 et
1205 1884 1298 1932 quid
1327 1896 1424 1933 ayas
1454 1885 1626 1933 eoyitas?
1653 1896 1786 1933 saper-

216 1938 288 1977 das
309 1939 450 1978 advehe
480 1939 620 1979 Ponto.
653 1942 881 1979 tetrametri
903 1941 1145 1991 anapaestici
1171 1938 1254 1992 (vel
1277 1941 1558 1994 dimetrorum)
1583 1941 1784 1992 reliquiae.

979 2052 1033 2094 27

418 2128 671 2173 ἀποδοῦναι
693 2128 735 2173 δ’
757 2129 840 2173 ὅσα
862 2132 1022 2186 ἔχομεν
1043 2127 1278 2186 ἀλλήλων,
1300 2128 1415 2186 ἡμᾶς
1435 2130 1518 2186 μὲν
1538 2129 1616 2182 τοὶς
1640 2131 1786 2189 Θρᾴτ-

332 2213 409 2248 τας
441 2198 516 2241 καὶ
546 2197 630 2252 τήν
646 2197 888 2255 Ἀθερίνην
919 2194 1178 2255 αὐλητρίδα
1198 2199 1272 2242 καὶ
1295 2201 1476 2255 Σηπίαν
1496 2198 1577 2256 τὴν
1601 2199 1787 2254 Θύρσου

328 2266 403 2307 καὶ
433 2264 538 2316 τούς
576 2270 786 2322 Τριγλίας
817 2269 891 2310 καὶ
929 2266 1185 2323 Εὐκλείδην
1214 2266 1295 2310 τὸν
1324 2266 1525 2322 ἄρξαντα
1556 2269 1632 2310 καὶ
1658 2267 1784 2310 Ἀνα-

329 2334 645 2388 γυρουντόθεν
665 2334 771 2386 τοὺς
793 2338 1089 2389 Κορακίωνας
1106 2334 1180 2378 καὶ
1196 2338 1380 2392 Κωβιοῦ
1401 2339 1483 2379 τοῦ
1500 2337 1786 2392 Σαλαμινίου

329 2401 466 2446 τόκον
492 2402 565 2446 καὶ
584 2405 819 2460 Βάτραχον
849 2403 929 2447 τὸν
961 2403 1191 2459 πάρεδρον
1221 2403 1301 2448 τὸν
1333 2405 1379 2456 ἐξ,
1405 2403 1581 2461 Ὠρεοῦ.

328 2487 559 2527 Athenaeus
598 2490 642 2539 7,
680 2488 794 2527 329b
834 2485 929 2539 φέρε
973 2486 1148 2539 είπωμεν
1184 2487 1288 2535 τίνες
1335 2485 1443 2527 εἰσὶν
1478 2488 1525 2527 αἱ
1553 2485 1661 2550 παρὰ
1694 2484 1782 2557 Ἀρ-

215 2542 348 2596 χίππῳ
389 2541 433 2581 ἐν
459 2540 614 2595 Ἰχθύσι
645 2544 697 2599 τῷ
734 2539 903 2596 δράματι
947 2547 1133 2599 θρᾷτται.
1193 2543 1292 2583 κατὰ
1334 2539 1400 2591 τάς
1436 2555 1668 2597 συγγραφας
1707 2559 1784 2597 γαρ

215 2599 294 2639 τῶν
316 2597 473 2651 ἰχθύων
493 2599 559 2640 καὶ
585 2585 818 2651 Ἀθηναίων
849 2616 960 2640 ταυτι
988 2600 1205 2652 πεποίηκεν
1231 2604 1310 2640 κτλ.
1358 2601 1615 2654 Κορακίωνας
1637 2602 1780 2653 Bergk.

215 2658 263 2698 R.
295 2670 326 2696 c.
359 2658 445 2696 Att.
477 2657 581 2711 379]
620 2664 902 2709 κορακιῶντας.
933 2664 1181 2710 κορακιωνας
1213 2659 1255 2698 C.
1309 2656 1573 2711 Σαλαμινίου]
1605 2657 1782 2709 Σαλαμί-

216 2727 289 2751 νου
324 2715 405 2753 ΒΡ.
466 2719 560 2754 sunt
604 2717 699 2755 haec
744 2730 791 2755 ex
832 2717 955 2755 altera
990 2718 1104 2766 parte
1142 2717 1316 2755 foederis
1349 2716 1654 2755 Atheniensium
1694 2728 1782 2755 cum

215 2771 413 2821 piscibus,
446 2773 625 2811 oratione
656 2773 789 2812 soluta
819 2774 958 2823 scripti
989 2773 1131 2823 (Arist.
1164 2773 1321 2812 Thesm.
1353 2770 1546 2824 295sq.)‚
1578 2775 1780 2823 excerpta3

216 2828 342 2867 altera
362 2830 482 2878 parte
498 2841 635 2868 eorum
656 2831 819 2869 nomina
846 2830 1166 2878 continebantur,
1197 2842 1295 2879 quos
1315 2829 1579 2873 Athenienses
1609 2829 1782 2879 piscibus

215 2897 256 2923 se
285 2886 502 2925 tradituros
525 2899 608 2925 esse
637 2887 921 2937 promitterent
942 2884 1045 2941 (28).
1087 2885 1133 2925 αἱ
1155 2887 1327 2941 Θρᾷτται
1348 2888 1442 2926 sunt
1460 2889 1607 2926 matres
1629 2898 1780 2936 eorum,
