1872 3224
202 219 286 260 498
803 214 1189 249 ΑΡΙΣΤΟΦΑΝΟΤΣ

205 323 245 362 οἵ
271 320 315 361 δὲ
346 336 439 369 τους
469 318 660 373 μεγάλους
693 318 863 371 ἐχίνους.
896 317 1023 366 οὔτως
1042 316 1343 370 Ἀριστοφάνης.
1373 319 1517 359 Pollux
1540 321 1579 369 6,
1602 321 1655 359 47
1679 317 1778 359 ἔνιοι

204 379 247 419 δὲ
279 378 345 418 καὶ
375 378 577 430 πάταγγας
608 380 803 416 καλοῦσιν
834 375 978 428 ἐχίνων
1008 391 1042 416 τι
1074 371 1178 424 εἶδος
1207 373 1385 430 (πάταγα
1415 378 1465 429 Α,
1495 374 1697 431 παττάγας
1727 375 1779 431 C)

204 437 377 488 Hesych
411 431 649 486 σπατάγγαι·
685 434 725 473 οἱ
749 429 911 500 μεγάλοι
943 432 1066 485 ἐχῖνοι
1087 433 1128 473 οἱ
1143 432 1372 474 θαλάσσιοι.
1404 438 1446 474 et
1477 433 1779 488 σπαταγγίζειν·

204 492 425 545 ταράσσειν.
457 506 519 532 res
551 493 747 531 obscaena
777 493 863 531 sine
885 492 1006 531 dubio
1028 491 1289 543 significatur.
1321 492 1510 532 videntur
1530 494 1667 532 autem
1686 493 1782 532 haec

202 550 409 590 1eferenda
439 563 524 589 esse
555 550 604 588 ad
637 562 797 588 carmen
828 549 1013 588 melicum
1035 562 1082 588 ex
1103 549 1296 588 trimetris
1318 549 1497 589 iambicis
1519 552 1560 589 et
1580 549 1779 601 ithyphal-

201 608 290 646 licis
320 607 603 657 compositum.
635 607 685 646 cf.
717 607 865 646 Athen.
900 608 937 655 6,
971 607 1091 646 253d
1114 620 1173 657 sq.

409 820 569 877 άδαχεῐ
595 819 683 876 γὰρ
715 818 857 863 αὐτοῦ
887 818 968 863 τὸν
998 818 1127 875 ἅχορ’
1161 819 1335 876 ἐκλέγει
1364 818 1401 862 τ’
1437 818 1508 863 ἀεὶ

410 890 461 932 ἐκ
492 889 576 932 τοῦ
605 891 785 944 γενείου
815 888 894 940 τὰς
924 889 1097 939 πολιάς.

317 974 486 1013 Bekker.
521 974 671 1013 Anecd.
705 974 804 1022 474,
837 974 887 1012 31
921 969 1074 1024 άχῶρα·
1116 970 1162 1011 τὰ
1194 970 1239 1011 ἐν
1268 977 1315 1027 τῇ
1346 974 1501 1027 κεφαλῇ
1530 970 1598 1012 καὶ
1629 976 1684 1027 τῷ
1712 986 1778 1024 γε·

206 1030 298 1070 νείω
328 1030 489 1080 πίτυρα.
547 1026 837 1082 Ἀριστοφάνης
855 1026 1042 1068 Ὁλκάσιν
1071 1032 1154 1069 κτλ.
1214 1030 1595 1078 Photius,Bekke1-.
1628 1012 1779 1069 A‘need.

204 1090 307 1135 340,
338 1089 411 1134 28,
453 1088 597 1127 Suidas
634 1083 800 1137 άδαχεῐν
837 1079 880 1125 τὸ
919 1085 1111 1138 κνήθειν·
1144 1083 1291 1154 άδαχεῖ
1307 1110 1360 1115 -
1389 1083 1464 1126 ἀεί.
1492 1082 1781 1139 Ἀριστοφάνης

203 1143 248 1183 ἑν
273 1141 471 1183 Ὁλκάσιν.
513 1145 693 1195 Etymol.
724 1158 777 1183 m.
813 1146 904 1191 182,
943 1147 990 1183 17
1022 1140 1168 1196 ἆχόρα·
1210 1140 1450 1195 ἀρσενικῶς,
1487 1142 1532 1182 τὰ
1565 1141 1609 1183 ἐν
1638 1148 1688 1198 τῇ
1716 1157 1782 1183 κε-

203 1205 311 1270 φαλῇ
331 1217 398 1240 και
419 1206 472 1255 τῷ
493 1201 629 1254 γενείῳ
649 1200 808 1253 πίτυρα.
835 1196 1145 1252 Αριστοφάνης·
1174 1197 1317 1252 άδαχεῐ
1330 1223 1386 1229 -
1406 1199 1575 1253 γενείου.
1606 1201 1781 1252 Hesych.

201 1258 346 1311 ἄχορα·
392 1256 437 1297 τὰ
467 1257 627 1310 πίτυρα.
666 1259 837 1298 Bekker.
870 1259 1022 1298 Anecd.
1056 1261 1095 1307 6,
1128 1260 1180 1298 25
1219 1253 1345 1328 άχώρ·
1386 1258 1427 1297 οἵ
1461 1254 1536 1310 μὲν
1572 1255 1616 1297 τὸ
1653 1255 1697 1297 ἐν
1734 1262 1786 1313 τῇ

202 1319 356 1386 κεφαλῇ
387 1314 575 1367 πίτυρον·
609 1316 649 1355 οἵ
675 1312 718 1354 δὲ
759 1314 806 1354 τὰ
844 1313 886 1355 ἐν
921 1310 1023 1369 αυτῄ
1061 1290 1271 1367 ἑλκύδρια,
1308 1311 1336 1354 ἃ
1373 1313 1438 1354 καὶ
1476 1310 1657 1366 κνησμόν
1694 1329 1782 1354 τινα

201 1371 457 1425 παρέχουσιν.
517 1368 672 1427 άδαχεῑ]
719 1368 859 1424 άδιεχῆ
903 1374 1040 1424 Etym.
1073 1373 1123 1411 V.
1163 1369 1293 1424 άδαχὴ
1334 1373 1416 1415 DP
1459 1367 1599 1425 α’χορ’]
1644 1367 1782 1424 άχῶρα

203 1444 371 1483 Bekker.
405 1427 539 1506 αχῶρα
571 1439 617 1496 (i.
649 1456 681 1481 e.
713 1436 848 1493 άχῶρα
879 1438 1091 1494 Fritzsch.)
1131 1442 1215 1481 cod.
1248 1441 1365 1480 Phot.
1397 1437 1522 1492 άχόρα
1561 1442 1697 1493 Etym.
1731 1441 1782 1482 V.

203 1498 349 1552 ἐκλέγει
380 1496 414 1538 τ’
447 1492 526 1551 ἀεὶ]
560 1497 756 1551 ἐκλέγεται
776 1499 1062 1547 Bekker.475,
1089 1502 1125 1537 1.
1156 1494 1323 1549 ἐκλέγετ’
1355 1494 1418 1541 ἀεὶ
1447 1498 1586 1549 Είῑγω.
1617 1496 1779 1552 πολιάς]

201 1556 340 1604 πολίας
370 1558 543 1597 Bekker.
576 1557 671 1604 475,
706 1558 742 1595 1.
775 1561 857 1594 τοῦ
889 1553 1011 1602 Διός
1043 1555 1666 1608 add.Bekker.475,1‚quae
1694 1558 1783 1596 orta

202 1627 287 1654 esse
319 1628 366 1654 ex
396 1611 535 1660 πολιάς
566 1615 701 1653 censet
731 1613 944 1664 Bergkius,
977 1613 1197 1653 concedens
1229 1615 1365 1652 tamen
1396 1612 1518 1652 scribi
1556 1625 1672 1663 posse
1709 1604 1780 1660 τάς

201 1669 342 1718 πολιὰς
373 1670 440 1719 τὰς
472 1675 543 1710 τοῦ
574 1666 690 1717 Διός.
722 1671 930 1710 Dobraeus
959 1670 1065 1709 Plut.
1099 1670 1180 1709 361
1212 1683 1251 1720 p.
1283 1670 1337 1708 44
1375 1667 1445 1716 τὰς
1475 1667 1616 1717 πολιὰς
1647 1668 1772 1710 τουδί.

203 1729 251 1768 de
282 1732 446 1768 accentu
476 1728 649 1768 nominis
679 1724 787 1779 α’χωρ
818 1728 866 1766 cf.
898 1727 1119 1766 Herodian.
1150 1727 1170 1765 I
1201 1728 1268 1775 49,
1294 1730 1331 1765 1.
1362 1727 1402 1765 II
1434 1728 1529 1776 937,
1553 1728 1620 1767 25.
1651 1727 1778 1779 Berg-

202 1786 268 1825 kio
300 1786 424 1826 Cleon
454 1786 598 1835 aliquis
629 1785 846 1836 significari
879 1784 1037 1823 videtur
1058 1784 1214 1834 Populo
1237 1784 1544 1823 Atheniensium
1566 1784 1776 1824 blandiens

202 1846 247 1881 ut
276 1843 351 1893 Eq.
385 1844 479 1882 908.
512 1844 607 1881 910.
639 1843 740 1882 conl.
774 1841 971 1892 Theophr.
1005 1841 1122 1880 Char.
1157 1842 1180 1878 2
1211 1837 1291 1879 άπὸ
1322 1845 1392 1879 τοῦ
1422 1839 1580 1891 ἱματίου
1610 1837 1777 1909 ἀφελεῖν

201 1897 392 1951 κροκύδα,
423 1898 490 1938 καὶ
520 1895 590 1937 ε’άν
621 1913 657 1937 τι
686 1894 783 1951 πρὸς
816 1896 857 1937 τὸ
894 1897 1065 1950 τρίχωμα
1107 1902 1178 1947 τῆς
1216 1900 1393 1949 κεφαλῆς
1432 1894 1512 1935 ὑπὸ
1550 1895 1780 1949 πνεύματος

201 1959 454 2024 προσενεχθῇ
497 1954 668 2009 α’χυρον,
715 1958 1011 2008 καρφολογῆσαι
1056 1957 1137 1995 κτλ.
1186 1955 1235 1994 cf.
1283 1956 1403 1994 etiam
1450 1955 1500 1994 fr.
1541 1957 1635 1994 657.
1678 1956 1774 1995 714.

200 2009 324 2052 αὐτοῦ
355 2015 563 2053 Dobiaeus
595 2010 636 2052 ἐν
666 2018 714 2067 τῇ
744 2012 884 2052 Πυκνί
911 2015 1212 2062 interpretatur,
1244 2012 1443 2062 Populum
1473 2013 1607 2062 ipsum
1637 2015 1771 2051 autem

203 2070 354 2122 (τουδί)
389 2072 429 2110 in
462 2083 604 2110 scaena
633 2071 772 2110 adesse
802 2075 949 2112 censet.

952 2206 1033 2248 411

409 2287 502 2329 ἔστι
532 2301 598 2337 τις
627 2282 826 2341 πονηρὸς
853 2282 962 2341 ἡμῖν
992 2284 1172 2340 τοξότης
1201 2284 1458 2341 συνήγορος

408 2354 562 2410 ὥσπερ
594 2351 847 2405 Εὔαθλος.
906 2388 914 2395 .
940 2386 949 2396 .
983 2351 1090 2408 παρ’
1123 2351 1235 2408 ὑμῖν
1263 2360 1357 2402 τοῖς
1386 2351 1516 2401 νέοις.

320 2438 450 2477 Schol.
482 2439 656 2478 Acharn.
681 2439 764 2477 710
784 2439 824 2477 et
846 2438 988 2476 Suidas
1009 2431 1228 2483 Εὐάθλους
1257 2433 1373 2474 δέκα·
1407 2427 1522 2481 ουτος
1543 2430 1564 2472 ὁ
1586 2418 1778 2480 Εὔαθλος

205 2509 334 2546 ρητωρ
364 2491 551 2547 πονηρός.
587 2490 876 2546 Ἀριστοφάνης
908 2492 952 2533 ἐν
977 2488 1183 2532 Ολκάσιν·
1215 2491 1297 2531 ἔστι
1325 2494 1406 2531 κτλ.
1450 2485 1504 2542 ἦν
1539 2487 1584 2529 δὲ
1613 2488 1681 2530 καὶ
1709 2483 1775 2529 εύ-

206 2551 436 2615 ρῦπρωκτος
468 2551 533 2591 καὶ
572 2550 702 2599 λάλος.
764 2550 827 2602 ειή
864 2547 907 2589 δ’
947 2547 999 2590 ἂν
1045 2548 1111 2589 καὶ
1153 2543 1336 2602 αγεννής.
1396 2545 1459 2586 διὸ
1501 2547 1568 2586 καὶ
1611 2545 1778 2618 τοξότην

204 2601 327 2646 αὐτὸν
357 2611 480 2658 καλεῖ,
513 2603 598 2647 οἷον
635 2605 850 2660 ὑπηρέτην.
912 2608 1044 2647 Schol.
1076 2607 1198 2656 Vesp.
1232 2608 1312 2645 592
1344 2602 1558 2652 Εὔαθλος,
1589 2598 1640 2644 ου
1672 2618 1774 2655 μνη·

203 2663 361 2714 μονεῦει
405 2664 471 2703 καὶ
516 2696 524 2705 .
557 2695 566 2704 .
601 2697 609 2704 .
657 2664 701 2705 ἐν
740 2662 925 2704 Ὁλκάσιν
963 2662 1107 2710 οὕτως·
1154 2661 1235 2701 εστι
1283 2684 1328 2690 —-
1377 2659 1583 2708 Ευαθλος.
1643 2658 1776 2712 ωσπερ

203 2719 398 2767 Εὔαθλος
431 2734 508 2762 om.
541 2723 671 2762 Schol.
695 2723 790 2761 Ach.
822 2722 1038 2761 Elmsleius
1068 2723 1149 2767 τοῖς
1179 2721 1363 2766 παλαιοῖς
1395 2716 1544 2768 ωσπερ,
1574 2718 1774 2769 Bergkius

205 2773 481 2829 εὐρύπρωκτος
503 2777 650 2831 ὥσπερ.
682 2780 862 2829 loquitur
889 2780 935 2817 ut
955 2778 1116 2817 videtur
1139 2777 1301 2816 chorus:
1332 2789 1426 2815 nam
1449 2776 1658 2826 desumpta
1678 2777 1774 2814 sunt

205 2849 250 2873 ex
281 2835 558 2884 epirrhemate,
593 2849 671 2886 quo
694 2837 961 2886 sycophantas
983 2847 1072 2874 cum
1093 2836 1262 2885 patrono
1284 2846 1355 2873 suo
1377 2831 1523 2872 Cleone
1545 2833 1771 2883 exagitatos

205 2903 290 2931 esse
322 2896 631 2931 consentaneum
663 2895 733 2932 est.
767 2893 814 2931 de
844 2892 1016 2932 Euathlo
1055 2891 1104 2931 cf.
1136 2892 1294 2941 praeter
1329 2890 1640 2939 Aristophanem
1678 2886 1771 2927 cra-
