1872 3224
652 209 1178 252 ΔΙΟΝΤΣΑΛΕΞΑΝΔΡΟΣ
1652 211 1709 254 25

887 317 940 358 41

326 396 588 447 νακότιλτος
618 394 814 452 ωσπερεὶ
846 396 1077 452 κωδάριον
1109 396 1381 453 ἐφαινόμην.

235 492 381 532 Pollux
412 494 456 546 7,
490 494 543 532 28
581 489 624 531 τὸ
664 488 709 530 δὲ
744 488 873 541 ὄνομα
913 488 934 531 ὁ
974 490 1205 543 νακοτίλτης
1239 523 1248 532 .
1273 527 1282 536 .
1305 524 1313 533 .
1347 488 1420 531 οὐκ
1450 487 1640 537 ἀνεκτόν,
1675 490 1711 531 εἰ

119 546 174 602 μὴ
206 547 250 590 τὸ
282 548 389 602 ῥῆμα
419 546 472 601 ἠν
502 546 547 589 ἕν
576 545 712 603 χρήσει
742 544 1016 602 παλαιότερον.
1067 548 1198 588 καίτοι
1226 564 1271 603 γε
1302 551 1502 603 Κρατῖνος
1540 547 1585 588 ἐν
1617 550 1710 588 Διο-

121 605 432 661 νυσαλεξάνδρῳ
474 606 602 659 φησίν
643 609 723 648 κτλ,
786 603 974 660 ὡσπερεὶ]
1025 604 1159 660 ὥσπερ
1206 608 1335 648 1111111;ο
1381 610 1472 648 ante
1510 607 1710 648 Cobetum

121 665 289 705 Porsen.
322 664 491 706 Advers.
525 666 621 717 284,
655 666 724 716 qui
754 667 962 716 praeterea
992 663 1238 717 νακότιλτον.
1271 679 1411 706 versus
1432 667 1502 705 aut
1521 666 1708 705 trimeter

121 724 193 762 aut
223 721 444 763 cratineus.
503 723 638 774 itaque
670 723 927 763 scribendum
957 725 1028 762 aut
1058 711 1302 794 νακότιλτος,
1317 720 1451 776 ω’σπερ
1480 737 1518 764 κ.
1547 720 1612 772 ἐφ.
1641 724 1710 763 aut

38 794 54 801 ·“
122 792 214 820 eum
243 780 420 832 Bergkio
454 780 519 832 (R.
553 793 585 820 ο.
618 781 707 820 A'nt.
742 778 814 834 27)
847 778 915 820 καὶ
945 795 982 820 ν.
1015 775 1186 834 ὡσπερεὶ
1216 794 1251 819 κ.
1285 777 1346 831 ἐφ

886 881 943 923 42

329 961 622 1016 παραστάδας
652 962 728 1004 καὶ
759 958 976 1019 πρόθυρα
1006 962 1166 1018 βούλει
1197 963 1394 1005 ποικίλα.

235 1057 380 1097 Pollux
413 1059 565 1106 7,122
599 1058 799 1110 Κρατῖνος
831 1053 869 1095 δ’
904 1055 948 1097 ἐν
979 1054 1413 1127 Διονυσαλεξάνδρῳ..
1473 1056 1710 1105 ,παστάδας

121 1111 167 1154 δὲ
198 1110 219 1158 ὁ
250 1113 460 1165 Ξενοφῶν.
491 1110 647 1169 βούλει]
682 1114 809 1181 βουλῇ
840 1114 882 1155 C.
907 1117 948 1155 et
970 1118 1035 1164 10,
1063 1117 1115 1155 25
1149 1114 1193 1155 ἐν
1224 1112 1268 1154 δὲ
1299 1114 1503 1168 Κρατίνου
1539 1119 1710 1155 Διονυσ-

45 1175 47 1179 ”
121 1170 352 1227 αλεξάνδρῳ
389 1171 545 1225 εἴρηται
584 1168 844 1238 παραστάδας
883 1175 964 1215 κτλ.
998 1174 1048 1213 of.
1079 1174 1181 1213 Poll.
1217 1176 1252 1222 1,
1287 1175 1339 1213 76
1371 1171 1544 1225 σταθμοὶ
1581 1170 1625 1212 δὲ
1665 1170 1710 1212 τὰ

122 1212 372 1283 ἑκατέρωθεν
403 1228 505 1280 ξύλα
535 1228 637 1270 κατὰ
665 1224 844 1283 πλευραν
866 1236 949 1270 των
968 1233 1126 1284 θυρῶν,
1148 1228 1175 1270 ὁὶ
1195 1228 1262 1270 καὶ
1286 1229 1544 1284 παραστάδας
1567 1230 1708 1281 φασίν.

122 1288 220 1356 Eur.
251 1289 450 1328 Androm.
485 1290 594 1327 1121
627 1285 883 1342 παραστάδος
914 1287 1115 1340 κρεμαστὰ
1147 1284 1265 1341 τεύχη
1295 1287 1517 1328 πασσάλων
1552 1291 1710 1342 καθαρ-

121 1341 267 1394 πάσας.

887 1423 944 1467 43

250 1502 274 1548 ὁ
309 1501 564 1561 δ’μήλίθιος
594 1502 748 1560 ὥσπερ
780 1503 1013 1560 πρόβατον
1043 1506 1101 1561 βῆ
1133 1506 1192 1561 βῆ
1224 1504 1371 1560 λέγων
1401 1506 1586 1561 βαδίζει.

236 1599 472 1670 Etymolog.
520 1614 574 1639 m.
625 1601 726 1647 196,
761 1601 783 1639 7
821 1600 898 1652 βῆ·
939 1597 981 1639 τὸ
1019 1597 1232 1652 μιμητικὸν
1270 1604 1340 1651 τῆς
1381 1604 1463 1639 τῶν
1498 1595 1712 1653 προβάτων

123 1661 281 1709 φωνῆς,
313 1654 403 1708 οὐχὶ
431 1655 501 1710 βαὶ
538 1654 696 1709 λέγεται
723 1653 920 1704 Αττικῶς.
969 1659 1169 1725 Κρατῖνος
1204 1653 1597 1711 Διονυσαλεξάνδρῳ.
1661 1657 1711 1696 ef.

122 1716 308 1755 Eustath.
343 1717 436 1763 768,
463 1715 528 1754 14.
555 1716 678 1764 1721,
703 1716 769 1755 27.
803 1716 948 1755 Suidas
969 1711 1034 1767 βή.
1071 1717 1246 1756 Zonaras
1269 1717 1365 1756 387.
1399 1712 1439 1754 δ’
1463 1698 1696 1787 ἠλίθιος1
1666 1713 1710 1753 δὲ

121 1771 299 1819 λοίσθιος
330 1772 443 1812 Suid.
467 1774 508 1812 et
529 1773 667 1812 Zonar.
700 1773 828 1812 eidem
859 1771 911 1824 βή
933 1786 1006 1824 pro
1028 1773 1096 1826 βῆ.
1130 1773 1524 1813 oircumfieetendum
1545 1775 1595 1812 ut
1620 1775 1645 1811 ὑ
1669 1766 1711 1823 ὗ,

121 1831 174 1870 αὐ
213 1845 283 1870 αυ.
343 1830 491 1870 Milleri
533 1831 671 1882 Ebym.
709 1844 762 1870 m.
775 1826 1039 1884 (Melanges
1077 1830 1150 1882 64)
1190 1828 1316 1883 λέγων
1350 1831 1407 1882 βῆ
1443 1831 1510 1883 βῆ.
1571 1831 1709 1883 Etym.

100 1890 178 1928 ’111.
212 1890 279 1938 78,
310 1889 366 1928 40
405 1881 446 1926 τὸ
483 1888 538 1940 βῆ
577 1885 674 1940 ὅπερ
711 1893 965 1940 περισπαται.
999 1889 1126 1928 Bekk.
1158 1889 1312 1928 Aneed.
1344 1890 1417 1936 86,
1451 1889 1476 1927 3
1507 1888 1580 1939 βῆ·
1613 1901 1709 1954 προ-

121 1943 259 1998 βάτων
303 1941 443 1998 βληχή.
490 1946 664 1997 Hesych.
703 1941 856 1999 βηβήν·
903 1941 1117 1998 πρόβατον.
1163 1950 1328 1996 pr'optel
1372 1948 1632 1996 anapaestum
1668 1947 1711 1985 111

122 2006 266 2054 quarto
303 2003 405 2054 pede
447 2004 687 2043 inusitatum
725 2004 892 2045 Porson.
931 2004 1028 2045 Heo.
1068 2004 1193 2054 praef.
1230 2003 1342 2042 XLV
1382 1999 1436 2050 ὥς
1479 2000 1712 2055 προβάτιον,

122 2061 274 2112 Reisig.
307 2060 487 2100 Coniect.
520 2062 574 2100 99
605 2058 740 2113 ὥσπερ
776 2059 981 2114 πρόβατα,
1014 2061 1194 2100 Elmslei.
1228 2060 1343 2100 Gens.
1375 2061 1472 2100 Hec.
1503 2061 1616 2101 Pors.
1649 2061 1709 2103 ed

123 2118 234 2169 Lips.
267 2119 349 2158 268
381 2111 402 2156 ὁ
433 2114 469 2156 δ’
504 2114 662 2169 ἠλίθιος
692 2116 746 2170 βὴ
777 2117 830 2171 βὴ
861 2115 988 2172 λέγων
1018 2115 1151 2171 ω’σπερ
1181 2113 1384 2170 πρόβατον
1413 2116 1581 2171 βαδίζει.

886 2219 945 2261 44

122 2300 215 2342 τῶν
235 2299 652 2354 βδελλολαρύγγων
669 2296 1020 2355 άνεπαγγέλτων
1035 2297 1158 2357 αὐτῷ
1181 2298 1403 2356 φοιτησας
1419 2298 1489 2341 ἐπὶ
1505 2299 1709 2341 δεῖπνον.

238 2389 710 2446 8υ1ᾶ115άνεπάγγελτος·
741 2391 926 2446 ἄκλητος.
949 2396 1150 2462 Κρατῖνος
1178 2389 1575 2448 Διονυσαλεξάνδρῳ.
1598 2392 1711 2446 βδελ-

122 2449 398 2504 λολαρύγγων]
422 2448 772 2504 βδελλοιαρύγγων
793 2452 840 2494 Α
862 2447 1227 2505 βδελλοφαρύγγων
1249 2452 1278 2492 C
1301 2453 1317 2503 (
1339 2454 1382 2491 at.
1403 2452 1532 2492 Attici
1553 2465 1711 2502 semper

123 2506 274 2562 φάρυξ,
306 2507 500 2561 φάρυγος.
531 2505 660 2564 αὐτῷ]
693 2506 830 2548 αυτῶν
859 2510 910 2549 A.
944 2510 1086 2549 Pollux
1120 2511 1243 2559 6,12
1275 2507 1452 2580 α’κλητοιξ
1483 2523 1556 2556 ους
1586 2505 1708 2547 άνεπ-

122 2564 335 2619 αγγέλτους
367 2567 563 2619 Κρατῖνος
593 2569 717 2606 καλεῖ.
769 2568 943 2618 Hesych.
975 2562 1281 2619 ἆνεπάγγελτοι·
1314 2561 1372 2612 οἷς
1402 2563 1450 2605 οὐ
1480 2563 1710 2619 παρηγγέλη

124 2621 189 2663 ἐπὶ
227 2622 394 2663 δεῖπνον
430 2621 579 2664 ἐλθεῖν.
610 2622 789 2675 άκλητοι.
849 2625 1024 2664 Bekker.
1064 2625 1214 2664 Aneed.
1248 2627 1293 2673 6,
1330 2627 1381 2664 10
1417 2620 1711 2676 άνεπάγγελτος

123 2680 297 2720 δειπνεῖ·
329 2674 363 2735 ᾧ
393 2677 525 2729 οὐδεις
554 2678 628 2733 μὲν
649 2679 890 2735 ἐπήγγειλεν,
914 2678 935 2720 ὁ
957 2679 1002 2720 δὲ
1008 2677 1266 2744 ἀφικόμενος
1288 2681 1453 2721 δειπνεῖ.
1485 2681 1710 2721 Meinekius

125 2736 501 2791 βδελλολαρύγγων-
510 2736 817 2792 ἀνεπαγγέλτων
847 2733 1126 2790 φοιτησάντων
1157 2737 1220 2778 ἐπὶ
1252 2738 1432 2791 δεῖπνον,
1465 2740 1586 2778 simul
1617 2738 1709 2777 Cra-

124 2797 202 2836 tini
233 2809 398 2836 versum
428 2810 452 2842 a
483 2796 690 2837 Clemente
722 2798 836 2837 Alex.
869 2797 1053 2846 Paed.2,
1089 2798 1124 2846 1,
1158 2798 1182 2836 5
1217 2792 1239 2848 5
1271 2811 1351 2836 των
1381 2795 1559 2836 δείπνων
1588 2805 1708 2847 προσ-

123 2852 278 2905 ηγορία,
310 2849 389 2892 άπὸ
422 2858 504 2893 των
534 2853 733 2906 φαρύγων
761 2853 830 2893 καὶ
860 2858 1050 2906 φοιτητῆς
1078 2852 1225 2917 μανίας
1248 2851 1312 2893 ἐπὶ
1332 2853 1499 2893 δεῖπνον
1519 2854 1708 2904 quodam-

124 2911 243 2951 modo
275 2924 508 2965 expressum
539 2925 624 2955 esse
654 2925 834 2954 monens.
865 2913 965 2955 mihi
995 2907 1105 2969 αὐτῷ
1135 2904 1308 2966 (αὐτων)
1342 2925 1389 2951 ex
1418 2909 1515 2962 μέτα
1546 2923 1707 2962 corrup-
