1872 3224
237 171 319 214 736
848 170 1174 206 ΘΕοΠοΜΠοΤ

233 275 321 322 δίας
351 274 532 328 ποιηταί,
561 273 666 326 μόνα
695 271 742 312 τὰ
764 271 891 325 παχέα
921 272 1058 324 ἷμοῖτια
1088 272 1235 326 ταύτης
1266 279 1337 326 τῆς
1363 273 1629 327 προσηγορίας
1649 270 1806 324 ἀξιοῦν-

232 346 315 382 τες,
347 329 476 384 ὥσπερ
507 330 573 370 καὶ
605 328 843 382 Θεόπομπος
874 329 919 370 ἐν
947 329 1104 386 Εἰρήνῃ
1134 333 1216 372 κτλ.
1261 329 1307 370 δὲ
1337 332 1429 372 add.
1461 333 1684 372 Bentleius.

1004 444 1052 484 11

437 525 592 578 μᾶζαι,
625 525 930 577 πλακοῦντες,
964 521 1143 577 ἰσχάδες
1179 519 1426 579 Τιθροέσιαι

345 607 576 646 Aizhenaeus
600 607 664 655 15,
690 606 801 645 652f
829 603 1064 656 Θεόπομπος
1095 597 1136 643 δ’
1169 603 1325 660 Εἰρήνῃ
1356 603 1424 653 τὰς
1451 603 1807 659 Τιθρασίαςέπαι-

232 668 317 703 νῶν
347 660 510 714 ἰσχάδας
542 662 668 715 φησὶν
697 660 824 710 οὕτως
853 665 935 704 κτλ.
967 663 1018 702 cf.
1047 663 1255 714 Aristoph.
1278 664 1379 702 Ran.
1403 664 1500 703 477.
1533 664 1690 704 videtur
1719 665 1807 704 ubi-

233 735 309 771 que
340 721 590 761 scribendum
622 733 708 760 esse
744 716 1058 773 Τειθράσιαι.
1108 721 1157 759 cf.
1195 721 1413 760 Kirchhoff.
1451 721 1482 759 I.
1514 721 1562 760 A.
1596 722 1690 761 179.
1750 721 1803 761 H.

231 779 369 818 Roehl.
400 778 489 817 Ind.
524 777 567 818 C.
597 778 630 817 Ι.
660 792 701 829 p.
736 779 801 818 13.

438 944 660 1002 μητρυιάν
1003 889 1055 930 12

347 1033 489 1068 τοῦτον
519 1027 609 1082 (τὸν
637 1026 887 1083 πατρωὸν).
947 1059 956 1068 .
994 1025 1159 1079 κέκληκε
1179 1025 1247 1066 καὶ
1272 1023 1546 1080 Θεόπομπος“
1526 1043 1548 1068 ο
1572 1025 1744 1080 κωμικὸς
1765 1025 1811 1068 ἐν

234 1082 402 1141 Εἰρήνῃ.
433 1087 577 1125 Pollux
599 1088 636 1139 3,
658 1088 724 1126 27.
757 1087 924 1126 Photius
939 1088 1132 1138 μητρυῐον
1143 1082 1259 1140 (810)·
1288 1081 1518 1137 Θεόπομπος
1534 1083 1605 1125 τὸν
1625 1082 1810 1152 πατρωόν

231 1126 762 1211 (πατρυῖον).Ε1131;ο,1;Ιι1118
800 1144 974 1192 560,14
1003 1140 1072 1181 καὶ
1101 1139 1298 1195 μητρυιὰν
1338 1143 1379 1182 οἱ
1410 1142 1573 1182 παλαιοί
1605 1153 1708 1194 φασι
1738 1136 1808 1182 τὸν

233 1198 433 1253 πατρωόν,
464 1194 839 1253 ἆρρενωνυμοῦντες
871 1198 944 1252 τὴν
972 1196 1190 1253 μητρυιάν,
1219 1197 1287 1239 καὶ
1309 1198 1409 1253 λέγει
1429 1198 1533 1240 ου’τω
1555 1199 1808 1259 Θεᾴπομπος.

345 1270 559 1308 Praeterea
595 1270 645 1308 ad
683 1270 828 1309 Pacem
858 1269 908 1309 fr.
941 1270 994 1308 65
1033 1270 1192 1310 rettulit
1222 1270 1393 1309 Meinek.
1424 1270 1444 1308 I
1475 1270 1576 1320 240,
1618 1270 1806 1310 dubitans

233 1329 366 1366 tamen
396 1328 483 1378 ipse
513 1327 554 1366 II
585 1327 682 1368 820.

884 1440 1158 1473 ΗΔΤΧΑΡΗΣ

349 1510 524 1560 Tempus
561 1510 853 1559 quodammodo
885 1510 1076 1549 definiizur
1105 1510 1156 1548 fr.
1191 1510 1242 1548 15
1275 1511 1317 1548 et
1350 1511 1414 1549 16.
1459 1510 1677 1550 ‘hominem
1708 1510 1805 1550 deli-

234 1568 305 1607 ciis
339 1598 347 1605 .
383 1598 390 1606 .
425 1596 435 1606 .
478 1567 679 1617 deditum,
727 1567 896 1607 fortasse
928 1567 1136 1606 Platonem
1181 1566 1406 1618 significare
1444 1568 1602 1607 voluit?
1636 1567 1806 1608 Meinek.

232 1625 252 1663 Ι
285 1625 380 1664 240.
415 1625 509 1664 289.

1003 1713 1055 1755 13

438 1792 514 1834 καὶ
544 1790 672 1847 στῆτ’
708 1791 873 1853 ἐφεξῆς
903 1792 1130 1848 κεστρέων
1159 1794 1314 1847 νῆστις
1343 1792 1477 1848 χορὸς

438 1861 703 1915 λαχάνοισιν
733 1859 886 1915 ωσπερ
917 1862 1049 1916 χῆνες
1081 1858 1372 1915 ἐξενισμένοι.

346 1944 575 1983 Athenaeus
609 1945 652 1992 7,
685 1945 800 1984 308a
826 1958 929 2001 κατα
960 1941 1031 1983 τὸν
1075 1939 1312 1995 Θεοπόμπου
1345 1939 1579 1996 Ἱίδυχάρην
1607 1945 1688 1983 κτλ.
1738 1941 1808 1983 καὶ

233 1995 364 2053 στῆτ’]
398 2001 558 2041 melius
588 2002 656 2039 alii
686 2001 780 2040 libri
810 2002 840 2040 ὠ
873 1997 1018 2053 στῆτ’.’
1057 2001 1223 2041 Oasaub.
1244 2023 1299 2029 ——
1319 2001 1601 2051 imperativum
1631 2001 1802 2042 fortasse

233 2058 485 2106 Athenaeus,
526 2060 573 2097 ut
610 2059 691 2098 suis
729 2061 870 2109 poetae
900 2059 1021 2099 verba
1049 2059 1263 2108 insereret,
1295 2059 1481 2109 novavit3
1519 2058 1802 2109 Theopompus

234 2115 438 2165 scripsisse
467 2117 601 2165 potest
631 2112 722 2164 ἔστη
753 2110 795 2153 δ’
801 2145 811 2155 .
850 2116 901 2155 cf.
922 2116 1127 2166 Aristoph.
1159 2116 1207 2155 fr.
1233 2117 1325 2155 156.
1361 2115 1464 2154 Plat.
1487 2116 1554 2154 29.
1584 2115 1740 2166 Amips.
1765 2117 1802 2155 1.

233 2172 426 2222 Archipp.
449 2173 514 2210 12.
547 2173 690 2211 cestrei
709 2173 833 2212 ieiuni
853 2173 1122 2223 metaphorice
1153 2173 1341 2212 dicuntur
1370 2175 1439 2223 qui
1459 2174 1505 2211 ut
1522 2185 1681 2212 anseres
1702 2172 1805 2212 nihil

234 2229 312 2268 nisi
344 2229 431 2269 olus
462 2232 720 2270 cenaverunt.

1003 2319 1057 2360 14

918 2398 1028 2454 φέρε
1059 2397 1116 2440 σύ
1147 2395 1202 2440 τὰ
1230 2396 1551 2452 καταχύσματα

439 2466 603 2521 ταχέως
632 2464 815 2521 κατάχει
845 2469 927 2508 τοῦ
957 2468 1162 2522 νυμφίου
1193 2466 1268 2508 καὶ
1298 2466 1375 2522 τῆς
1403 2466 1556 2521 κόρης.

439 2537 487 2576 Β.
521 2526 573 2577 εὖ
603 2533 727 2577 πάνυ
757 2533 912 2589 λέγεις.

351 2617 847 2674 Schol.Aristoph.P1ut.
872 2619 952 2657 768
985 2619 1025 2656 et
1056 2617 1199 2657 Suidas
1230 2615 1533 2668 καταχύσματα·
1565 2612 1702 2664 απλως
1723 2621 1804 2656 τῶν

235 2668 302 2722 ἐφ’
337 2667 395 2712 ὠν
425 2673 692 2712 οἰωνίσασθαί
718 2688 753 2712 τι
782 2668 946 2725 ἀγαθὸν
985 2669 1205 2726 ἐβούλοντο,
1218 2671 1474 2743 (inserenda
1512 2676 1607 2713 sunt
1637 2671 1802 2725 μάλιστα

235 2727 280 2769 δὲ
310 2735 380 2781 τῆς
414 2725 588 2781 νυμφης)
619 2729 687 2770 καὶ
716 2736 786 2769 τοῦ
818 2730 1018 2782 νυμφίου,
1048 2728 1156 2781 παρα
1188 2722 1260 2781 τὴν
1290 2728 1422 2769 ἑστίαν
1451 2729 1678 2783 τραγήματα
1707 2745 1797 2770 κατ·

235 2785 344 2838 ε’χεον
374 2786 430 2833 εἰς
461 2790 627 2841 σημεῖον
656 2782 880 2840 εὐετηρίας·
913 2784 968 2834 ὡς
999 2785 1067 2826 καὶ
1097 2782 1327 2839 Θεόπομπός
1357 2798 1479 2838 φησιν
1517 2785 1562 2826 ἐν
1585 2784 1806 2840 “Ηδυχάρει

174 2889 176 2894 Α
235 2846 317 2882 κτλ.
348 2838 516 2884 Photius
549 2845 730 2894 145,10
766 2847 963 2896 κατεχεΐτο
999 2841 1044 2883 δὲ
1076 2842 1139 2896 (τὰ
1176 2842 1477 2897 καταχύσματα)
1517 2843 1583 2883 καὶ
1613 2849 1666 2900 τῷ
1695 2859 1795 2897 νυμ-
