1872 3224
210 173 295 216 614
860 170 1135 205 ΠΛΑΤΩΝΟΣ

212 282 335 326 τικοῖς
368 309 377 318 .
452 275 666 318 ,Πλάτων
700 273 766 314 Διὶ
806 271 1040 343 κακουμένῳ
1070 275 1152 314 κτλ.
1204 272 1244 322 ἐς
1282 272 1464 327 ταρίχους
1502 273 1644 315 Cobet.
1684 273 1785 316 Obs.

213 338 301 376 crit.
337 331 432 389 101]
467 332 558 373 ἐστί.
592 331 787 384 ταρίχους.
818 328 998 371 ἀπολέσω
1036 332 1218 371 futurum
1249 345 1335 372 esse
1365 345 1446 372 non
1476 333 1624 382 potest.
1664 332 1713 372 οἱ.
1733 331 1785 373 fr.

215 394 281 433 24.
333 394 467 442 itaque
499 404 589 430 cum
619 390 820 429 Meinekio
860 392 930 429 auh
959 385 1067 428 ὥσθ’
1103 412 1154 418 -
1186 384 1396 439 ἀπολέσαι,
1435 390 1506 428 aut
1535 384 1590 436 ὥς
1611 410 1666 418 -
1685 385 1786 428 ἀπο·
1851 437 1854 440 ⁴

215 447 314 488 λέσω
336 449 604 496 scribendum,
627 449 697 486 aut
713 447 768 486 sic
790 447 1118 487 constituendum
1139 447 1407 498 fragmentum
1427 437 1534 485 ὥσθ’
1557 441 1645 485 αττ’
1668 442 1757 498 ἔχω,
1778 442 1784 501 Ι

215 502 328 546 ταῦτ’
354 505 410 552 εἰς
441 503 626 556 ταρίχους
655 499 847 543 ἀπολέσαι
877 502 1055 554 (πάντως
1084 517 1131 555 με
1157 501 1253 557 δεῖ).
1285 504 1464 555 loquitur
1493 503 1701 544 Hercules.

982 604 1038 646 50

422 684 663 740 κεράτινον
695 680 817 739 εἶχον
848 683 1157 739 σκευοφόριον
1187 683 1439 739 καμπύλον.

331 769 475 808 Pollux
499 769 641 816 10,17
667 764 842 806 Πλάτων
872 766 917 806 δὲ
948 764 990 805 ἐν
1021 764 1090 806 Διὶ
1119 763 1352 835 κακουμένῳ
1381 764 1463 805 καὶ
1492 763 1542 805 τὸ
1574 763 1718 815 τόξον
1747 763 1792 805 ἐν

217 825 358 864 παιδιᾶ
389 821 638 876 παρεικάζων
673 822 750 874 ἔφη
780 826 863 863 κτλ.
913 825 1067 876 7,132
1100 821 1142 863 τὸ
1173 820 1217 862 δὲ
1246 822 1365 871 ξύλον
1403 818 1470 874 ἐφ’
1509 817 1561 863 οὗ
1589 819 1637 862 τὰ
1667 821 1793 876 σκεύη

217 866 493 935 κατῄρτημένα
526 880 671 933 ἔφερον
702 883 988 933 σκευοφορεῐον
1017 877 1098 920 ὑπὸ
1130 879 1350 928 Πλάτωνος
1381 878 1426 920 ἐν
1456 878 1530 919 Διὶ
1560 877 1793 950 κακουμένῳ

218 937 453 991 ὠνόμασται.
506 936 717 991 καμπύλον
737 938 1075 990 Iungermannus]
1108 936 1177 977 καὶ
1205 937 1429 989 καμπύλοην
1462 935 1665 991 κάγκύλον
1693 920 1793 977 Mei'-

218 998 382 1046 nekius,
416 998 484 1048 qui
514 1011 561 1037 ex
592 997 734 1047 gripho
765 997 861 1035 haec
892 996 1012 1035 ducta
1049 1009 1133 1036 esse
1173 996 1387 1035 existimat.
1437 995 1559 1035 immo
1597 995 1794 1036 Hercules

220 1057 269 1095 ab
300 1068 398 1095 arcu
429 1055 561 1094 omnia
584 1067 654 1093 sua
675 1066 867 1103 suspensa
887 1066 1031 1104 gerens
1051 1054 1282 1094 intraverat.
1326 1066 1415 1092 cum
1436 1054 1568 1092 autem
1593 1065 1676 1092 non
1694 1052 1793 1103 ipse,

220 1113 291 1153 sed
323 1113 415 1151 leno
446 1114 516 1150 aut
545 1111 698 1162 puella,
731 1111 794 1150 cui
825 1123 938 1150 arcus
967 1111 1132 1162 ignotus
1163 1112 1272 1160 erat,
1311 1110 1497 1149 habitum
1526 1110 1611 1150 eius
1650 1109 1794 1150 descri-

220 1171 319 1209 bens
348 1169 460 1219 loqui
484 1169 683 1218 videatur,
714 1168 846 1218 aptius
876 1167 1038 1208 videtur
1068 1161 1212 1219 εἶχεν.

989 1268 1041 1309 51

430 1349 508 1390 καί
535 1362 605 1390 τοι
635 1353 819 1403 φορεῖτε
848 1348 1055 1402 γλῶτταν
1087 1346 1138 1390 ἐν
1169 1343 1473 1403 ὑποδήμασιν,
1499 1372 1510 1384 ·

429 1413 740 1471 στεφανοῦσθ’
774 1413 1131 1471 ὑπογλωττίσιν,
1165 1414 1274 1458 ὅταν
1304 1414 1466 1472 πίνητέ
1492 1429 1598 1471 που,

431 1481 518 1526 κᾶν
548 1485 836 1539 καλλιερῆτε,
868 1486 1075 1539 γλῶτταν
1106 1482 1288 1540 ἀγαθὴν
1318 1484 1526 1540 πέμπετε.

340 1569 571 1608 Athenaeus
606 1568 671 1618 15,
704 1569 819 1607 6773,
853 1565 919 1605 διὰ
951 1564 995 1606 δὲ
1026 1565 1102 1617 τὴν
1133 1565 1211 1618 σὴν
1239 1569 1424 1620 γλωσσαν
1454 1572 1525 1619 τῆς
1555 1563 1799 1621 ὑπογλωττί-

226 1627 294 1674 δος
324 1622 629 1677 μνησθήσομαι,
662 1618 711 1676 ἧς
745 1619 918 1663 Πλάτων
948 1621 1133 1676 ἐμνήσθη
1165 1622 1209 1663 ἐν
1233 1622 1299 1663 Διι
1326 1622 1560 1679 κακουμένῳ
1590 1627 1672 1664 κτλ.
1765 1627 1800 1668 1.

226 1687 411 1736 γλῶσσαν
441 1682 528 1722 cod.
619 1683 656 1723 2.
689 1677 967 1729 στεφανοῦσθ’
1000 1682 1166 1722 Porson.
1190 1682 1358 1721 Miscell.
1381 1683 1446 1750 44
1486 1679 1714 1732 στεφάνους
1737 1677 1799 1721 δ’.

227 1739 324 1780 όταν
348 1735 721 1792 Schweighaeus]
709 1736 784 1778 ότε.
834 1734 989 1794 πίνητε]
1011 1743 1172 1790 πεινῆτε
1193 1739 1244 1778 Α.
1334 1741 1370 1781 3.
1401 1735 1480 1777 κάν
1508 1739 1677 1779 Oasaub.
1682 1737 1700 1792 ]
1722 1737 1801 1779 καὶ.

227 1795 412 1850 πέμπετε]
437 1795 630 1847 πέμπεται
650 1799 700 1835 A.
752 1793 908 1846 τέμνετε
937 1796 1138 1847 Bergkius
1169 1795 1309 1848 (Mein.
1333 1796 1370 1834 V
1399 1810 1438 1847 p.
1463 1795 1623 1850 XCIX).
1657 1797 1801 1837 Festus

232 1856 371 1909 (indic.
404 1850 594 1908 Bothius)
625 1855 824 1904 linyula
853 1865 929 1903 per
957 1855 1262 1894 deminutionem
1291 1854 1450 1904 linquae
1479 1855 1607 1902 dictem
1643 1855 1746 1894 abias
1774 1867 1802 1894 α

228 1913 487 1955 similitudine
517 1915 701 1962 exsertae,
731 1914 784 1950 ut
812 1913 865 1950 in
894 1912 1090 1962 calceis,
1121 1912 1224 1951 alias
1253 1912 1446 1961 insertae,
1476 1912 1503 1954 i.
1526 1923 1558 1950 e.
1579 1913 1688 1952 intra
1708 1912 1802 1951 den

230 1976 285 2012 tes
315 1972 516 2013 coercitae,
547 1972 591 2008 ut
621 1971 665 2008 in
695 1969 813 2008 tibiis.
846 1968 995 2007 Athen.
1031 1969 1097 2014 15,
1120 1968 1239 2008 678d
1269 1963 1511 2019 ὑπογλωττὶς
1542 1966 1587 2007 δὲ
1616 1966 1800 2018 στεφά-

231 2042 317 2067 νου
350 2025 457 2065 έστὶν
486 2019 635 2073 εἶδος.
671 2020 876 2077 Θεόδωρος
907 2021 947 2063 δ’
982 2022 1026 2064 έν
1053 2027 1145 2072 wig
1157 2020 1350 2071 Ἀττικαῖς
1371 2020 1569 2077 γλώσσαις
1591 2021 1804 2076 στεφάνων

230 2087 382 2135 πλοκῆς
411 2080 525 2136 γένος
555 2080 663 2135 παρὰ
695 2080 886 2121 Πλάτωνι
923 2079 967 2121 ἐν
999 2080 1067 2121 Διὶ
1102 2078 1350 2136 κακουμένῳ.
1403 2082 1803 2134 Schweighaeuserus

233 2142 407 2182 conferri
437 2141 549 2179 iubet
577 2140 683 2179 Plin.
716 2139 767 2179 N.
799 2140 840 2178 h.
873 2141 938 2188 11,
972 2141 1024 2178 93
1054 2140 1283 2190 hypoylossa
1311 2139 1408 2188 folia
1437 2140 1551 2179 habet
1577 2141 1710 2190 fiyura
1737 2141 1804 2180 sufl-

159 2233 162 2235 .
232 2201 369 2239 vestris
397 2199 517 2248 myrti
549 2227 558 2236 .
592 2225 600 2235 .
635 2227 643 2234 .
677 2209 760 2236 ceu
789 2198 992 2247 linquas
1024 2226 1033 2235 .
1067 2227 1075 2235 .
1112 2226 1122 2236 .
1155 2198 1336 2246 capitis
1366 2198 1583 2236 dolorem
1619 2209 1804 2238 corona

233 2269 285 2297 ex
314 2257 389 2295 his
418 2256 642 2304 inposita
672 2255 866 2293 minuit.
917 2255 1095 2306 γλῶτταν
1115 2249 1281 2306 ἀγαθὴν
1308 2250 1479 2304 πέμπειν
1507 2254 1700 2305 intellego
1731 2251 1805 2305 τὴν

235 2310 448 2364 ὀλολυγήν,
491 2313 641 2350 laetam
687 2312 729 2350 in
767 2324 809 2350 re
854 2323 964 2350 sacra
1001 2311 1336 2350 acclamationem.
1387 2311 1567 2362 γλῶτταν
1602 2307 1805 2363 ἀγαθὴν

236 2368 392 2422 τέμνειν
421 2369 521 2408 mihi
552 2369 714 2419 quidem
745 2381 908 2418 prorsus
938 2368 1136 2419 ignotum.
1169 2369 1216 2407 cf.
1248 2368 1453 2419 Aristoph.
1485 2369 1560 2408 Av.
1595 2369 1718 2408 1705.

930 2477 999 2522 52.
1058 2478 1114 2521 53

441 2558 639 2614 γλώττης
669 2556 845 2614 ἀγαθῆς
874 2555 960 2601 οὐκ
990 2555 1084 2600 ἔστ’
1115 2555 1304 2613 ἄμεινον
1334 2554 1443 2600 οὐδὲ
1473 2555 1534 2600 ἕν.

567 2645 590 2671 *
810 2667 833 2678 χ
863 2643 887 2670 *
1158 2642 1183 2669 *
1452 2641 1477 2669 *

444 2695 470 2753 ἡ
502 2698 678 2751 γλῶττα
708 2695 907 2750 δύναμιν
938 2692 1043 2745 τοὺς
1072 2694 1238 2749 λόγους
1269 2693 1503 2749 ἐκτήσατο,

448 2765 497 2808 ἐκ
529 2771 623 2808 τῶν
654 2764 803 2818 λόγων
834 2760 877 2805 δ’
910 2761 1006 2805 ἅττ’
1038 2760 1171 2813 αὐτὸς
1203 2762 1442 2816 ἐπνθυμεῖς
1472 2763 1598 2816 ἔχεις.

357 2848 482 2888 Orion
502 2848 802 2887 Schneidewin.
835 2847 908 2898 42,
934 2848 983 2886 17
1016 2842 1059 2884 ἐκ
1090 2842 1186 2893 Διὸς
1216 2841 1466 2897 κακουμένου
1492 2843 1709 2893 Πλάτωνος
1729 2859 1805 2884 κω-
