1872 3224
221 199 304 241 306
862 195 1159 230 ΕΤΠΟΛΙΔΟΣ

965 298 1046 340 172

426 379 747 434 κοιλιοδαίμων

334 495 342 503 .
368 495 376 503 .
403 495 410 502 .
445 460 621 509 Εὔπολις
653 459 743 508 τοὺς
774 459 946 508 κόλακας
978 458 1023 500 ἐν
1052 465 1106 516 τῷ
1145 453 1343 514 ὁμωνύμῳ
1382 458 1554 513 δράματι
1590 456 1695 500 οὕτω
1729 457 1792 500 κέ-

218 523 347 571 κληκε.
379 521 521 560 Athen.
554 521 593 571 3,
631 520 756 559 100b.
789 519 953 558 eandem
984 532 1121 558 vocem
1159 531 1240 557 non
1278 519 1454 558 indicato
1492 520 1655 558 auctore
1691 519 1796 558 abtu-

217 579 266 616 lit
304 580 349 626 3,
383 579 434 616 97
444 590 475 616 c.
518 578 566 616 cf.
597 577 782 616 Eustath.
817 576 962 627 Opusc.
1000 577 1096 625 209,
1126 577 1196 614 41.
1231 575 1472 627 Toeppelius
1504 577 1557 615 29
1589 573 1797 627 cbmpamt

219 635 355 685 Eurip.
389 634 499 685 cycl.
532 635 630 683 334,
663 634 906 673 Fritzschius
939 632 1064 684 (apud
1094 633 1265 673 eundem
1298 631 1372 686 29)
1404 631 1694 685 τρυγοδαίμων,
1726 646 1795 672 να·

217 691 421 742 κοδαίμων
451 692 596 730 Athen.
630 693 669 740 8,
702 692 783 730 352
801 692 839 739 b,
873 690 1124 744 σοροδαίμων
1161 690 1270 730 Plut.
1303 691 1405 730 Mor.
1441 692 1494 730 13
1512 691 1549 739 b,
1586 688 1794 743 κρονοδαί-
1868 699 1872 703 ’

217 763 303 799 μων
332 749 502 789 Bekker.
534 748 684 788 Aneed.
715 749 784 801 46,
817 750 883 790 30.

967 861 1048 903 173

422 940 872 996 ταγηνοκνισοθήρας

333 1025 475 1064 Suidas
511 1021 666 1071 Ιούνιος
697 1023 752 1071 εἰς
784 1016 856 1075 τὴν
886 1019 1042 1062 ἱππάδα
1082 1025 1206 1062 τελῶν
1239 1056 1248 1066 .
1273 1054 1283 1062 .
1308 1057 1316 1065 .
1349 1019 1537 1074 συνήθης
1574 1018 1630 1074 ἠν
1667 1019 1797 1076 τρισὶν

218 1077 383 1128 ὑπάτοις
415 1079 674 1133 (triumviris)
696 1080 978 1133 κοιλιοδαίμων
998 1095 1038 1120 τε
1059 1079 1126 1120 καὶ
1147 1078 1567 1134 ταγηνοκνισοθήρας·
1601 1076 1796 1133 βούλομαι

217 1137 292 1191 γὰρ
337 1137 383 1177 τὰ
424 1144 492 1190 τῆς
530 1138 739 1192 κωμῳδίας
776 1137 874 1191 πρὸς
914 1134 1077 1186 τούτους
1113 1137 1256 1178 εἰπεῖν.
1298 1136 1699 1192 ταγηνοκνισοθήρας
1735 1134 1806 1192 VJ·

217 1194 610 1249 ταγηνοκνιγοθήρας
649 1197 696 1246 Β,
728 1191 1133 1248 ταγηνορνιθοθήρας
1163 1196 1257 1236 edit.
1289 1201 1383 1236 ante
1420 1196 1580 1237 Kusoer.
1613 1195 1793 1236 eiusdem

217 1255 372 1304 glossae
402 1255 536 1304 partes
568 1255 729 1293 exstant
760 1253 868 1292 Suid.
901 1250 1300 1305 ταγηνοκνισοθήρας
1331 1256 1371 1293 et
1401 1255 1548 1306 φαγεῖν
1577 1251 1668 1301 ζῶν.
1701 1265 1792 1293 eum

217 1312 388 1361 scriptor
426 1312 588 1362 ignotus
630 1324 676 1350 ex
720 1324 798 1361 quo
847 1312 990 1351 Suidas
1028 1311 1124 1350 haec
1162 1311 1359 1362 excerpsit
1394 1313 1610 1362 utrumque
1646 1322 1794 1350 nomen

217 1369 479 1420 coniunxerit,
511 1369 622 1418 prius
654 1371 788 1407 autem
823 1372 930 1407 certo
960 1369 1192 1408 testimonio
1228 1369 1276 1407 ad
1312 1368 1554 1408 Adulatores
1586 1369 1794 1417 referatur,

217 1425 382 1463 dubium
414 1438 496 1464 non
527 1428 588 1465 est
618 1426 714 1476 quin
745 1426 916 1466 alterum
948 1426 995 1464 ad
1027 1427 1196 1465 eandem
1228 1426 1409 1465 fabulam
1438 1426 1652 1477 pertineat.
1692 1437 1792 1465 oom-

216 1485 332 1531 parat
363 1482 604 1532 Toeppelius
637 1484 690 1521 28
721 1483 893 1522 Bekker.
916 1483 1065 1522 Anecd.
1091 1485 1157 1531 49,
1183 1484 1234 1522 13
1265 1480 1571 1536 κνισοτηρητής·
1604 1478 1625 1521 ὁ
1647 1485 1796 1522 κνῖσαν

215 1537 282 1577 καὶ
312 1538 454 1577 δεῖπνα
487 1537 698 1592 ἐπιτηρῶν,
730 1540 976 1580 Fritzschius
1006 1541 1229 1580 tetrametri
1259 1541 1421 1580 iambici
1458 1540 1647 1592 reliquias
1676 1539 1792 1580 resti-

219 1596 396 1636 tuithas
425 1610 524 1628 υ-υ
552 1595 877 1647 κοιλιοδαίμονες,
908 1599 1312 1650 ταγηνοκνισοθῆραι.

965 1710 1045 1752 174

424 1786 562 1844 λευκὴ
593 1785 738 1845 ἡμέρα

328 1867 353 1921 ἡ
385 1867 520 1923 ἀγαθὴ
551 1868 618 1910 καὶ
650 1867 713 1910 ἐπ’
747 1866 988 1927 εὐφροσύνῃ.
1020 1870 1198 1920 Εὔπολις
1231 1871 1421 1921 Κόλαξιν.
1459 1874 1640 1914 Photius.
1673 1873 1793 1913 verba

215 1927 403 1966 videntur
433 1929 650 1968 adulatoris
681 1929 781 1968 hanc
811 1930 887 1969 sibi
916 1930 1045 1970 lucem
1075 1933 1204 1970 ortam
1235 1945 1321 1971 esse
1351 1931 1578 1983 gaudentis.

969 2042 1050 2086 175

421 2095 598 2151 ἐφάπαξ

329 2175 508 2226 Εὔπολις
541 2176 726 2229 Κόλαξιν.
758 2182 927 2222 Bekker.
959 2183 1109 2222 Anecd.
1143 2185 1209 2231 96,
1245 2185 1309 2223 17.

963 2294 1043 2336 176

419 2349 678 2401 περίστατοι

327 2424 416 2467 ἀντὶ
446 2435 517 2469 τοῦ
546 2430 634 2483 περὶ
662 2428 712 2479 ἃς
744 2427 875 2485 κύκλῳ
907 2430 1089 2472 ἵστανται
1126 2433 1168 2472 οἵ
1199 2429 1409 2485 θεώμενοι.
1470 2431 1514 2472 τὸ
1550 2430 1677 2485 ὄνομα
1708 2462 1718 2472 .
1742 2463 1751 2472 .
1777 2462 1787 2474 .

215 2481 295 2523 ἐστὶ
315 2484 381 2525 καὶ
410 2484 506 2540 παρ’
539 2483 736 2527 Εὐπόλιδι
768 2487 812 2528 ἐν
841 2488 1035 2538 Κόλαξιν.
1067 2491 1263 2541 Harpocr.
1290 2491 1384 2540 152,
1411 2492 1448 2530 7.
1471 2491 1520 2530 cf.
1543 2491 1788 2542 Theopomp.

214 2542 281 2581 41.
323 2543 466 2585 Telecl.
498 2546 563 2586 35.
599 2547 715 2586 Phot.
746 2547 850 2597 422,
886 2549 1052 2589 1—12.
1089 2547 1260 2587 Bekker.
1299 2547 1451 2586 Anecd.
1494 2549 1595 2596 296,
1644 2550 1668 2587 6
1713 2560 1787 2587 πε-

211 2597 402 2650 ρίστατοι·
435 2600 476 2639 οἷ
499 2601 764 2655 περίβλεπτοι,
796 2601 864 2654 ἐφ’
898 2598 959 2652 οἷς
989 2602 1045 2643 ἄν
1074 2618 1131 2651 τις
1163 2603 1278 2655 σταίη
1319 2598 1559 2656 βουλόμενος
1589 2606 1786 2644 θεᾶσθαι.

931 2729 933 2731 ·
960 2715 1039 2757 177

420 2795 762 2851 συμπαροίκους

326 2869 505 2920 Εὔπολις
536 2872 585 2914 ἐν,
609 2872 756 2924 Κόλαξι
787 2875 958 2929 εἴρηκεν.
992 2876 1136 2916 Pollux
1168 2879 1206 2926 9,
1240 2878 1306 2917 37.
