1872 3224
198 167 286 209 464
510 204 514 208 .
798 165 1187 200 ΑΡιΣΤοΦΑΝοΤΣ

195 269 268 310 τὸν
297 274 520 322 λυχνοῦχον
552 269 715 323 [οἴχεται
747 264 821 308 εἶτ’
854 266 1049 322 ἐπιφέρει]
1082 267 1148 308 καὶ
1179 266 1338 317 ἔλαθες.
1371 266 1416 309 έν
1446 267 1490 309 δὲ
1511 273 1628 318 τοῖς.
1651 285 1705 324 ρ.
1727 285 1779 323 ης

198 327 260 379 (ἐν
290 326 333 367 δὲ
363 332 444 375 τοῖς
477 326 618 378 ἐφεξῆς
649 325 901 378 Dindmfius)
935 325 1002 366 καὶ
1033 325 1239 378 λυχνίδιον
1275 320 1401 366 αὐτὸν
1437 330 1552 368 καλεῖ
1583 325 1651 367 διὰ
1682 327 1776 369 τού-

196 401 276 425 των
305 382 391 424 ἆλλ’
425 383 558 436 ω’σπερ
598 381 619 423 ὅ
650 379 793 435 λύχνος
832 380 1042 435 ὁμοιότατα
1083 381 1302 424 καθεύδετ’
1342 382 1543 439 (καθεῦδ’
1581 386 1776 428 Fritzsch.

195 444 390 499 Euphros.
424 439 497 495 22)
530 438 594 480 ἐπὶ
627 446 697 480 τοῦ
727 440 946 492 λυχνιδίου.
981 443 1158 482 ‘servum
1179 442 1357 493 aliquem
1378 444 1492 494 queri
1513 443 1621 494 quod
1641 443 1780 485 lumen
1846 447 1851 454 ”

196 501 273 540 sibi
303 500 542 539 exstinctum
576 500 645 540 sit'
677 500 876 551 Bergkius
908 500 1142 540 arbitratur.
1175 496 1220 539 ἐν
1240 504 1296 555 τῷ
1317 497 1488 555 δευτέρῳ
1509 495 1706 555 Νιόβῳ,
1693 515 1777 543 1.e.
1854 535 1855 538 ,

194 559 237 596 in
267 558 392 596 altera
421 557 660 597 Dramatum
691 557 977 608 fabu1a‚quae
1009 557 1244 598 inscribitur
1267 540 1445 598 ‘Niobuffi

950 692 1036 735 280

401 771 477 815 καὶ
508 774 603 822 πῶς
632 769 837 828 ὑπερβὰς
866 771 949 815 τὸν
979 774 1238 828 λυχνοῦχον
1268 770 1468 821 κᾶλαθες

308 856 539 895 Athenaeus
571 857 783 907 15,1561
817 856 957 897 Dindf.
988 857 1038 896 cf.
1071 856 1119 895 fr
1144 857 1239 896 279.
1271 856 1368 896 haec
1399 856 1574 897 Cobetus
1606 854 1778 928 ςΜιιοιιι.
1818 849 1822 854 ’

198 913 234 951 V
268 915 363 953 191.
391 910 436 968 2)
485 914 527 952 in
564 914 650 953 cod.
690 914 727 952 A
766 914 822 953 sic
866 914 967 965 legit
1003 907 1072 952 εἶτ’
1120 910 1317 966 ἐπιφέρει·
1355 912 1422 953 καὶ
1466 915 1552 962 πῶς
1598 911 1780 968 υπερβᾶς

195 968 265 1010 τὸν
301 973 524 1022 λυχνοῦχον
561 969 709 1022 οἴχεται
754 965 829 1010 εἶτ’
879 968 1058 1023 ἐπιφέρει
1105 985 1173 1010 και
1217 969 1353 1011 ἔλαθε.
1406 972 1638 1024 ‘expunctis
1676 985 1779 1024 quae

193 1029 382 1068 librarius
411 1031 563 1068 temere
595 1028 758 1079 repetiit
795 1042 841 1068 ex
879 1029 1153 1080 superioribus
1184 1027 1333 1080 οἴχεται
1371 1023 1443 1068 εἶτ’
1484 1026 1664 1082 ἐπιφέρει
1693 1027 1777 1082 καὶ,
1814 1037 1821 1042 “

194 1099 295 1136 quae
325 1087 459 1125 noluit
484 1086 571 1136 ipse
602 1099 851 1138 expungere,
894 1099 944 1126 ne
975 1086 1123 1127 codicis
1154 1087 1356 1138 elegantia
1385 1087 1670 1138 minueretur’,
1703 1086 1780 1129 Co-

195 1144 311 1183 betus
350 1144 491 1183 scribit
527 1143 570 1181 Β.
611 1141 678 1182 καὶ
715 1148 802 1190 πῶς
833 1139 1015 1195 ὑπερβὰς
1047 1141 1116 1183 τὸν
1146 1145 1369 1196 λυχνοῦχον
1399 1141 1522 1183 ἔλαθέ
1551 1154 1618 1193 σε;
1660 1157 1778 1186 servo
1811 1161 1821 1175 ι’

196 1201 244 1240 de
276 1202 473 1240 exstincto
503 1200 653 1240 lumine
686 1202 871 1251 querenti
892 1200 1018 1255 (279)
1050 1201 1236 1242 dominus
1267 1202 1584 1254 interrogatione
1612 1214 1779 1254 respon-

196 1258 263 1298 det
292 1259 360 1309 qui
391 1259 543 1298 factum
574 1259 629 1298 sit
658 1261 704 1298 ut
733 1259 897 1299 lucerna
927 1258 1212 1299 candelabrum
1243 1259 1588 1310 superscenderet.

1861 844 1872 857 ι·-
1865 814 1872 818 ι
1859 707 1872 804 taff-&22⁴

948 1393 1030 1437 281

732 1471 833 1516 ἀλλ’
867 1472 1020 1529 ὥσπερ
1052 1472 1218 1529 λύχνος

401 1538 640 1597 ὁμοιότατα
672 1539 867 1585 καθεῦδ’
901 1541 975 1585 ἐπὶ
1005 1544 1089 1585 τοῦ
1120 1543 1371 1598 λυχνιδίου.

310 1626 541 1665 Athenaeus
575 1627 651 1678 15,
684 1627 791 1666 1561
832 1626 968 1665 Dindf.
1008 1626 1059 1666 cf.
1096 1626 1144 1666 fr.
1178 1627 1273 1666 279.
1319 1627 1464 1666 Pollux
1497 1627 1571 1676 10,
1607 1627 1686 1666 119
1733 1623 1780 1666 έν

195 1685 276 1729 τοῖς
293 1679 608 1735 Ἀριστοφάνους
631 1681 843 1735 Δράμασιν
871 1679 898 1735 ἢ
920 1682 1083 1739 Νιόβῳ·
1113 1679 1202 1722 ἄλλ’
1235 1681 1369 1735 ωσπερ
1399 1681 1544 1735 λύχνος
1569 1677 1778 1735 ὁμοιότατα

195 1736 372 1779 κάθευδ’
406 1738 471 1780 ἐπὶ
502 1745 572 1780 τοῦ
602 1740 823 1792 λυχνιδίου.
873 1739 1018 1792 λύχνος
1037 1723 1208 1794 Pollux]
1241 1737 1263 1780 ὁ
1293 1739 1439 1792 λύχνος
1470 1742 1508 1782 A
1538 1740 1687 1783 Athen.
1730 1741 1775 1782 in

194 1796 401 1849 λυχνιδίου
449 1799 787 1849 aatepaenultima
825 1799 1082 1850 producitur,
1121 1801 1168 1838 ut
1205 1799 1247 1838 in
1286 1796 1478 1849 οἰκίδιον,
1526 1794 1779 1851 ἀργυρίδιον,

195 1854 453 1894 δακτυλίδιον
482 1856 584 1896 aliis.
618 1856 666 1896 de
696 1857 896 1896 sententia
926 1856 977 1896 cf.
999 1855 1183 1896 Pherecr.
1207 1857 1277 1896 40.
1309 1856 1489 1896 Nunnes.
1511 1855 1664 1907 Phryn.
1687 1855 1776 1896 Eel.

196 1914 251 1952 60
281 1913 381 1953 Lob.
413 1912 620 1965 λυχνίδιον
649 1914 715 1954 hic
746 1914 825 1954 dici
855 1927 930 1965 pro
960 1910 1169 1967 λυχνούχῳ
1199 1914 1432 1954 Athenaeus
1471 1914 1557 1964 ipse
1588 1915 1776 1954 testatur.

947 2037 1033 2080 282

403 2115 543 2160 οὐδὲν
572 2114 634 2172 μοὶ
665 2115 744 2160 Δί’
779 2116 870 2172 ἐρῶ
900 2116 1099 2167 λοπάδος
1129 2116 1326 2173 ἑψητῶν.

310 2199 542 2240 Athenaeus
574 2202 614 2252 7,
638 2201 754 2241 301b
783 2201 1071 2252 πληθυντικῶς
1101 2197 1146 2239 δὲ
1175 2197 1361 2253 λέγουσιν
1391 2197 1568 2252 ἑψητοὺς
1597 2195 1700 2239 κατὰ
1731 2191 1776 2240 τὸ

196 2259 393 2297 πλεῖστον.
422 2253 711 2310 Ἀριστοφάνης
744 2253 1014 2311 Δράμασιν“
984 2272 1010 2309 η
1034 2255 1176 2312 Νιόβῳ
1205 2259 1286 2296 κτλ.
1317 2254 1440 2297 πλέον
1468 2258 1512 2297 in
1531 2258 1642 2298 exitu
1661 2258 1777 2301 addit

183 2315 454 2355 'Herwerdem
497 2316 645 2355 Mnem.
691 2328 784 2356 nov.
815 2315 875 2354 VI
913 2316 981 2355 60.
1027 2317 1070 2354 at
1107 2315 1141 2355 si
1179 2315 1408 2379 significare
1446 2315 1613 2355 volebat
1651 2315 1776 2356 ‘mm

195 2374 323 2423 mayis
358 2385 448 2413 amo
477 2385 598 2422 quam
627 2374 719 2412 σοίῆ
774 2372 986 2412 dicendum
1016 2374 1102 2411 erat
1137 2365 1306 2419 οὐδενὸς
1334 2369 1456 2411 πλέον
1485 2369 1564 2424 έρω
1592 2373 1678 2411 κτλ.
1706 2385 1775 2412 ex—

197 2430 312 2526 ezei}
327 2430 498 2527 forilzass5e
528 2428 683 2527 Ξανῦν
712 2430 828 2470 ‘nihil
857 2430 1029 2470 desidero
1059 2431 1105 2469 in
1127 2431 1331 2479 praesenti
1358 2430 1548 2479 patellam
1578 2426 1774 2481 ἒψητωνζ

198 2500 218 2526 c
299 2500 395 2538 lupo

947 2575 1032 2618 283

404 2652 427 2698 ὁ
461 2653 502 2697 δ’
537 2656 599 2707 εἰς
628 2653 678 2698 τό
709 2657 952 2699 πλινθεῖον
979 2653 1224 2711 γενόμενος
1254 2653 1462 2711 ἐξέτρεψε

312 2738 455 2777 Pollux
489 2741 553 2787 10,
588 2740 668 2779 185
709 2733 760 2779 ου
787 2736 922 2789 μέντοι
951 2737 993 2776 οἱ
1017 2740 1201 2789 κεραμεῖς
1231 2734 1302 2784 τὰς
1337 2735 1538 2785 πλίνθους
1569 2735 1786 2789 ἔπλαττον,

198 2796 413 2834 πλινθεῖον
450 2797 569 2838 καλεῖ
599 2794 722 2836 τόπον
759 2794 804 2836 έν
835 2793 1049 2850 Δράμασιν
1077 2790 1107 2846 ἦ
1135 2791 1279 2848 Νιόβῳ
1314 2790 1623 2847 Ἀριστοφάνης,
1659 2807 1716 2834 πε
1727 2793 1775 2848 ρι

198 2857 284 2890 τοῦ
314 2848 643 2906 Κυκλοβόρου
673 2859 763 2894 τοῦ
791 2856 1017 2904 ποταμου
1045 2849 1185 2904 λέγων.
1224 2853 1459 2892 tetrameter
1493 2852 1700 2902 iambicus,
1731 2853 1775 2894 in
