1872 3224
63 388 66 406 z
125 369 234 410 witz.
272 370 368 416 Obs.
407 374 497 414 crit.
531 378 709 420 14—16
748 384 789 421 et
823 384 892 423 ubi
925 398 1024 436 quae
1056 387 1208 428 dixerat
1237 403 1283 430 ex
1314 395 1428 442 parte
1457 366 1687 437 retractavit

58 430 93 493 ‘j
122 426 264 483 Herm.
294 428 419 469 VIIII
450 433 546 472 330.
576 438 623 475 ut
652 437 701 477 fr.
735 439 815 479 289
846 441 894 480 ad
926 442 1188 495 Centaurum,
1229 448 1285 487 ita
1314 449 1362 488 fr.
1394 451 1477 491 290
1513 453 1563 493 ad
1593 454 1630 493 N
1635 456 1686 494 io-

25 502 28 506 *
57 482 223 527 bum
251 487 452 538 pertinere
472 491 652 543 videtur,
684 496 773 546 ubi,
806 498 839 537 si
861 498 1067 550 Sophoclis
1097 503 1139 542 in
1169 517 1214 543 ea
1239 505 1375 546 fabula
1404 511 1539 559 partes
1559 515 1683 562 erant,

110 544 335 607 ¹'aptissime
365 548 492 588 etiam
521 549 737 602 Euripides
766 555 1028 598 inridebatur.

875 680 955 722 291

162 792 168 798 ‚
203 769 213 773 ²
237 751 370 794 Schol.
402 755 584 798 Platonis
617 760 697 798 331
729 761 898 801 Bekker.
930 764 1262 817 Χαιρεφῶντα
1299 799 1307 809 .
1330 799 1340 809 .
1363 798 1372 808 ·
1400 767 1683 824 Ἀριστοφάνης

35 825 79 860 >j
122 805 169 849 ἐν
209 807 397 864 Δράμασι
435 811 662 867 κλέπτην
698 814 852 874 (λέγει).
901 822 1006 871 quod
1037 825 1224 873 quoniam
1260 826 1350 866 vivo
1388 827 1682 882 Chaerephonte

100 866 274 908 'factum
305 870 504 921 videatur,
538 874 587 912 ad
610 873 853 916 Centaurum
873 879 994 919 refert
1014 880 1291 922 Wilamowitz.
1314 883 1407 927 Obs.
1422 887 1509 926 crit.
1535 890 1583 927 19
1597 889 1684 931 adn.

150 969 154 971 Δ
225 1013 257 1041 κ
871 1001 956 1044 292

328 1050 511 1106 βύρσαν

114 1182 115 1185 ¹
227 1131 303 1187 τὴν
322 1133 440 1174 πόλιν
459 1132 651 1188 Ἀθηνῶν
667 1135 955 1193 Ἀριστοφάνης
978 1140 1047 1198 ἐν,
1067 1141 1249 1196 Δράμασι
1276 1146 1430 1195 παίζων
1459 1145 1547 1200 ἔφη.
1605 1151 1681 1191 He-

39 1229 42 1239 ,
83 1237 88 1240 ⁴
119 1191 298 1243 sychius.
330 1186 404 1245 τὴν
434 1192 555 1234 πόλιν
581 1192 772 1249 Ἀθηνῶν
799 1196 1000 1254 Musurus]
1031 1199 1061 1239 ἤ
1094 1200 1122 1238 Θ
1149 1203 1257 1253 cod.,
1289 1204 1316 1242 i.
1347 1215 1383 1244 e.
1414 1203 1529 1244 πόλιν
1559 1208 1681 1247 θεῶν.

117 1249 281 1290 videtur
308 1253 430 1302 poeta
459 1253 656 1304 Byrsam,
696 1256 722 1295 i.
755 1270 788 1298 e.
825 1257 1022 1308 Athenas,
1061 1259 1220 1299 deorum
1247 1262 1382 1301 urbem
1410 1263 1680 1314 adpellavisse.

117 1307 228 1358 quod
259 1321 350 1348 cum
380 1309 468 1350 fieri
497 1324 578 1351 non
609 1314 787 1362 potuerit
822 1315 899 1355 nisi
930 1315 1075 1356 Cleone
1104 1319 1330 1368 superstite,
1363 1319 1412 1358 ad
1441 1319 1680 1360 Centaurum

62 1404 67 1406 ,
117 1364 217 1405 haec
245 1366 465 1418 pertinent.
498 1369 549 1408 cf.
581 1370 804 1412 Meinekius
834 1372 919 1412 IIII
949 1374 1044 1413 632.

0 1467 27 1532 5
870 1484 954 1527 293

0 1537 19 1611 ἐξ
326 1536 528 1593 κιχόρεια
885 1545 888 1547 ’

234 1617 449 1675 (κιχορία)·
482 1619 524 1661 τὸ
554 1619 695 1676 ἄγριον
723 1619 907 1675 λάχανον.
937 1620 1222 1678 Ἀριστοφάνης
1255 1621 1471 1678 Δράμασιν.
1511 1627 1678 1667 Bekker.

3 1722 6 1723 ⁷
116 1675 272 1721 Anecd.
307 1679 401 1729 105,
436 1681 504 1718 21.
531 1680 581 1724 cf.
613 1681 793 1721 Photius.
824 1676 998 1734 κιχόρεια
1021 1681 1190 1735 (κιχορία
1209 1683 1310 1734 pr.)’
1341 1680 1384 1726 τὸ
1405 1680 1545 1736 ἄγριον
1563 1682 1677 1735 λάχα·

0 1735 22 1779 3„
116 1746 205 1774 νον.
233 1731 539 1788 Ἀριστοφάνης.
570 1739 619 1778 cf.
653 1739 791 1781 Horat.
825 1738 953 1779 Carm.
988 1741 1023 1792 1,
1046 1741 1114 1792 31,
1140 1741 1203 1780 16.
1236 1740 1451 1780 Schneider
1479 1742 1520 1780 in
1549 1742 1677 1781 indice

116 1791 317 1845 Theophr.
349 1793 407 1849 (V
437 1793 552 1849 414).

683 1891 875 1943 EIPHNH
902 1910 1126 1943 AETTEPA

222 1989 471 2041 ,Argumenh
503 1991 617 2031 Pacis
646 1991 708 2030 ΠΙ
738 1987 898 2043 φέρεται
928 1990 1000 2043 (sic
1020 1989 1074 2042 R)
1106 1987 1158 2029 ἐν
1187 1993 1293 2037 ταῖς
1323 1987 1675 2038 διδασκαλίαις

114 2042 185 2085 καὶ
215 2043 355 2100 ἕτέραν
384 2044 501 2102 (haec
521 2049 599 2088 duo
619 2049 741 2089 verba
762 2049 906 2088 desunt
928 2049 972 2087 in
986 2044 1078 2102 RV)
1098 2045 1314 2099 ὃεδιδαχώς
1334 2046 1516 2100 Εἰρήνην
1535 2044 1675 2100 ὁμοίως

111 2097 419 2156 Ἀριστοφάνης.
449 2103 603 2157 ἄδηλον
631 2099 722 2155 οὖν,
754 2103 879 2160 φησὶν
895 2101 1208 2157 Ἐρατοσθένης,
1239 2102 1451 2171 πότερον
1480 2103 1565 2156 τὴν
1592 2101 1676 2173 αὖ·

114 2155 203 2213 τὴν
230 2157 541 2212 άνεδίδαξεν
570 2159 598 2214 ἢ
626 2160 778 2214 ἄλλην
815 2159 1062 2215 καθῆκεν,
1100 2159 1187 2213 ἥτις
1218 2158 1265 2201 οὐ
1295 2161 1466 2216 σῳζεται.
1517 2163 1674 2214 Κρατης

110 2215 247 2270 μέντοι
276 2215 352 2259 δύο
381 2214 466 2260 οἶδε
496 2218 675 2273 δράματα
704 2218 873 2273 γράφων
902 2217 1053 2267 οὕτως·
1084 2215 1171 2258 ἀλλ’
1202 2208 1276 2258 οὖν
1304 2233 1347 2272 γε
1369 2217 1415 2285 ἐν
1432 2221 1510 2266 τοῖς
1537 2213 1674 2287 ᾉχαρ-

114 2280 258 2316 νεῦσιν
285 2273 316 2329 ἢ
345 2277 618 2330 Βαβυλωνίοις
648 2274 675 2329 ἢ
705 2275 749 2316 ἐν
778 2282 825 2329 τῆ
856 2274 967 2332 ἑτέρα
994 2275 1162 2331 Εἰρήνῃ.
1193 2274 1262 2315 καὶ
1290 2275 1494 2344 σῖτοραδην
1522 2275 1566 2314 δε
1586 2289 1672 2314 τινα

114 2331 315 2386 ποιήματα
345 2334 630 2388 παρατίθὲται,
661 2331 763 2387 ἅπερ
814 2350 838 2374 ν
867 2335 914 2389 τῇ
945 2339 1024 2374 νῦν
1052 2331 1248 2388 φερομένῃ
1277 2346 1350 2372 ουκ
1381 2331 1496 2371 ἐστιν.
1535 2333 1674 2397 Erato-

114 2391 277 2433 sthenes
295 2393 436 2445 igitur
466 2394 632 2432 alteram
663 2392 806 2432 Pacem
835 2405 916 2432 non
946 2392 1066 2432 vidit:
1100 2391 1236 2430 Crates
1265 2392 1394 2429 utram
1423 2389 1586 2428 alteram
1610 2389 1673 2453 ,ἀι-

113 2449 221 2489 xerit
254 2463 338 2490 non
375 2452 544 2490 constat.
595 2449 824 2489 Dindorfius
862 2447 1008 2501 (Arist.
1039 2449 1088 2487 fr.
1123 2449 1187 2486 12.
1219 2444 1289 2500 13)
1326 2447 1475 2486 nullam
1512 2458 1673 2485 ommno

99 2506 284 2547 alteram
322 2508 464 2547 Pacem
503 2507 627 2547 fuisse
658 2509 810 2555 censet,
849 2506 1086 2545 Fritzschius
1125 2504 1295 2556 (Daetal.
1330 2504 1407 2542 131
1439 2515 1476 2542 n.
1510 2504 1574 2543 71.
1623 2502 1674 2541 cf.

113 2562 263 2616 Bergk.
301 2566 350 2605 R.
390 2577 421 2604 c.
462 2564 548 2604 Att.
590 2563 688 2615 323)
727 2564 936 2615 Agricolas
974 2562 1138 2601 alteram
1177 2561 1288 2599 Pacis
1325 2573 1409 2599 esse
1446 2559 1672 2624 editionem,

112 2620 349 2673 Droysenus
381 2622 638 2673 superstitem
669 2621 854 2669 alteram,
887 2632 985 2670 quae
1016 2618 1135 2669 periit
1162 2618 1348 2668 priorem,
1380 2616 1584 2681 ‘Berglnus
1614 2614 1673 2674 (ΙΙ

114 2677 246 2731 1066)
276 2680 478 2732 integram
508 2679 693 2730 priorem,
725 2691 826 2729 quae
857 2677 977 2727 periit
1006 2676 1169 2715 alteram
1199 2687 1295 2713 esse.
1335 2673 1434 2712 mlhl
1462 2685 1552 2712 cum
1578 2672 1672 2738 yel-

112 2747 210 2776 seno
241 2733 408 2790 (Annal.
440 2749 579 2789 gymn.
609 2736 742 2776 Berol.
773 2734 868 2774 XIX
899 2731 998 2786 751)
1039 2733 1193 2772 constat
1230 2731 1327 2770 duas
1365 2729 1487 2769 fuisse
1517 2729 1671 2794 Austo-

111 2791 255 2843 phanis
284 2794 420 2844 Faces,
466 2796 675 2845 utramque
715 2794 864 2844 actam,
909 2803 953 2830 ac
990 2790 1163 2840 priorem
1190 2787 1363 2852 ‘quidem
1400 2798 1518 2838 quam
1557 2786 1673 2825 hodie

98 2850 307 2902 legimus,
341 2864 465 2902 eaque
485 2864 575 2891 eum
596 2850 813 2891 secundum
841 2848 1060 2899 praemium
1083 2845 1237 2893 tulent,
1268 2845 1434 2884 alteram
1454 2856 1534 2883 non
1554 2842 1671 2882 modo

112 2919 199 2948 esse
230 2909 463 2959 repetitam,
495 2909 564 2948 sed
595 2908 716 2947 etiam
744 2907 1011 2946 retractatam.
1337 2966 1404 3001 30.
