1872 3224
557 186 855 223 ΣΤΡΑΤΙΩΤΑΙ
891 189 1221 225 ΦοΡΜοΦοΡοΙ
1591 193 1676 236 243

854 291 910 334 62

477 367 579 427 τῇδ’
614 369 778 422 ἐξιόντι
810 366 1019 429 δεξιᾷ,ω
981 374 1298 429 ωλυχνίδιον.

155 490 158 492 .
206 453 440 495 Athenaeus
477 454 540 502 15,
576 455 694 494 70οᾶ
713 451 941 522 ἽΙΞρμιππος
973 449 1065 495 δ’ὁ
1097 456 1393 524 κωμῳδιοποιὸς
1433 456 1477 498 ἐν
1502 454 1676 511 Ἰάμβοις

43 524 58 538 ι·
92 506 137 556 ρο
165 508 457 560 στρατιωτικὸν
485 513 672 563 λυχνεῖον
702 508 904 552 σύνθετον
945 511 1072 561 οὕτως
1109 510 1302 566 ὀνομάζει.
1367 515 1413 555 ἐν
1443 513 1487 555 δὲ
1518 516 1676 569 Φορμο-

81 566 235 623 ,φόροις
266 563 457 641 Bffln·
491 566 581 639 τῇδ’
615 572 695 610 κτλ.
728 566 819 625 τῇδ’
854 567 1017 624 ἐξιόντι]
1059 577 1109 627 τῇ
1139 567 1330 624 δεξιότητι
1359 574 1404 614 Ρ.
1436 574 1559 614 Dobr.
1590 574 1672 614 Ad—

31 633 50 650 ³
78 639 196 669 vm.
225 626 269 666 H
299 628 381 667 352
413 625 454 666 τί
480 624 521 666 δ’
555 621 661 679 εἶχεν
691 625 735 666 ἐν
765 628 812 682 τῇ
842 627 972 683 δεξιᾶ;
1013 630 1059 669 Β.
1093 629 1309 681 λυχνίδιον.
1352 632 1444 671 ‘nisi
1475 633 1608 682 potius
1639 645 1676 670 τι

30 684 34 694 ²
83 676 224 734 ’δεξιὸν
254 684 425 725 delenda
453 688 549 725 sunt
578 688 620 725 et
649 685 866 737 legendum
881 687 943 743 τῇ
974 686 1086 742 δεξιά
1116 687 1351 739 λυχνίδιον)
1381 689 1602 729 Meinekius
1633 690 1676 729 in

315 738 418 839 τῇδ’
451 738 594 792 ἐξιόντ’
629 739 694 782 ἐπὶ
724 739 825 792 δεξί’
866 743 897 783 ὥ
936 746 969 783 λ.
1004 727 1076 799 (sc.
1108 741 1182 798 όῖγε
1219 743 1308 798 με),
1347 747 1388 785 in
1426 747 1543 786 Anal.
1579 747 1673 786 Ath.

356 795 482 849 ξιόντι
512 799 658 851 δεῖξον,
691 801 721 840 ὠ
754 802 785 840 λ.
819 798 992 854 (ostende
1021 803 1119 843 ‘mihi
1118 802 1287 862 viam).

5 820 7 822 ·
78 741 176 840 '344
186 755 301 855 τῇδ’

852 914 907 957 63

207 993 367 1037 ἔσπετε
397 996 488 1036 νῦν
517 1009 591 1048 μοι
624 995 812 1037 Μοῦσαι
838 991 1059 1051 Ὀλύμπια
1090 993 1256 1050 δώματ’
1290 996 1489 1050 ἔχουσαι,

209 1060 254 1114 ἐξ
286 1058 345 1107 οὗ
375 1065 627 1118 ναυκληρεῖ
655 1062 887 1114 Διόνυσος
918 1061 990 1107 ἐπ’
1024 1067 1187 1107 οἴνοπα
1219 1064 1404 1116 πόντον,

0 1181 7 1196 ξ
207 1128 310 1174 ὅσσ’
343 1127 484 1188 ἀγάθ’
517 1129 783 1187 ἀνθρώποις
814 1129 944 1187 δεῦρ’
976 1130 1116 1188 ἤγαγε
1147 1131 1222 1189 νηὶ
1250 1134 1455 1190 μελαίνῃ.

0 1201 9 1259 ξ
208 1199 260 1244 ἐκ
289 1199 376 1258 μὲν
405 1199 623 1258 Κυρήνης
653 1199 828 1244 καυλὸν
859 1200 935 1244 καὶ
965 1200 1107 1258 δέρμα
1137 1201 1312 1257 βόειον·

0 1262 6 1287 ”
155 1277 176 1310 5
210 1268 263 1313 ἐκ
293 1268 342 1312 δ’
366 1268 707 1326 Ἑλλησπόντου
739 1270 998 1326 σκόμβρους
1029 1269 1104 1313 καὶ
1135 1268 1283 1313 πάντα
1313 1272 1493 1326 ταρίχη·

208 1337 260 1382 ἐκ
290 1336 335 1382 δ’
369 1332 430 1382 αὖ
454 1337 643 1390 Ἰταλίας
671 1339 869 1395 χόνδρον
900 1337 977 1382 καὶ
1007 1337 1183 1394 πλευρὰ
1211 1340 1362 1394 βόεια·

207 1408 284 1451 καὶ
315 1406 439 1465 παρὰ
469 1409 703 1452 Σιτάλκου
735 1408 897 1464 ψώραν
928 1408 1331 1463 Λακεδαιμονίοισι

207 1475 284 1520 καὶ
314 1475 439 1534 παρὰ
470 1478 735 1534 Περδίκκου
767 1477 913 1534 ψεύδη
945 1476 1114 1521 ναυσὶν
1145 1477 1267 1520 πάνυ
1299 1478 1501 1527 πολλαῖς.

207 1545 259 1590 αι’
285 1546 670 1603 δὲμΣυράκουσαι
701 1546 783 1597 σῦς
812 1545 888 1589 καὶ
919 1545 1060 1603 τυρὸν
1091 1546 1381 1602 παρέχουσιν.

133 1625 181 1657 ⁷10
211 1615 288 1658 καὶ
319 1617 638 1672 Κερκυραίους
670 1612 693 1658 ὁ
725 1615 967 1658 Ποσειδῶν
999 1614 1248 1667 ἐξολέσειεν

206 1683 375 1727 ναυσὶν
407 1683 482 1728 ἐπὶ
511 1687 784 1740 γλαφυραῖς,
819 1682 915 1740 ὁτιὴ
948 1685 1049 1740 δίχα
1078 1684 1233 1739 θυμὸν
1264 1685 1460 1739 ἔχουσιν.

205 1753 348 1796 ταῦτα
378 1753 464 1810 μὲν
496 1753 731 1796 ἐντεῦθεν.
767 1752 817 1796 ἐκ
850 1751 891 1795 δ’
924 1753 1166 1808 Αἰγύπτου
1196 1751 1251 1795 τά
1282 1749 1510 1806 κρεμαστοὶ

210 1822 330 1866 ἱστία
360 1821 436 1866 καὶ
465 1822 684 1878 βύβλους,
717 1819 807 1865 ἀπὸ
839 1819 882 1864 δ’
917 1814 975 1864 αὖ
1008 1823 1183 1877 Συρίας
1213 1818 1483 1876 λιβανωτόν.

206 1890 234 1949 ἡ
265 1892 316 1935 δὲ
347 1890 462 1948 καλὴ
495 1891 653 1947 Κρήτη
685 1890 968 1945 κυπάριττον
998 1897 1116 1933 τοῖσι
1144 1893 1341 1944 θεοῖσιν,

135 1969 177 2002 15
207 1957 235 2016 ἡ
266 1960 418 2016 Λιβύη
449 1957 493 2010 δ’
528 1958 754 2014 ἐλέφαντα
786 1957 935 2002 πολύν
966 1957 1150 2014 παρέχει
1181 1955 1294 2000 κατὰ
1324 1959 1514 2012 πρᾶσιν·

205 2026 232 2084 ἡ
258 2025 408 2079 Ῥόδος
437 2026 691 2082 ἀσταφίδας
720 2043 768 2070 τε
799 2027 875 2070 καὶ
907 2028 1094 2082 ἰσχάδας
1123 2025 1437 2082 ἡδυονείρους.

206 2093 353 2152 αὐτάρ
385 2092 465 2139 ἀπ’
499 2094 699 2151 Εὐβοίας
729 2094 893 2146 ἀπίους
925 2096 1000 2138 καὶ
1032 2098 1134 2150 ἴφια
1164 2096 1304 2151 μῆλα·

206 2163 457 2223 ἀνδράποδ’
493 2165 545 2208 ἐκ
577 2166 798 2221 Φρυγίας,
831 2161 919 2207 ἀπὸ
951 2163 997 2206 δ’
1024 2162 1262 2220 Ἀρκαδίας
1293 2161 1583 2218 ἐπικούρους.

208 2234 260 2278 αἱ
285 2233 499 2290 Παγασαὶ
529 2233 744 2284 δούλους
757 2232 833 2276 καὶ
864 2238 1125 2289 στιγματίας
1155 2231 1446 2287 παρέχουσιν.

133 2314 179 2347 20
209 2301 286 2354 τὰς
317 2303 366 2346 δὲ
396 2300 510 2354 Διὸς
537 2301 766 2358 βαλάνους
796 2299 870 2345 καὶ
900 2301 1140 2358 ἀμύγδαλα
1173 2299 1438 2355 σιγαλόεντα

207 2371 509 2429 Παφλαγόνες
539 2370 808 2427 παρέχουσι·
842 2369 896 2413 τά
925 2370 1010 2426 γάρ
1040 2364 1078 2412 τ’
1112 2367 1382 2423 ἀναθήματα
1415 2368 1577 2417 δαιτός.

209 2443 400 2499 Φοινίκη
432 2438 612 2496 καρπὸν
642 2442 852 2496 φοίνικος
882 2439 958 2482 καὶ
989 2439 1247 2495 σεμίδαλιν·

208 2507 464 2568 Καρχηδών
495 2508 690 2559 δάπιδας
720 2507 796 2552 καὶ
827 2509 1012 2551 ποικίλα
1043 2502 1401 2563 προσκεφάλαια.

206 2594 440 2635 Athenaeus
473 2596 509 2643 1,
544 2595 596 2632 27
608 2594 664 2632 de
696 2589 742 2630 τὰ
775 2589 815 2640 ἐξ
847 2589 1014 2641 ἑκάστης
1050 2587 1201 2636 πόλεως
1241 2586 1434 2639 ἰδιώματα
1465 2585 1569 2627 οὕτω
1600 2602 1672 2626 κα-

92 2649 244 2705 ταλέγει
275 2684 284 2693 .
307 2685 315 2693 .
369 2644 599 2703 Έρμιππὸς
630 2651 711 2689 κτλ.
754 2663 801 2689 ex
838 2649 1021 2689 versibus
1059 2659 1202 2687 novem
1241 2646 1441 2696 prioribus
1478 2645 1671 2696 quaedam

91 2710 291 2760 excerpsit
321 2709 506 2748 Eustath.
543 2710 638 2757 261,
672 2709 710 2746 6.
770 2721 807 2747 v
820 2708 898 2746 1.0
926 2709 973 2744 11
1007 2703 1341 2749 Eustath.1582‚
1370 2704 1439 2741 19.
1495 2716 1532 2744 v
1557 2703 1622 2742 20.
1650 2703 1667 2740 1

91 2766 198 2806 idem
222 2766 346 2817 1404,
367 2767 406 2807 4.
437 2762 649 2817 ἀμύγδαλα
669 2762 900 2830 σιγαλόεντα
921 2763 1026 2802 idem
1051 2763 1172 2809 1280,
1196 2761 1263 2800 49.
1317 2759 1546 2810 Hesychius
1578 2751 1672 2805 Διὸς

91 2821 273 2875 βάλανοι.
336 2820 566 2891 Ἕρμιππος
612 2822 650 2860 Φ
668 2835 689 2860 ο
704 2837 726 2873 ρ
743 2837 772 2873 μ
788 2835 809 2860 ο
826 2835 857 2871 φ
875 2815 896 2859 ό
913 2835 934 2872 ρ
952 2833 972 2858 ο
990 2833 1004 2856 ι
1019 2829 1058 2866 ς·
1094 2815 1160 2863 τὰς
1209 2814 1306 2864 Διὸς
1346 2818 1428 2856 κτλ.
1502 2817 1670 2855 Bekker.

91 2881 344 2930 Anecd.82‚
379 2882 429 2920 19
461 2874 692 2932 ἀμύγδαλα·
714 2876 943 2932 Έρμιππος
973 2872 1262 2928 Φορμοφόροις.
1353 2875 1391 2913 3.
1421 2869 1670 2925 ἀνθρώποις]

1330 2941 1400 2974 16*
