1872 3224
189 164 277 207 552
777 161 891 195 ΑΡῙΣ
894 159 1168 194 ΓοΦΑΝοΤΣ

191 264 316 308 θύειν
352 282 399 320 με
431 270 523 307 ante
563 266 758 306 Cobetum
798 266 945 304 Mnem.
977 265 1014 304 X
1045 266 1097 303 79
1129 263 1302 304 Meinek.
1332 263 1374 302 ΙΙ
1402 263 1458 304 40
1494 263 1536 303 et
1563 256 1766 315 Dmdorfi]

199 324 347 378 θύτην.
395 326 447 365 cf.
480 324 631 364 Cratin.
658 324 726 362 43.
758 322 933 373 Hesych.
965 319 1018 373 βὴ
1051 318 1173 373 λέγει·
1206 321 1412 372 βληχᾶται.

946 432 1031 475 643

308 529 507 569 Aristides
538 530 557 568 I
588 530 655 577 87,
682 530 732 568 19
765 526 889 579 φησὶν
914 523 1205 579 Ἀριστοφάνης
1235 523 1351 579 περὶ
1381 523 1637 578 Αἰσχύλου
1668 522 1772 565 σκό-

193 602 279 627 τον
310 581 446 626 εἶναι
477 583 806 637 τεθνηκότος.
854 590 917 625 est
946 586 1129 625 trimeter
1158 581 1298 631 σκότος
1327 581 1404 637 γάρ
1434 581 1540 623 ἐστιν
1569 580 1774 636 Αἰσχύλου

196 642 449 694 τεθνηκότος.
480 645 530 683 ad
563 643 804 695 Gerytadem
834 643 959 682 refert
987 642 1235 683 Dindorfius.
1267 642 1317 682 cf.
1347 643 1446 682 Rau.
1477 642 1630 694 8682q.

402 858 641 913 φωνάριον
673 853 793 912 εἶχεν
824 854 992 913 ᾠδικόν
1022 854 1098 898 καὶ
1129 855 1395 912 καμπτικόν.

309 953 453 992 Pollux
492 953 540 997 4,
581 952 634 991 64
667 947 956 1003 Ἀριστοφάνης
995 948 1040 990 δὲ
1077 949 1254 1006 μελῳδός
1295 948 1363 990 καὶ
1402 949 1606 1022 προσῳδός
1643 949 1779 1021 ειρηκε

199 1009 268 1049 καὶ
298 1008 551 1059 λεπτόφωνος
582 1007 649 1047 καὶ
678 1007 922 1061 βαρύφωνος
953 1006 1022 1048 καὶ
1051 1007 1261 1062 φωνάριον
1297 1011 1379 1047 κτλ.
1421 1006 1489 1048 καὶ
1525 1003 1778 1064 ᾀσματοκάμ·

201 1081 305 1115 πτας
329 1067 449 1119 (Nub.
473 1062 591 1116 333).
625 1067 789 1116 adparet
819 1067 942 1105 etiam
972 1067 1148 1106 medium
1169 1079 1330 1107 versum
1361 1049 1649 1117 Aristophanis
1678 1079 1777 1108 esse.

201 1119 309 1175 εἶχεν
340 1125 429 1163 add.
460 1123 509 1162 K.
540 1124 615 1173 Eq.
652 1125 745 1163 137.
779 1123 900 1174 Vesp.
932 1125 999 1162 36.
1026 1124 1150 1163 1034.
1183 1124 1274 1164 Pac.
1298 1124 1394 1163 757.
1425 1124 1522 1175 Lys.
1544 1124 1641 1164 361.
1674 1123 1779 1163 Phe-

203 1195 303 1222 recr.
339 1183 431 1221 113.
464 1179 568 1220 Plat.
604 1181 698 1220 188.
731 1180 889 1235 Alexid.
921 1181 989 1230 27,
1022 1182 1061 1220 8.

952 1314 1039 1358 645

408 1395 450 1437 εἰ
477 1392 536 1449 μὴ
570 1394 850 1450 Προμηθεύς
880 1395 989 1450 εἰμί·
1020 1392 1165 1437 τᾶλλα
1195 1393 1436 1450 ψεύδομαι.

318 1490 453 1530 schor
483 1489 645 1528 Bachm.
676 1489 875 1540 Lycophr.
907 1504 945 1541 p.
968 1490 1064 1530 347.
1096 1475 1357 1531 Prometheus
1387 1491 1587 1542 10quitur=
1620 1487 1781 1544 conspe-

204 1544 333 1601 ream)
364 1549 409 1586 ni
438 1547 693 1587 Prometheus
721 1547 827 1586 sum'
860 1544 928 1599 (de
959 1560 1036 1598 quo
1069 1548 1172 1587 alter
1192 1546 1484 1602 dubitaverat):
1517 1549 1657 1591 ‘cetera
1685 1561 1785 1600 quae

204 1606 287 1645 dixi
315 1605 520 1646 mendacia
549 1616 628 1644 esse
657 1604 847 1644 concedo?

955 1737 1040 1780 646

759 1813 882 1873 οἶμαι
911 1815 1000 1873 γάρ
1031 1814 1175 1861 αὐτὸν
1205 1816 1397 1863 κόλλοπι

415 1901 625 1928 εοικεναι.

324 1970 501 2021 Etymol.
534 1983 586 2007 m.
621 1970 725 2019 526,
767 1970 823 2010 20
859 1972 901 2009 et
938 1968 1069 2009 Crem.
1103 1971 1254 2010 Anecd.
1286 1971 1377 2010 Par.
1407 1971 1491 2011 ΠΙΙ
1530 1973 1604 2020 75,
1635 1973 1662 2011 4
1699 1966 1786 2010 κόλ-

211 2029 349 2073 λοπες·
385 2057 393 2064 .
497 2023 646 2078 ἐλέγετο
675 2022 720 2064 δὲ
750 2024 818 2065 καὶ
848 2024 890 2064 τὸ
921 2030 1108 2066 νωτιαῐον
1135 2024 1273 2080 δέρμα,
1295 2025 1363 2068 διὰ
1393 2026 1438 2067 τὸ
1467 2026 1542 2080 τὴν
1570 2024 1717 2068 κόλλαν
1746 2025 1788 2077 ἐξ

210 2080 335 2122 αὐτοῦ
365 2082 569 2151 γίνεσθαιέ
618 2080 719 2122 οθεν
745 2080 1034 2136 Ἀριστοφάνης
1066 2099 1153 2135 την
1181 2083 1493 2138 σκληρότητα
1524 2083 1787 2138 Αἰσχύλου

212 2136 554 2235 ἐνδεικνύῖμενος
554 2137 631 2190 ἔφη
667 2142 748 2180 κτλ.
798 2153 878 2180 uno
917 2142 1100 2182 trimetro
1141 2142 1314 2183 scribere
1351 2144 1481 2194 possis
1512 2139 1683 2183 ἐοικέναι
1711 2140 1787 2196 γὰρ

212 2210 339 2237 αυτον
369 2211 478 2249 ομαι
507 2194 682 2237 κόλλοπι

963 2308 1045 2351 647

775 2384 891 2431 άλλά
920 2386 972 2431 τὸ
1001 2390 1225 2445 στρόφιον
1255 2389 1402 2434 λυθὲν

419 2454 474 2499 τὰ
504 2455 653 2513 κάρυά
682 2454 998 2511 μούξέπιπτεν.

331 2552 474 2592 Pollux
505 2553 543 2602 7,
567 2553 620 2591 67
651 2549 694 2590 τὸ
723 2554 956 2604 γυναικεῖον
984 2550 1128 2600 ζώνιον
1159 2581 1168 2591 .
1191 2584 1200 2593 .
1225 2582 1234 2591 .
1266 2550 1456 2606 στρόφιον
1484 2548 1702 2604 ὠνόμαζον,
1732 2547 1788 2601 ὥς

214 2606 502 2660 Ἀριστοφάνης
524 2606 685 2649 κτλ.τά
705 2608 849 2662 κάρυα,
879 2622 1074 2651 mammas
1093 2610 1203 2653 dicit.
1235 2611 1411 2655 ceterum
1429 2610 1503 2650 hoe
1521 2622 1647 2662 genus
1675 2622 1787 2650 accu-

220 2667 441 2706 sativorum
480 2666 757 2706 absolutorum
794 2667 922 2706 multo
959 2667 1088 2706 rarius
1125 2670 1188 2708 est
1223 2668 1379 2707 ceteris.
1417 2666 1518 2706 th.
1554 2667 1661 2707 1182
1699 2679 1789 2718 pro-

222 2723 428 2774 scripsitl
411 2723 647 2762 Meinekius.
680 2724 761 2775 Sop
762 2724 802 2763 h.
825 2722 905 2764 OC.
930 2725 1039 2764 1119
1061 2720 1168 2762 τέκν’
1191 2722 1228 2763 εἰ
1245 2718 1411 2774 φανέντ’
1442 2720 1592 2763 ἄελπτα
1620 2722 1787 2775 μηκύνω

221 2778 351 2832 λόγον.
383 2779 486 2818 Plat.
516 2779 612 2830 Leg.
642 2783 680 2830 8,
711 2781 825 2820 8840
856 2772 927 2819 ἐὰν
964 2777 1028 2829 δέ,
1067 2777 1110 2819 ἐκ
1146 2777 1244 2828 Διὸς
1280 2777 1433 2830 ’ἱξδατα
1446 2778 1683 2832 γιγνόμενα,
1721 2778 1790 2819 τὸν

223 2834 358 2877 ἐπάνω
387 2841 637 2890 γεωργοῦντα
670 2835 932 2893 ..βλάπτῃ
960 2850 1031 2885 τις.
1139 2862 1142 2864 v
