1872 3224
229 191 282 233 86
353 207 356 211 -
874 181 1122 217 ΚΡΑΤΙΝΟΤ

957 317 1041 359 239
1113 348 1116 350 .
1777 360 1782 367 ς
1838 366 1840 370 ¹

228 401 399 447 ἁπαλὸν
429 402 477 444 δὲ
508 402 777 457 σισύμβριον
806 397 834 455 ἢ
865 397 1004 454 ῥόδον
1033 391 1062 452 ἢ
1093 397 1256 451 κρίνον
1287 389 1396 448 παρ’
1427 386 1511 444 οὖς
1542 391 1734 444 ἐθάκει-’ᾗ
1838 407 1840 409 ·

227 469 334 527 μετὰ
365 471 487 526 χερσὶ
517 469 565 512 δὲ
595 471 739 525 μῆλον
771 468 884 522 ἔχων
914 463 1120 508 σκίπωνα
1150 461 1191 505 τ’
1224 461 1459 519 ἠγόραζον.

337 554 561 593 Athenaeus
594 553 664 601 12,
697 552 809 591 553e
846 547 913 589 καὶ
951 542 1018 587 τὸν
1054 545 1118 587 ἐπὶ
1155 543 1470 598 Θεμιστοκλέους
1510 543 1555 585 δὲ
1584 543 1677 599 βίον
1709 538 1786 603 fil*

225 609 421 662 λεκλείδης
454 641 462 649 .
485 640 492 647 .
517 640 524 648 .
557 605 684 661 ἁβρὸν
712 607 809 647 ὄντα
838 605 1098 659 παραδίδωσι.
1130 606 1326 657 Κρατῖνος
1359 600 1401 642 δὲ
1431 601 1476 642 ἐν
1505 595 1786 657 Χείρωσιτῇν

227 665 381 720 τρυφὴν
411 665 635 718 ἐμφανίζων
665 663 738 717 τὴν
767 664 846 703 τῶν
874 660 1119 714 παλαιτέρων
1149 661 1274 713 φησίν
1303 657 1461 700 ἁπαλὸν
1489 662 1573 702 κτλ.
1605 655 1640 713 ἤ
1659 657 1785 719 ᾆῦΜ

228 726 273 765 Gr.
304 725 440 763 Herm.
472 724 596 762 Elem.
620 723 657 765 d.
678 737 731 761 m.
754 719 856 775 593]
878 719 1009 773 ῥόδον.
1030 721 1234 760 Porsonus
1257 718 1484 771 (Aristoph.
1509 718 1630 772 Vesp.
1654 709 1799 785 1532)

229 780 349 834 ῥόδον
379 782 494 820 delet.
541 782 578 819 2.
611 777 704 829 μετὰ
728 777 920 831 Meinek.]
952 775 1070 829 παρὰ.
1103 774 1264 823 ἕκαστος
1295 778 1388 827 post
1417 777 1544 828 μῆλον
1572 775 1664 816 add.
1687 774 1785 821 Meg*

226 839 316 878 nek.
347 830 555 891 ἠγόραζον]
585 830 772 889 ἠγόραζεν
802 836 848 876 G.
871 836 1009 874 Herm.
1041 834 1309 874 memorabilis
1340 835 1451 874 locus
1482 836 1544 874 est
1562 833 1702 886 Etym.
1726 846 1785 878 m.

228 896 373 934 Milleri
404 892 623 948 (Melanges
655 891 754 944 266)
793 888 1047 944 σισύμβριον·
1088 890 1161 942 ἔχω
1192 888 1299 943 παρά
1333 887 1375 930 τὸ
1407 884 1500 942 οὖς,
1538 890 1610 942 qui
1647 903 1784 943 quam·
1862 917 1872 951 ς.

229 965 345 1003 quam
381 952 599 991 Meinekius
638 951 836 990 dubitavit
876 948 1030 1003 (Herm.
1063 949 1124 988 III
1154 946 1258 1000 455)
1296 948 1511 989 manifesto
1544 948 1705 1000 ,adhoc
1734 946 1785 998 fr.
1867 957 1872 985 τ

227 1011 408 1103 pertudit.
423 1065 558 1104 eodem
598 1066 750 1104 cantico
788 1066 881 1103 haee
919 1066 1102 1114 excerpta
1141 1063 1327 1103 videntur
1365 1065 1486 1114 atque
1516 1063 1567 1103 fr.
1599 1063 1695 1104 238.
1736 1062 1786 1104 de

229 1123 424 1161 sententia
454 1122 502 1163 of.
533 1122 738 1172 Arist-oph.
769 1122 872 1162 Nub.
899 1122 1004 1161 1006
1017 1134 1091 1171 sq„
1124 1121 1170 1160 de
1201 1133 1292 1160 rosa
1323 1133 1413 1160 cum
1444 1120 1542 1162 liliis
1573 1120 1788 1162 coniuncta

227 1179 323 1217 ibid.
356 1179 450 1218 910.
477 1181 524 1216 11
558 1181 597 1218 et
628 1192 743 1229 quem
774 1179 993 1218 Meinekius
1023 1179 1162 1217 attulit
1193 1178 1340 1217 Herod.
1373 1179 1410 1227 2,
1445 1178 1513 1217 95.
1565 1177 1688 1219 fuisse
1717 1177 1787 1229 qui
1868 1203 1872 1212 ·

229 1234 462 1287 σισύμβριον
500 1236 549 1274 ab
579 1233 679 1286 ἔχων
717 1236 1002 1286 suspenderent
1040 1236 1187 1274 Milleri
1217 1235 1353 1287 Etym.
1387 1235 1516 1275 docet.
1547 1235 1645 1275 mihi
1675 1230 1788 1289 (cum

228 1293 399 1343 Bergkio
429 1292 476 1330 R.
509 1305 539 1331 o.
562 1293 648 1332 Att.
671 1293 769 1342 235)
804 1288 1036 1344 σισύμβριον
1066 1293 1292 1332 subiectum
1322 1292 1482 1333 videtur
1511 1305 1597 1333 esse
1627 1306 1666 1333 v,
1688 1288 1784 1332 ἐθά-

228 1363 298 1387 κει.
329 1362 565 1399 quamquam
586 1350 809 1400 exemplum
830 1363 990 1400 prorsus
1022 1350 1151 1389 simile
1181 1350 1335 1390 adferre
1366 1363 1447 1389 non
1477 1362 1662 1401 possum:
1693 1361 1789 1390 nam

229 1419 353 1455 neque
382 1406 499 1444 Hom.
530 1406 578 1444 11.
612 1408 649 1455 8,
685 1407 748 1455 14,
779 1420 905 1457 neque
935 1406 1084 1447 Herod.
1118 1410 1155 1456 9,
1179 1409 1246 1456 57,
1278 1420 1406 1458 neque
1437 1420 1534 1447 vero
1563 1406 1705 1459 Eurip.
1734 1406 1787 1459 fr.

233 1464 351 1511 1068,
386 1463 434 1500 14
465 1463 517 1501 N.
552 1460 639 1515 (ubi
669 1465 842 1503 καλεῖται
870 1477 941 1515 pro
971 1460 1146 1515 κάθηται
1178 1464 1380 1504 Nauckius
1410 1464 1557 1504 Philol.
1580 1463 1665 1504 ῙΠῙ
1685 1460 1789 1519 547)

232 1518 444 1558 sufficiunt.
476 1520 524 1558 de
554 1520 674 1559 verbo
704 1517 908 1573 ἀγοράζειν
938 1522 987 1561 cf.
1020 1522 1224 1572 Aristoph.
1254 1522 1331 1573 Eq.
1357 1523 1466 1562 1373
1498 1533 1588 1562 cum
1619 1521 1787 1573 interpr.

965 1654 1050 1697 240

345 1731 508 1782 Στάσις
538 1732 587 1774 δὲ
618 1732 692 1774 καὶ
721 1732 1026 1790 πρεσβυγενὴς
1057 1735 1234 1788 Κρόνος
1263 1733 1502 1791 ἀλλήλοισι
1531 1733 1712 1792 μιγέντε

344 1799 552 1853 μέγιστον
581 1802 781 1844 τίκτετον
811 1801 1062 1863 τύραννον,

346 1863 399 1909 ὃν
429 1866 482 1922 δή
517 1870 878 1925 κεφαληγερέταν
908 1872 1008 1914 θεοὶ
1039 1871 1294 1916 καλέουσιν.

343 1950 578 1991 Plutarchus
608 1952 745 1992 Pericl.
779 1955 803 1992 3
835 1949 934 1993 ὅθεν
963 1954 1008 1993 αἰ
1032 1952 1106 2006 μὲν
1135 1952 1285 2003 εἰκόνες
1315 1952 1440 1996 αὐτοῦ
1470 1955 1616 2009 σχεδὸν
1635 1954 1792 1997 ἅπασαι

233 2004 391 2056 κράνεσι
427 2005 681 2058 περιέχονται.
719 2015 799 2048 τῶν
836 2008 879 2049 δὲ
917 2017 1102 2063 κωμικῶν
1140 2009 1160 2051 ὁ
1198 2010 1274 2064 μὲν
1304 2015 1502 2066 Κρατῖνος
1540 2012 1586 2054 ἔν
1615 2014 1792 2068 Χείρωσι

235 2060 380 2108 Στάσις
410 2066 490 2101 κτλ.
521 2062 673 2116 Κρόνος
703 2064 747 2119 x]
771 2063 935 2119 Χρόνος.
969 2067 1188 2124 τύραννον]
1210 2070 1348 2109 τιτᾶνα
1367 2085 1405 2111 x.
1436 2084 1485 2112 ex
1506 2072 1644 2112 eodem
1667 2077 1790 2124 atque

235 2120 284 2157 fr.
304 2121 379 2157 241
399 2122 547 2160 cantico
568 2124 632 2161 vel
652 2124 762 2163 nullo
783 2126 844 2164 vel
862 2126 1003 2177 exiguo
1024 2128 1237 2168 intervallo
1254 2131 1501 2180 excerptum.
1526 2130 1576 2169 cf.
1595 2129 1790 2170 Sintenis.

235 2176 342 2214 Plut.
375 2176 462 2215 Per.
496 2191 646 2218 excurs.
680 2180 719 2218 Π
759 2183 852 2221 298.
891 2185 996 2222 reete
1027 2182 1247 2234 τύραννονε
1285 2189 1478 2237 perpetuo
1509 2187 1616 2226 enim
1645 2186 1793 2227 Pericli

236 2233 383 2271 inimici
414 2236 702 2283 exprobrabant
731 2242 1019 2290 τυραννεῖσθαι
1047 2241 1279 2294 περιφανῶς
1311 2239 1381 2296 (of.
1413 2244 1535 2283 etiam
1565 2243 1670 2284 Plut.
1704 2240 1792 2298 16).

237 2290 281 2326 ut
309 2289 487 2339 Iuppiter
526 2292 685 2332 Saturni
724 2296 914 2349 ‘ex-Rhea
950 2297 1056 2338 filius
1087 2311 1173 2338 esse
1213 2299 1470 2350 credebatur,
1509 2301 1566 2341 sio
1597 2300 1793 2342 Periclem

239 2345 405 2385 Saturno
437 2360 482 2385 ex
512 2349 715 2389 Discordia
744 2355 882 2392 natum
903 2355 1000 2393 dicit
1026 2358 1194 2406 propter
1223 2357 1482 2408 gravissimas
1503 2370 1592 2397 cum
1614 2357 1791 2407 Cimone,

239 2402 487 2452 Thucydide,
520 2407 746 2456 Myronide,
778 2410 968 2450 Leocrate
998 2413 1225 2453 inimicitias
1263 2410 1333 2468 (of.
1366 2414 1502 2466 Bergk
1539 2415 1586 2454 R.
1628 2428 1661 2455 0.
1700 2415 1791 2455 Att.

239 2454 348 2511 236).
389 2460 700 2515 κεφαληγερέταν
728 2466 891 2506 ridicule
921 2469 1050 2507 forma
1086 2472 1320 2520 praesertim
1359 2471 1494 2510 dorica
1534 2470 1698 2512 Homeri
1727 2484 1793 2512 νε·

238 2513 469 2570 φεληγερέτῃ
499 2520 720 2561 substituit.
752 2521 983 2575 καλέουσιν,
1015 2529 1060 2565 ut
1088 2527 1206 2568 Hom.
1237 2528 1285 2568 11.
1321 2530 1357 2577 1,
1389 2529 1486 2568 403.
1519 2527 1693 2578 Od.-12‚
1725 2531 1811 2570 61.

241 2571 401 2612 Hesiod.
433 2574 578 2626 Theog.
615 2580 692 2617 187
726 2579 899 2630 (Sinten.
932 2580 1045 2636 301).

965 2704 1045 2747 241

429 2773 575 2830 ’Ἠραν
604 2778 652 2819 τέ
679 2779 727 2821 οἱ
747 2778 989 2825 Ἀσπασίαν
1019 2787 1158 2828 τίκτει
1189 2787 1556 2844 Καταπυγοσύνη

442 2843 673 2900 παλλακὴν
704 2850 955 2892 κυνώπιδα.
