1872 3224
227 215 281 257 82
870 204 1121 239 KPATJNOT

228 321 393 358 fortasse
423 318 479 355 ita
507 311 845 363 interpretandus,
885 311 929 348 ut
966 308 1227 347 Athenienses
1265 305 1465 355 significet
1501 315 1648 354 magna
1676 301 1783 345 oab-

228 377 365 414 mitate
395 374 674 413 conflictantes.
705 367 911 417 Aristoph.
942 367 1039 404 Ran.
1073 366 1167 425 3617
1740 382 1742 384 v
1799 387 1806 391 ,

869 500 1054 534 ΧΕΙΡΩΝ
1062 500 1123 533 ΕΣ

337 591 383 629 In
423 589 615 628 Periclem
652 585 916 636 potissimum,
956 584 995 621 et
1025 595 1114 621 cum
1144 581 1177 620 is
1208 593 1403 630 nusquam
1434 580 1600 629 propter
1628 574 1784 638 belluQ

228 648 493 697 vituperetur,
533 648 624 683 ante
661 643 808 682 bellum
845 639 1178 690 Peloponnesium
1216 640 1397 676 exortum
1436 635 1598 675 videtur
1620 630 1783 694 ‘801'in

228 717 323 743 esse.
356 703 526 742 Cobetus
548 702 715 751 primam
745 699 845 737 hanc
876 697 1053 735 fabulam
1073 698 1165 746 post
1184 695 1462 744 recuperatam
1484 693 1584 733 artie
1605 687 1783 734 comi&
1808 734 1822 741 ,γ

227 761 449 799 libertatem
488 771 685 807 unamque
722 770 768 795 ex
805 753 1156 805 praestantissimis
1197 752 1350 791 Cratini
1388 763 1474 790 esse
1502 750 1654 790 iudicat
1681 748 1781 801 Oba·
1816 783 1832 799 .»·.

228 818 312 855 crit.
351 817 453 855 Plat.
487 815 678 853 22—25.
724 814 774 852 cf.
811 815 944 850 tamen
973 810 1092 849 etiam
1130 809 1299 848 Meinek.
1331 808 1367 846 V
1400 809 1466 847 22.
1512 806 1662 847 Chiron
1691 805 1831 848 cums*

228 874 423 912 Achillem
439 872 628 920 venando,
652 871 808 917 fidibus,
830 869 1024 919 palaestra
1045 867 1267 906 instituisse
1290 866 1501 914 diceretur,
1523 865 1638 916 quasi
1657 863 1779 916 quod·
1826 863 1832 922 Ἰ

229 931 317 968 dam
356 930 578 979 exemplum
615 927 802 978 sapientis
839 926 1047 976 gravisque
1084 923 1265 974 magistri
1306 923 1538 962 habebatur.
1585 921 1636 962 cf.
1675 921 1783 963 Plot.
1816 956 1819 957 γ

229 1000 324 1028 com.
358 988 449 1025 191.
481 986 711 1024 ferebantur
740 982 940 1031 Χείρωνος
971 978 1201 1032 ὑποθῆκαι,
1239 981 1407 1020 Hesiodi
1441 980 1604 1020 nomine
1642 979 1783 1020 inscri-

227 1046 336 1093 ptae,
377 1056 474 1093 opus
511 1041 829 1093 prudentissimis
868 1040 1082 1089 sapientiae
1117 1038 1428 1088 disciplinaeque
1465 1035 1688 1088 praeceptis
1723 1035 1786 1098 ¹¹¹7

229 1100 353 1150 signe.
386 1100 599 1138 Chironum
628 1099 753 1149 igitur
784 1098 944 1136 chorum
975 1098 1092 1146 poeta
1123 1096 1367 1145 composuit,
1409 1098 1455 1134 ut
1483 1093 1641 1134 civibus
1669 1105 1785 1145 prae—
1850 1106 1851 1110 ¹

229 1159 341 1206 cepta
384 1157 597 1195 liberorum
639 1157 745 1194 recte
782 1153 1073 1193 educandorum
1112 1155 1151 1191 et
1187 1153 1429 1202 reipublicae
1466 1151 1688 1202 prudenter
1717 1150 1786 1191 ad·

229 1213 510 1251 ministrandae
557 1213 679 1250 daret.
725 1211 867 1262 Bergk.
909 1210 956 1250 R.
988 1223 1020 1249 c.
1052 1209 1140 1249 Att.
1173 1210 1269 1249 224.
1316 1209 1504 1249 Solonem
1544 1220 1706 1260 quoque
1733 1207 1785 1248 ab

229 1270 364 1309 inferis
395 1269 578 1308 Cratinus
609 1269 816 1316 excitavit,
848 1270 893 1306 ut
912 1267 1111 1306 Pericleae
1142 1267 1327 1307 licentiae
1356 1268 1509 1318 priscae
1529 1266 1637 1308 vitae
1667 1265 1784 1306 disei-

228 1327 376 1377 plinam
407 1328 636 1376 opponeret.

954 1411 1037 1454 228

458 1493 564 1535 οἰκῶ
596 1491 645 1535 δὲ
675 1495 837 1548 νῆσον,
868 1490 928 1542 ὠς
956 1492 1039 1547 μὲν
1071 1490 1338 1548 ἀνθρώπων
1368 1491 1525 1547 λόγος,

458 1560 733 1616 ἐσπαρμένος
763 1558 873 1603 κατὰ
905 1562 1054 1605 πᾶσαν
1081 1565 1275 1612 Αἴαντος
1304 1560 1450 1605 πόλιν.

340 1655 534 1705 Diogenes
573 1656 704 1695 Laert.
738 1657 772 1704 1,
805 1657 856 1695 62
893 1651 1133 1706 ἀποκομίσαι
1170 1652 1295 1695 αὐτοῦ
1334 1653 1564 1710 (Σόλωνος)
1600 1652 1647 1695 τὰ
1684 1649 1786 1696 davd
1867 1672 1872 1686 ·

229 1711 283 1757 εἰς
322 1713 528 1762 Σαλαμῖνα
566 1709 632 1750 καὶ
670 1710 948 1764 τεφρώσαντας
986 1712 1041 1760 εἰς
1077 1711 1153 1777 τὴν
1187 1711 1323 1765 χώραν
1359 1716 1539 1765 σπεῖραι·
1577 1710 1682 1753 ὅθεν
1718 1709 1787 1753 καὶ

229 1769 423 1817 Κρατῖνος
455 1766 498 1807 ἐν
526 1771 606 1815 τοῖς
634 1768 809 1820 Χείρωσί
834 1780 962 1819 φησιν
990 1766 1115 1809 αὐτον
1144 1775 1271 1810 ποιῶν
1299 1767 1463 1823 λέγοντα
1493 1770 1592 1810 οἰκῶ
1626 1766 1673 1810 δὲ
1701 1770 1784 1825 κτλ.

230 1825 348 1864 Solon
378 1826 502 1875 igitur
530 1827 720 1876 loquitur.
753 1827 802 1865 cf.
834 1827 940 1867 Plut.
973 1827 1056 1867 Sol.
1090 1829 1156 1867 32.
1189 1826 1366 1874 Αἴαντος
1396 1826 1530 1879 πόλιν,
1561 1829 1588 1868 i.
1611 1841 1647 1868 e.
1669 1827 1785 1869 Sala-

227 1883 369 1921 minem
396 1884 577 1922 insulam.
610 1883 665 1922 ita
693 1883 810 1924 Hom.
840 1884 889 1926 Il.
923 1885 986 1933 14,
1011 1886 1093 1924 230
1124 1885 1315 1936 Λῆμνον,
1345 1883 1464 1925 πόλιν
1491 1884 1623 1925 θείοιο
1651 1881 1786 1925 Θόαν·-
1859 1925 1862 1927 ,

229 1951 305 1984 τος.
339 1939 468 1977 Strab.
508 1941 547 1987 8,
587 1941 680 1979 356.
726 1941 904 1990 exempla
942 1943 1142 1992 congessit
1181 1943 1380 1994 Bergkius
1417 1943 1466 1983 R..
1498 1956 1531 1983 c.
1572 1943 1661 1983 Att.
1701 1942 1799 1982 241³

229 1995 323 2033 Eur.
361 1995 433 2034 Ion
473 1997 563 2034 294.
601 1997 649 2035 fr.
683 1998 762 2036 659
793 1997 944 2037 Nauck.
983 1998 1104 2049 Soph.
1143 1999 1194 2039 fr.
1227 2001 1309 2039 374
1346 2000 1398 2040 N.
1437 2000 1556 2042 Pind.
1594 2000 1711 2040 Nem.
1744 1999 1783 2048 7,

231 2052 254 2089 9
288 2050 389 2103 (13).
420 2052 555 2091 Isthm.
585 2054 623 2101 4,
655 2054 708 2092 43
740 2050 831 2108 (60)
868 2055 992 2095 Arist.
1023 2055 1114 2095 Pac.
1148 2057 1243 2106 251,
1281 2069 1359 2107 quo
1397 2058 1573 2107 pertinet
1609 2055 1785 2109 Hesyuh.

229 2104 357 2153 πόλις·
389 2106 461 2158 τὴν
490 2109 694 2148 Σικελίαν·
727 2106 815 2149 ἀντὶ
851 2110 920 2150 τοῦ
949 2117 1087 2164 νῆσον.
1118 2114 1220 2153 addo
1251 2114 1398 2164 Eupol.
1433 2115 1528 2154 232.
1559 2114 1703 2166 Eurip.
1730 2114 1786 2154 fr.

232 2164 311 2203 730
339 2162 471 2202 ἅπασα
501 2164 805 2218 Πελοπόννησος
836 2165 998 2219 εὐτυχεῖ
1019 2168 1147 2216 πόλις.
1190 2171 1285 2221 Lys.
1319 2185 1382 2222 ap.
1421 2171 1618 2222 Harpocr.
1657 2171 1784 2211 Κεῖοι·

231 2219 270 2258 οἵ
286 2221 395 2259 Κεῖοι
413 2218 486 2271 μὲν
504 2219 614 2269 πόλις
636 2223 816 2273 τοσαύτη,
835 2228 876 2264 et
895 2227 1125 2276 psephisma
1145 2228 1247 2277 apud
1267 2227 1516 2269 Schol.Vict.
1538 2228 1588 2268 11.
1607 2229 1680 2278 14,
1701 2228 1787 2268 230

232 2274 366 2327 (Mein.
406 2278 538 2329 Steph.
576 2280 671 2331 Byz.
704 2281 802 2333 718)
842 2279 881 2328 ἐς
919 2276 992 2334 τὴν
1029 2281 1242 2335 Αἴγυπτον
1278 2283 1346 2324 καὶ
1376 2282 1544 2337 Λιβύην
1573 2278 1626 2324 τώ
1656 2279 1783 2325 adise.

231 2333 279 2371 cf.
312 2334 564 2375 Schoemann.
595 2340 806 2378 comment.
838 2339 925 2379 Ion.
956 2340 976 2378 I
1010 2341 1060 2379 13
1100 2343 1141 2380 et
1169 2354 1271 2391 quae
1302 2342 1580 2383 adnotavimus
1615 2342 1666 2383 ad
1694 2341 1785 2382 Ari-
1864 2370 1867 2373 -

232 2390 356 2440 stoph.
390 2392 463 2431 Av.
497 2394 588 2434 181.

951 2483 1036 2527 229

514 2558 612 2603 ὄνοι
643 2559 685 2602 δ’
717 2559 931 2618 ἀπωτέρω
962 2563 1187 2620 κάθηνται
1216 2568 1295 2621 τῆς
1325 2566 1479 2623 λύρας.

343 2638 468 2680 Schol.
499 2641 653 2682 Platon.
686 2645 766 2683 358
797 2646 926 2685 Bekk.
956 2650 1038 2685 τῶν
1067 2640 1143 2687 οὖν
1171 2643 1396 2696 παιζόντων
1435 2656 1559 2690 ταῦτα
1588 2643 1681 2699 τούς
1709 2646 1786 2703 μὲν

232 2698 422 2762 νικῶντας
451 2697 623 2748 βασιλεῖς
655 2696 843 2753 ε’κοῖλουν,
881 2700 947 2741 καὶ
976 2700 1002 2741 δ’
1040 2718 1076 2742 τι
1104 2700 1159 2743 ἂν
1196 2701 1371 2761 (ὁτιοῦν)
1402 2705 1673 2760 προσέτασσον
1700 2709 1784 2756 τοῖς

232 2751 360 2796 αλλοις
387 2749 610 2804 ὑπήκουον,
650 2755 740 2802 τοὺς
772 2754 808 2794 δ’
841 2755 1089 2810 ἡττωμένους
1125 2758 1258 2808 ὅνους.
1304 2765 1502 2816 Κρατῖνος
1532 2761 1578 2804 δὲ
1607 2763 1784 2818 Χείρωσι
1821 2779 1826 2784 ·

233 2806 435 2876 χαριέντως
472 2807 571 2861 ὁμοῦ
607 2811 866 2865 ἐγκαταμίξας
903 2814 971 2854 καὶ
1009 2815 1082 2868 τὴν
1117 2815 1209 2865 ὄνος
1247 2819 1374 2872 λύραν
1402 2821 1621 2873 παροιμίαν
1649 2819 1784 2871 ἔπλεξε

234 2876 302 2901 τον
329 2866 442 2916 λογον
470 2866 615 2915 οὕτως·
647 2867 701 2916 ὠς
732 2869 823 2918 ὄνος
853 2868 1040 2925 ἀπωτέρω
1069 2876 1150 2913 κτλ.
1196 2876 1433 2918 Eustathius
1466 2881 1590 2929 1601,
1618 2879 1673 2919 47
1709 2876 1785 2930 τὴν
