1838 3230
169 178 252 220 796
408 177 709 211 AHMHTPIOT
749 176 959 210 ΣΙΚΕΛΙΑ
994 177 1202 211 ΑΔΗΑΩΝ
1229 177 1498 213 ΔΡΑΜΑΤΩΝ

164 277 229 334 ἦν.
262 284 389 334 probo
410 283 497 330 hoc,
527 282 646 322 modo
677 282 876 322 scribatur
909 282 950 320 B.
984 278 1095 330 ξένος
1115 295 1160 334 γε
1191 280 1352 334 χαρίεις.
1391 283 1444 322 Λ.
1474 276 1644 337 ἦμέγας
1675 281 1745 325 καὶ

163 338 341 391 λαμπρὸς
363 333 429 390 ἦν.
462 341 572 379 iocus
601 340 754 390 petitur
783 353 830 379 ex
854 339 1182 379 adnominatione
1208 352 1353 380 vocum
1381 337 1503 388 ἄρτος
1526 341 1680 392 (panis)
1701 342 1746 383 et

158 395 312 445 ’Ἁρτος,
345 398 413 447 qui
445 397 523 435 fuit
546 396 832 447 Messapiorum
861 397 904 435 in
925 396 1092 448 Iapygia
1112 397 1290 449 regulus.
1335 397 1386 436 of.
1410 398 1590 450 Thucyd.
1612 395 1654 452 ⁷3
1676 399 1750 448 33,-

164 456 233 494 ubi
254 456 420 494 vocatur
433 452 590 505 ’Ἀρτας.
621 454 798 505 Hesyeh.
818 450 961 504 Ἀρτοὲς
985 487 993 496 .
1016 485 1025 494 .
1048 484 1058 494 .
1080 450 1202 506 μέγας
1226 452 1293 493 καὶ
1312 453 1506 507 λαμπρός.
1538 453 1742 496 Θουκυδί-

163 511 256 562 δης,
274 525 388 566 Χ(ςμιειο,
417 512 520 550 mira
551 513 612 551 est
643 511 890 562 Thucydidis
922 524 1013 551 eum
1043 512 1252 552 Demetrio
1283 513 1584 554 contaminatio.
1634 513 1744 554 idem

162 567 300 619 ἄρτος·
341 566 460 619 βόλος
499 582 558 615 τις
596 566 664 607 καὶ
693 564 714 606 ὁ
745 562 977 619 Ἀθηναίων
1015 565 1140 618 ξένος.
1195 569 1367 609 Bekker.
1399 570 1554 610 Anecd.
1586 570 1686 622 448,
1717 572 1742 611 9

155 625 314 678 ’‘Amos-
346 623 473 677 ὄνομα
505 623 719 678 τυράννου.

937 738 964 780 2

369 805 729 863 Λακεδαιμόνιοί
756 805 805 850 θ’
836 805 968 863 ἡμῶν
997 807 1053 850 τὰ
1085 809 1208 864 τείχη
1241 806 1516 863 κατέβαλον,

368 873 443 917 καὶ
473 873 552 926 τὰς
582 874 779 932 τριήρεις
810 877 977 931 ἔλαβον
1010 874 1255 933 ἐμμήρους,
1290 875 1414 927 ὅπως

366 942 524 1000 μηκέτι
553 946 998 999 θαλαττοκρατοτντο
1027 945 1411 1002 Πελοποννήσιοι.

274 1027 499 1079 Hesychius
531 1024 753 1081 ἐμπήρους·
796 1026 1022 1081 Δημήτριος
1062 1026 1106 1067 ἐν
1143 1027 1307 1083 Σικελίᾳ
1337 1030 1420 1069 κτλ.
1472 1027 1639 1082 ἕμπηροι
1668 1024 1745 1070 οὖν

160 1084 200 1123 οἱ
228 1082 270 1123 ἐν
300 1081 465 1137 ὁμηρείᾳ
504 1082 632 1133 ὄντες.
679 1086 858 1138 Etymol.
890 1100 943 1126 m.
977 1087 1073 1139 335,
1108 1088 1157 1125 17
1191 1083 1375 1138 ἔμμηροι,
1414 1085 1456 1126 οἵ
1482 1084 1548 1126 ἐπὶ
1577 1083 1743 1140 ἐνέχυρα

160 1137 350 1195 (ἐνεχύρῳ
374 1140 517 1197 Mein.)
548 1138 750 1195 διδόμενοι
777 1142 924 1194 φιλίας.
960 1141 1193 1196 Δημήτριος
1223 1141 1268 1182 ἐν
1287 1145 1471 1191 Σικελοῖς
1500 1143 1744 1196 (Σικελικοῖς

160 1200 247 1239 cod.
281 1200 451 1249 Milleri,
490 1201 694 1252 Melanges
722 1198 821 1255 109)
853 1196 1170 1252 Λακεδαιμόνιοι
1196 1224 1248 1230 -
1280 1197 1492 1253 ἔμμήρους.
1547 1198 1595 1240 θ’
1626 1198 1745 1254 ἡμῶν

159 1254 313 1310 Etym]
330 1253 433 1307 μεθ’
454 1254 582 1309 ἡμῶν.
634 1255 856 1308 κατέβαλον
875 1258 970 1298 Hes.
994 1261 1036 1298 et
1056 1258 1093 1296 V
1113 1256 1271 1312 Εἴσῃ]
1294 1255 1526 1310 κατέλαβον.
1616 1261 1654 1299 2.
1671 1252 1742 1309 τοὶς

161 1312 352 1367 τριήρεις]
385 1311 456 1362 οὓς
488 1316 624 1366 Etym.
658 1317 1040 1368 θαλαττοκρατοϊντο
1069 1317 1273 1366 passivum
1305 1318 1379 1356 est.

936 1416 963 1459 3

274 1487 464 1527 Aelianus
496 1488 546 1526 H.
579 1501 643 1531 an,
679 1490 742 1538 12,
780 1490 832 1528 10
866 1485 1090 1540 Δημήτριος
1131 1485 1176 1527 ἐν
1206 1487 1254 1543 τῇ
1285 1487 1451 1544 Σικελίᾳ
1481 1487 1534 1544 τῷ
1563 1486 1737 1542 δράματι

157 1539 351 1594 μέμνηται
383 1541 443 1583 ὅτι
473 1543 542 1584 καὶ
573 1550 620 1599 τῇ
651 1550 760 1600 πυγῇ
790 1547 979 1585 λαλοῦσιν
1017 1544 1064 1585 αἱ
1098 1543 1300 1598 τρυγόνες.
1344 1561 1449 1580 υ-υ
1486 1543 1569 1586 καὶ
1605 1547 1740 1603 πυγῇ

159 1601 363 1640 λαλοῦσι
394 1600 648 1654 τρυγόνες.
682 1603 733 1643 cf.
765 1603 970 1654 Aristoph.
1003 1603 1109 1642 Nub.
1146 1605 1296 1654 156sq.

698 1715 909 1751 ΑΔΗΛΩΝ
935 1715 1203 1750 ΔΡΑΜΑΤΩΝ

366 1859 533 1917 σφόδρ’
568 1861 805 1907 εὐάλωτόν
838 1862 963 1906 ἐστιν
991 1859 1019 1919 ἦ
1051 1864 1267 1920 πονηρία·

368 1932 432 1982 εἰς
461 1929 548 1989 γὰρ
578 1930 629 1975 τὸ
660 1931 821 1987 κέρδος
849 1931 993 1988 μόνον
1023 1930 1335 1987 ἄποβλέπουσ’
1368 1929 1437 1976 ἀεὶ

366 1998 582 2056 ἀφρόνως
612 1998 790 2059 ἀπαντᾷ
822 1999 898 2044 καὶ
929 2007 1167 2058 προπετῶς
1197 2003 1511 2056 συμπείθεται.

280 2084 477 2124 Stobaeus
510 2085 648 2124 Floril.
672 2085 710 2134 2,
738 2087 757 2124 1
795 2084 1025 2138 Δημητρίου
1053 2082 1111 2139 Α]
1132 2085 1347 2125 Democriti
1366 2085 1487 2127 Gesn.
1578 2087 1617 2127 2.
1637 2082 1738 2127 ἄπο-

159 2148 349 2202 βλέπουσ’
382 2147 445 2191 ἀεὶ
473 2151 657 2219 Grotius]
685 2149 982 2206 ἀποβλέπουσα.
1014 2155 1064 2194 A.
1085 2147 1318 2206 ἆποβλέπὸἰι
1349 2155 1392 2194 ‘i‚
1419 2169 1454 2195 e.
1485 2148 1738 2207 ἀποβλέπου-

161 2209 241 2247 σιν’
274 2208 474 2249 Gaisford.
565 2212 603 2250 3.
635 2209 812 2266 απαντᾷ]
853 2207 1014 2250 ἅπαντα
1045 2211 1306 2251 Valekenaer.
1356 2212 1421 2252 vel
1451 2212 1509 2253 sio
1538 2212 1741 2253 sententia

160 2266 374 2335 adniodum
397 2267 589 2318 languida
609 2270 682 2308 est.
714 2268 876 2309 videtur
890 2268 1146 2309 scribendum
1161 2281 1247 2309 esse
1262 2263 1452 2321 ἀφρόνως
1473 2264 1510 2308 τ’
1533 2265 1558 2308 ἆ
1569 2282 1622 2308 πι
1632 2279 1656 2308 σ
1666 2272 1744 2310 τεῖ

159 2337 225 2361 και
255 2328 461 2375 προπετῶς
491 2334 526 2364 σ.

935 2415 964 2457 5

363 2481 395 2536 ἤ
426 2485 571 2524 σῦκον
601 2477 630 2537 ἦ
661 2483 872 2538 φάσηλον
901 2481 930 2539 ἢ
960 2483 1140 2526 τοιοῦτό
1170 2499 1212 2526 τι

275 2564 506 2605 Athenaeus
538 2567 576 2614 2,
610 2566 696 2606 5622
729 2564 954 2619 Δημήτριος
983 2567 1064 2605 κτλ.

931 2677 959 2720 6

272 2747 438 2787 Photius
470 2744 739 2799 ὑπέρινος·
772 2745 1194 2801 ὑπερκεκαθαρμένος.
1224 2745 1352 2795 οὕτως
1376 2745 1614 2800 Δημήτριος.
1644 2750 1735 2800 quis

161 2804 267 2843 inter
297 2805 446 2844 multos
476 2807 543 2855 qui
565 2806 730 2845 fuerunt
749 2806 978 2846 Demetrios
1008 2806 1258 2858 significetur
1285 2814 1366 2845 non
1397 2807 1580 2845 constat:
1613 2806 1734 2846 eomi-

161 2873 230 2900 cus
261 2863 396 2900 tamen
427 2862 588 2901 videtur
618 2875 722 2916 esse,
752 2864 837 2904 sive
867 2864 1055 2914 antiquae
1086 2864 1170 2904 sive
1201 2875 1327 2903 novae
1357 2863 1593 2903 comoediae.
