1872 3224
185 184 269 227 386
842 177 1106 212 ΦΡΤΝΙΧΟΤ

185 288 422 339 significatio
462 285 611 324 Atticis
650 285 801 323 usitata
839 285 920 322 est·
957 295 1051 321 nam
1090 282 1230 332 Eurip.
1261 281 1311 323 fr.
1345 283 1426 321 979
1467 281 1521 320 N.
1551 280 1768 322 admodum

185 346 351 384 dubium
382 346 445 382 est
475 342 722 392 exemplum·
762 340 1032 390 posteriorum
1072 341 1208 378 autem
1239 339 1482 390 scriptorum
1520 337 1770 379 consuetudo
1840 380 1842 382 ,

185 403 295 453 (Arr.
327 402 455 450 Epiet.
488 401 526 447 4,
560 399 599 447 4,
632 397 705 448 33)
735 398 888 436 nullius
918 397 961 436 in
990 397 1063 436 hac
1092 409 1136 436 re
1165 396 1363 436 momenti
1382 398 1454 437 est.
1486 396 1623 447 itaque
1642 394 1770 447 Phry-

182 460 343 498 nichum
375 457 582 506 scripsisse
624 455 810 494 existimo
851 457 922 493 aut
958 450 1032 492 κού
1076 451 1345 505 καταπλαγείς
1383 455 1454 493 aut
1489 452 1598 504 quod
1640 453 1773 505 magia

183 517 312 566 placet
341 509 433 551 κού
465 510 742 558 συσταλείς.
803 512 852 553 cf.
886 512 1025 562 Eurip.
1057 511 1147 562 Iph.
1189 511 1234 549 Τ.
1276 511 1372 550 295.
1412 510 1622 561 Aristoph.
1659 509 1770 550 ΕοοῙ.

182 574 278 611 486.
311 572 415 610 Plat.
446 570 587 621 Lysid.
623 570 706 608 210
722 582 756 608 e.
787 569 886 620 Leg.
919 570 958 616 3,
992 570 1072 608 691
1091 582 1125 607 e.
1170 569 1220 607 ad
1252 568 1538 619 Monotropum
1568 566 1773 607 referebat
1854 599 1855 602 η

185 629 333 679 Bergk.
358 629 404 667 R.
428 641 461 666 o.
492 628 581 666 Att.
606 628 705 666 372.

951 714 1009 757 60

390 794 632 852 ἀμυγδαλῆ
662 797 741 850 τῆς
769 791 909 850 βηχὸς
939 791 1119 849 ἀγαθὸν
1150 793 1410 850 φάρμακον.
1719 859 1723 862 x

304 880 538 919 Athenaeus
570 879 607 926 2,
641 879 735 917 532
764 876 982 929 Φρύνιχος.
1014 878 1064 917 of.
1095 877 1281 918 Phereor.
1316 878 1410 916 148.
1442 876 1584 928 Eupol.
1617 877 1715 920 253.

955 1013 1003 1055 61

396 1092 425 1148 ἢ
455 1086 613 1148 μαζίου
644 1108 686 1134 τι
717 1090 883 1148 μικρὸν
912 1091 942 1148 ἢ
972 1093 1277 1135 κολοκυντίου

301 1178 534 1216 Athenaeus
578 1178 621 1224 2,
656 1178 740 1214 590
779 1173 983 1227 Φρύνιχος
1023 1171 1341 1228 ὑποκοριστικῶς
1371 1177 1453 1215 κτλ.
1513 1173 1776 1216 κολοκύντιον

197 1235 370 1274 Meinek.
402 1234 518 1273 Anal.
550 1234 643 1272 Ath.
676 1233 743 1273 30.

962 1323 1018 1366 62

397 1405 499 1465 ἕμει
530 1403 823 1457 καταμηλῶν·
855 1403 1110 1459 φλέγματος
1139 1402 1226 1458 γὰρ
1259 1399 1300 1445 εἷ
1329 1403 1485 1454 πλέως.

242 1476 246 1480 ’
307 1487 450 1526 Pollux
481 1485 636 1533 4,181
669 1483 851 1538 ἐργαλεῖα
882 1485 1028 1537 ἰατρῶν
1060 1518 1068 1525 .
1130 1485 1287 1538 .μήλη.
1318 1484 1386 1525 καὶ
1414 1489 1595 1538 μηλώσαι
1626 1483 1672 1526 τὸ
1701 1483 1777 1539 τὴν

191 1542 323 1595 μήλην
361 1545 566 1581 καθεῖναι.
631 1539 734 1581 ὅθεν
778 1541 845 1583 καὶ
890 1542 1091 1595 Φρυνιχος
1134 1540 1156 1582 ὁ
1199 1541 1371 1597 κωμικός
1411 1545 1492 1583 κτλ.
1554 1541 1775 1598 φλέγματος

189 1601 358 1640 Salmas.
369 1597 378 1653 1
411 1598 479 1638 καὶ
501 1598 737 1653 φλέγματος,
767 1602 880 1640 nulla
905 1606 999 1640 ante
1027 1599 1095 1640 καὶ
1115 1602 1454 1652 interpunctione.
1487 1602 1537 1641 of.
1561 1601 1772 1654 Aristoph.

187 1659 261 1722 Eq.
298 1660 419 1698 1150.
452 1657 625 1708 Hesych.
658 1660 861 1706 μηλῶσαι·
894 1656 936 1696 τὸ
974 1656 1048 1709 τὴν
1083 1654 1214 1710 μήλην
1248 1658 1443 1698 καθεῖναί
1477 1671 1571 1698 που.
1631 1656 1700 1699 καὶ
1729 1655 1774 1700 ὒν

186 1715 241 1768 τῷ
273 1711 381 1765 ἐμεῖν
410 1713 629 1762 καθιέντας
662 1729 696 1752 τι
727 1714 782 1762 εἰς
813 1713 855 1754 τὸ
889 1710 1011 1766 στόμα
1042 1718 1314 1767 καταμηλαῦν.

963 1850 1019 1892 63

396 1928 651 1984 τριώβολόν
681 1926 723 1984 γ’
757 1927 957 1983 ὅσουπερ
987 1926 1235 1990 ἡλιοζζομαι.

305 2013 437 2051 Schol
468 2012 570 2051 Ven.
603 2013 810 2063 Aristoph.
842 2013 963 2082 Vesp.
997 2015 1081 2054 300
1117 2007 1171 2065 ἦν
1206 2010 1282 2064 μὲν
1319 2010 1398 2084 γὰρ
1424 2011 1598 2053 αστατον
1626 2007 1670 2053 τό
1699 2011 1774 2053 τοῦ

189 2071 341 2119 μισθοῦ
386 2068 478 2121 (τοῦ
522 2066 790 2134 δικαστικοῦ).
848 2067 943 2109 ποτὲ
980 2064 1055 2123 γὰρ
1093 2066 1290 2122 διωβόλου
1325 2065 1400 2122 ἦν,
1437 2068 1587 2142 ἐγίνετο
1623 2067 1669 2110 δὲ
1707 2067 1772 2110 ἐπὶ

189 2125 374 2172 Κλέωνος
405 2123 631 2177 τριώβολον.
693 2123 893 2178 Φρύνιχος
924 2129 1013 2235 κτλΡ
1040 2126 1257 2180 τριώβολόν
1285 2125 1324 2195 γ’
1358 2125 1534 2181 ὅσουπερ
1562 2123 1626 2179 ηλ.
1674 2127 1776 2168 Har·

192 2196 362 2222 mannus
408 2197 471 2232 ap.
509 2184 667 2223 Duebn.
710 2184 842 2224 Schol.
879 2186 949 2224 Ar.
989 2199 1028 2235 p.
1069 2183 1168 2238 452]
1210 2181 1427 2238 τριωβολον
1471 2182 1570 2224 οσον
1607 2181 1780 2248 ὑπερηλ.’

198 2240 421 2279 Meinekius
452 2238 680 2292 τριωβόλων
708 2238 816 2279 όσων
845 2254 919 2291 περ
949 2237 1011 2293 ἡλ.

962 2353 1019 2395 64

398 2428 542 2498 πολὺς
572 2430 621 2474 δὲ
653 2430 965 2488 συβαριασμός
994 2431 1205 2489 αὐλητων
1234 2431 1326 2476 τότ’
1358 2425 1430 2490 ἦν.

310 2513 443 2553 Schol.
477 2515 684 2565 Aristoph.
716 2515 808 2554 Pac.
842 2516 924 2555 344
963 2514 1254 2568 Καλλίστρατος
1296 2515 1559 2569 (συβαρίζειν)
1598 2515 1772 2569 τρυφᾶν,

195 2565 275 2608 απὸ
307 2570 375 2620 τῆς
415 2570 683 2642 συβαριτικῆς
716 2578 884 2624 τρυφῆς.
943 2569 1225 2643 Ἀρτεμίδωρος
1263 2569 1397 2622 ἁπλῶς
1434 2573 1646 2626 θορυβεῖν.
1706 2572 1775 2613 καὶ

195 2625 396 2692 Φρύνιχος
428 2630 507 2668 κτλ.
542 2625 623 2667 τότ’
656 2623 710 2680 ἦν
743 2629 987 2683 Meinekius]
1018 2624 1082 2682 ἦν.
1131 2635 1266 2682 παρῆν
1302 2631 1502 2682 Bergkius
1538 2631 1586 2670 R.
1619 2643 1651 2670 c.
1682 2631 1770 2672 Att.

199 2685 294 2732 366,
325 2685 393 2733 qui
424 2685 472 2723 ad
505 2685 796 2726 Comissatores
827 2687 876 2726 fr.
908 2688 1044 2727 refert
1075 2685 1128 2740 αρ
1134 2682 1231 2739 ’ἦν
1260 2689 1324 2728 vel
1354 2685 1457 2738 ἐπὴν
1485 2687 1672 2727 Dindorf.
1732 2690 1775 2728 et

197 2713 336 2789 quid'ni
367 2737 438 2791 ἅμ’
469 2735 552 2791 ἦν’)
582 2743 757 2794 Hesyoh.
789 2702 1128 2796 συβριασμόςῗ
1173 2741 1195 2784 ὁ
1226 2741 1272 2783 ἐν
1299 2739 1446 2798 εὐωχίᾳ
1466 2739 1660 2796 θόρυβος.
1691 2754 1773 2783 συ·-

198 2796 224 2846 β
234 2808 432 2848 ριακον
465 2796 507 2836 τὸ
538 2798 761 2847 πολυτελές.
811 2798 990 2854 συβρια
1000 2802 1086 2849 ζει
1119 2799 1396 2855 συβαρεύεται,
1427 2805 1574 2853 τρυφᾶ.
1634 2802 1772 2853 Etym.

197 2867 251 2894 m.
286 2855 381 2907 732,
413 2855 466 2894 26
496 2855 808 2909 συβριοὶζειν·
840 2855 920 2898 ἀπὸ
951 2859 1021 2898 τοῦ
1052 2858 1284 2912 συβαρίζειν
1313 2855 1358 2898 ἐν
1385 2831 1617 2911 ὑπερθέσει.
1662 2859 1772 2900 unde
