1872 3224
1773 0 1872 137 ²55]

1774 24 1827 51 ¹32⁷.-

218 193 302 238 565
803 191 1188 226 ΑΡΙΣΤΟΦΑΝΟΤΣ
1670 187 1686 203 ·‘
1847 179 1872 243 4ξ

221 302 349 338 σεῐαν.
380 299 515 350 Etym.
546 312 599 337 m.
632 298 726 346 250,
759 299 784 336 8
815 299 857 336 et
887 297 973 336 sine
1002 297 1176 337 auctoris
1205 297 1366 337 nomine
1396 296 1636 350 Hesychius
1677 297 1791 338 faba

221 358 303 396 lam
335 356 434 396 dicit
463 369 564 407 quae.
594 357 656 395 est
685 355 735 394 de
764 354 1005 404 Philomela,
1037 354 1204 404 Procne,
1236 354 1376 394 Tereo.

967 488 1048 531 717

426 566 574 619 ἔξαινε
607 567 696 625 (δὲ)
728 569 820 610 τῶν
852 566 991 624 ἐρίων

331 647 621 703 Ἀριστοφάνης
653 648 741 702 ἔφη.
784 651 927 691 Pollux
959 653 999 701 7,
1030 653 1097 692 30.

430 830 535 885 ἰξοί,
569 829 909 885 ῥυποκόνδυλοι
969 774 1052 817 718

335 914 505 962 Bekker.
539 914 688 954 Anecd.
721 914 796 962 43,
828 914 881 954 33
922 911 996 962 ἰξοὶ
1026 911 1089 953 ἐπὶ
1127 919 1210 953 τῶν
1246 913 1442 967 γλίσχρων
1470 912 1538 954 καὶ
1569 914 1792 967 φειδωλοῦν,

219 969 280 1011 ὅτι
316 969 384 1010 καὶ
413 968 434 1010 ὁ
472 964 553 1020 ι’ξὸς
590 970 767 1022 γλίσχρος
806 968 898 1011 ἐστί,
949 968 1053 1023 λέγει
1089 967 1129 1010 δ’
1167 968 1459 1024 Ἀριστοφάνης
1497 970 1624 1020 οὕτως
1662 971 1713 1022 ἰξ.
1753 971 1794 1026 (5.

219 1027 318 1081 ὅπερ
348 1028 533 1080 σημαίνει
564 1026 655 1075 τοὺς
676 1027 883 1080 γλίσχρους
913 1026 980 1067 καὶ
1001 1026 1069 1067 διὰ
1090 1026 1164 1080 τὴν
1184 1027 1403 1079 φειδωλίαν
1429 1027 1526 1081 μήτε
1554 1027 1795 1082 λουομένους

220 1082 316 1137 μήτε
339 1083 567 1138 νιζομένους
589 1085 681 1138 (scr.
703 1082 1127 1140 κτενιζομένους).
1149 1086 1209 1150 fr.
1233 1087 1328 1127 603.
1351 1088 1401 1127 cf.
1416 1087 1539 1127 Moer.
1563 1087 1644 1127 201
1666 1087 1795 1129 Piers.

220 1143 391 1183 Bekker.
426 1145 522 1191 474,
557 1145 608 1182 21
642 1145 683 1182 et
712 1142 854 1183 Suidas
883 1141 1081 1195 α’χθομαι·
1123 1134 1191 1182 τὸν
1220 1140 1352 1196 ῥύπον
1390 1141 1455 1183 ἐπὶ
1491 1149 1572 1184 τῶν
1600 1142 1797 1210 γλίσχρων

222 1214 289 1239 και
318 1197 598 1252 ἀνελευθέρων
628 1196 826 1243 ἐτίθεσαν,
878 1197 984 1240 οὕτω
1019 1205 1120 1253 γοῦν
1158 1196 1484 1253 ρ”υποκονδύλους
1514 1198 1675 1254 λέγουσι
1702 1195 1796 1250 τοὺς

223 1253 436 1305 τοιούτους.
466 1271 544 1298 vox
574 1259 653 1297 iam
682 1258 833 1298 usitata
862 1260 948 1298 erat
978 1258 1226 1310 Hipponacti
1255 1261 1298 1299 ot
1323 1258 1576 1300 Archilocho.
1607 1259 1794 1300 Eustath

225 1316 347 1364 1828,
385 1317 450 1355 11.
496 1317 546 1355 cf.
578 1315 683 1355 Plat.
717 1316 812 1354 124.

428 1485 684 1540 καλαμίνην
714 1480 908 1539 σύριγγα
970 1427 1054 1470 719

339 1565 500 1619 εἴρηκεν
526 1560 830 1619 Ἀριστοφάνης.
861 1568 1004 1608 Pollux
1034 1569 1075 1617 4,
1108 1570 1175 1608 67.

972 1702 1057 1745 720

428 1757 621 1812 κάμινον
650 1759 898 1813 βαλανείου

337 1837 358 1880 ὁ
389 1837 511 1888 αὐτὸς
540 1836 868 1895 (Ἀριστοφάνης)
899 1841 1014 1894 φησί.
1064 1843 1209 1883 Pollux
1241 1845 1278 1900 7,
1314 1845 1407 1883 166.

283 1943 305 1965 Q

973 1977 1053 2020 721

430 2055 506 2097 καὶ
537 2055 822 2099 ἑπιπακτοῦν
851 2052 929 2107 τὰς
957 2058 1108 2112 θύρας

278 2198 328 2235 tr
360 2134 662 2235 Ξξέστοφάνης
717 2140 861 2179 Pollux
902 2140 973 2189 10,
1017 2141 1084 2180 27.
1152 2142 1268 2180 antea
1314 2140 1452 2180 attunt
1502 2140 1646 2180 Pollux
1713 2140 1792 2192 Ly-

222 2197 276 2236 sis

428 2364 732 2420 κνημιοπαχὲς
761 2364 900 2417 ξύλον
971 2308 1055 2351 722

338 2448 506 2487 Photius
543 2447 711 2499 κνημία·
753 2463 801 2487 τα
840 2445 885 2487 ἐν
921 2451 1002 2496 τοῖς
1040 2443 1217 2517 θρόνοις
1242 2445 1310 2486 καὶ
1347 2450 1499 2515 τροχοῖς
1529 2446 1791 2500 διερείσματα.
1857 2460 1859 2462 ·

225 2503 292 2543 καὶ
323 2503 470 2557 πληγαὶ
499 2501 543 2543 ἐν
572 2503 755 2556 κνήμαις.
785 2503 853 2544 και
882 2498 926 2544 τὸ
953 2519 1016 2545 κν.
1046 2506 1095 2556 ξ.,
1125 2501 1190 2552 ὡς
1207 2500 1511 2556 Ἀριστοφάνης.
1541 2501 1792 2557 κνημοπαχες

206 2562 258 2609 ξ.
291 2562 465 2602 Lobeck.
496 2562 647 2614 Phryn.
679 2564 775 2603 535.

972 2650 1055 2693 723

429 2731 603 2785 λεπραν
634 2730 853 2786 κεράμιον
883 2726 1050 2784 ὀξηρόν
1108 2698 1113 2701 —
1152 2698 1154 2700 v

339 2807 430 2849 ἀντὶ
468 2810 537 2861 τοῦ
576 2811 712 2862 μυδᾶν
754 2808 1039 2878 Ἀριστοφάνης
1084 2809 1197 2864 λέγει.
1248 2812 1390 2852 Pollux
1422 2812 1589 2860 7‚162.
1637 2814 1788 2862 7,161
1839 2798 1841 2800 .

227 2866 474 2921 κεράμιον
504 2867 666 2922 οἰνηρὸν
697 2898 705 2908 .
728 2871 995 2923 ξΚρατῖνος,
1019 2863 1313 2922 Ἀριστοφάνης
1343 2865 1389 2909 δὲ
1419 2867 1486 2908 καὶ
1515 2863 1704 2922 ὄξηρόν.
