1872 3224
234 196 317 237 724
349 166 351 168 ⁷
864 194 1174 228 ΣΤΡΑΤΤΙΔΟΣ

854 296 1183 331 ΦΙΛΟΚΤΗΤΗΣ

345 389 405 428 Of.
437 390 611 429 Meinek.
642 389 662 428 I
694 389 790 429 233.

995 501 1054 543 43

436 578 536 622 οὐδ’
573 580 625 623 ἐν
655 581 822 637 κοπρίᾳ
851 578 1092 636 θησαυρὸν
1125 579 1462 637 ἐκβεβλημένον

344 664 488 702 Pollux
521 666 559 719 7',
593 665 675 703 134
705 660 784 702 ἀπὸ
815 659 860 701 δὲ
890 663 970 702 τῶν
999 662 1177 714 κοπρίων
1206 660 1314 716 παρὰ
1345 666 1427 712 τοῖς
1457 662 1656 712 πλείστοις
1684 664 1727 704 οἷ
1741 664 1807 718 βο-

230 722 388 767 λειόνες.
450 694 642 774 Στράττις
673 717 712 759 δ’
747 718 791 760 ἐν
821 720 874 775 τῷ
903 716 1125 775 Φιλοκτήτῃ
1155 718 1281 772 φησὶν
1309 723 1390 760 κτλ.

551 928 652 992 κᾷτ’
687 935 750 985 εἰς
780 932 953 991 ἀγορὰν
985 932 1200 986 ἐλθόντες
1230 932 1401 992 ἁδροὺς

550 1001 812 1054 ὀψωνοῦσιν
842 1002 1068 1060 μεγάλους
1097 1019 1146 1046 τε
1176 1003 1384 1060 φάγρους

551 1073 627 1115 καὶ
658 1073 901 1115 Κωπάὸων
931 1071 1123 1116 ἁπαλῶν
1152 1073 1317 1130 τεμάχη

551 1141 1034 1197 στρογγυλοπλεύρων.

342 1225 572 1267 Athenaeus
605 1227 653 1275 7,
685 1226 796 1265 3270
834 1220 1076 1276 μνημονεύει
1113 1221 1158 1263 δὲ
1196 1229 1267 1264 τοῦ
1305 1223 1463 1278 φάγρου
1505 1239 1573 1264 και
1613 1220 1805 1278 Στράττις

230 1311 240 1320 .
278 1315 285 1322 .
318 1313 327 1322 .
369 1279 413 1321 ἐν
451 1280 674 1337 Φιλοκτήτῃ
711 1284 792 1321 κτλ.
843 1280 1241 1335 στρογγυλοπλεύρων
1287 1280 1623 1336 Schweighaeus.]
1675 1292 1811 1336 στρογ

226 1338 502 1392 γυλιπλεύρων
540 1340 656 1379 PVL.
697 1340 896 1380 sententia
941 1340 1082 1380 similis
1127 1340 1289 1380 videtur
1333 1352 1418 1380 esse
1453 1340 1662 1392 Aristoph.
1702 1341 1802 1380 Rau.

233 1397 355 1439 1067.
386 1399 426 1436 8.

343 1478 555 1517 Praeterea
585 1478 634 1516 ad
671 1478 937 1517 Philoctetam
977 1477 1187 1517 Strattidis
1225 1477 1451 1517 Meinekius
1489 1477 1691 1519 referebat
1726 1477 1805 1517 fra-

227 1536 436 1585 gmentum
467 1535 686 1585 adespoton
716 1535 920 1574 Plutarch.
953 1535 1054 1574 Mor.
1089 1536 1212 1575 7899„
1246 1535 1482 1575 adversatur
1511 1535 1805 1575 Herwerdenus

230 1592 370 1631 Exere.
402 1593 490 1631 crit.
522 1593 590 1631 87.

891 1704 1152 1738 ΦΟΙΝΙΣΣΑῙ

342 1798 602 1849 Euripideam
633 1799 879 1850 tragoediam
910 1812 933 1837 a
964 1798 1158 1838 Strattide
1188 1798 1414 1838 traductam
1455 1811 1540 1838 esse
1571 1797 1804 1838 Aristotelis

229 1857 390 1895 constat
419 1856 663 1895 testimonio.
695 1857 747 1896 cf.
780 1856 830 1895 fr.
861 1857 929 1894 45.
961 1855 1132 1896 Meinek.
1162 1855 1182 1894 I
1214 1856 1308 1895 233.
1342 1855 1481 1895 Cobet.
1514 1855 1684 1896 Observ.
1717 1855 1804 1895 crit.

229 1912 332 1951 Plat.
370 1914 464 1953 118.

994 2001 1052 2045 45

437 2082 708 2137 παραινέσαι
739 2081 790 2124 δὲ
821 2082 955 2138 σφῷν
983 2095 1028 2123 τι
1057 2080 1281 2136 βούλομαι
1311 2081 1482 2136 σοφόν·

435 2148 544 2192 ὅταν
575 2152 728 2206 φακῆν
758 2151 904 2206 εψητε,
935 2148 994 2206 μὴ
1024 2148 1187 2204 ’πιχεῖν
1216 2148 1379 2205 μύρον.

346 2244 575 2284 Athenaeus
612 2245 823 2294 4‚160b
860 2241 961 2282 κατὰ
999 2241 1074 2295 τὴν
1108 2241 1349 2295 Στράττιδος
1392 2248 1463 2283 τοῦ
1501 2229 1806 2298 κωμωδιοποιοῦ

225 2297 451 2353 Ἰοκάστην,
482 2299 569 2353 ἥτις
601 2299 645 2341 ἐν
675 2305 762 2349 ταῖς
794 2298 1131 2353 ἐπιγραφομέναις
1159 2299 1395 2348 Φοινίσσαις
1434 2300 1540 2352 φησί
1571 2302 1652 2340 κτλ.
1711 2299 1804 2340 Ari-

230 2360 394 2399 stoteles
415 2360 475 2399 De
506 2373 624 2399 sensu
646 2360 683 2409 5,
707 2359 826 2398 443b
857 2360 912 2399 30
939 2354 1092 2409 ἀληθὲς
1120 2354 1196 2428 γὰρ
1225 2355 1324 2410 όπερ
1352 2353 1582 2425 Εὐριπίδην
1611 2352 1806 2397 σκωπτων

229 2409 314 2455 εἶπε
358 2415 549 2468 Στράττις
588 2413 687 2455 όταν
723 2421 863 2467 φακῆν
900 2412 1044 2467 ἕψητε,
1082 2413 1136 2467 μὴ
1174 2412 1326 2467 ἐπιχεῖν
1366 2411 1608 2468 μύρον.οἵ
1641 2410 1687 2453 δὲ
1723 2418 1805 2454 νῦν

228 2471 441 2524 μιγνύντες
472 2473 528 2520 εἰς
559 2471 605 2511 τὰ
635 2471 795 2523 πόματα
832 2468 1015 2519 τοιαύτας
1055 2468 1243 2524 δυνάμεις
1281 2470 1484 2524 βιάζονται
1520 2476 1568 2538 τῇ
1604 2470 1804 2526 συνηθεία

230 2526 304 2580 τὴν
333 2526 508 2581 ἡδονήν,
547 2527 619 2577 ἕως
656 2526 710 2569 ἂν
748 2528 792 2569 ἐκ
822 2521 889 2568 δύ
923 2527 1155 2580 αἰσθήσεων
1191 2527 1354 2581 γένηται
1391 2527 1434 2568 τὸ
1469 2511 1554 2580 ἡδυ
1579 2524 1634 2576 ὥς
1659 2527 1707 2567 ’ἓν
1735 2526 1804 2568 καὶ

227 2582 309 2624 άπὸ
339 2587 441 2637 μιᾶς.
501 2588 640 2641 Eurip.
684 2587 834 2627 Phoen.
865 2587 950 2627 460
988 2584 1124 2641 (463).
1183 2587 1443 2637 proverbium
1480 2587 1567 2626 erat
1602 2581 1718 2624 τοῦπι
1755 2589 1805 2650 τῇ

224 2643 342 2712 φακῇ
381 2642 508 2696 μύρον
545 2645 593 2683 de
628 2645 764 2684 inutili
801 2644 968 2683 luxuria.
1029 2644 1196 2694 Sopater
1231 2643 1381 2684 Athen.
1412 2644 1459 2692 4,
1493 2644 1604 2683 1600
1639 2634 1802 2690 Ἰθακός
1841 2671 1844 2673 -

224 2684 444 2747 Ὀδυσσεὺς
475 2698 591 2740 τούπὶ
620 2701 667 2756 τῇ
697 2706 808 2755 φακῇ
838 2699 968 2753 μύρον
993 2698 999 2753 Ι
1025 2699 1204 2753 πάρεστι.
1265 2701 1421 2740 confert
1457 2699 1681 2739 Meinekius
1721 2699 1801 2740 Cic.

230 2757 317 2796 Att.
353 2759 388 2805 1,
424 2759 474 2796 19
505 2759 555 2796 L.
587 2758 756 2799 flaccus
785 2762 819 2798 et
849 2755 893 2797 τὸ
923 2755 987 2796 ἐπὶ
1017 2762 1065 2812 τῇ
1095 2757 1206 2812 φακῇ
1233 2753 1361 2809 μύρον
1388 2757 1584 2796 Lentulus
1622 2754 1803 2797 moabiam·

229 2815 350 2861 filius.
379 2787 483 2853 ’GelL
514 2815 564 2856 N
596 2815 649 2854 A.
682 2816 746 2864 13,
781 2816 832 2854 27
864 2827 914 2854 ne
942 2815 1164 2854 existimetis
1191 2825 1342 2863 semper
1370 2818 1484 2863 atque
1511 2815 1557 2853 in
1585 2815 1693 2853 o‘mm'
1721 2814 1800 2854 loco

232 2871 440 2911 mortales
469 2873 630 2911 multos’
655 2885 731 2922 pro
771 2874 927 2915 multis
963 2873 1208 2912 lzommibus'
1245 2872 1468 2920 dicendum,
1511 2882 1561 2910 ne
1581 2871 1704 2921 plane
1729 2871 1803 2920 fiat
1863 2874 1866 2875 ⁷
