1872 3224
237 223 290 264 48
875 208 1123 244 ΚΡΑΤιΝοΤ

238 325 364 376 genda
393 325 496 370 sunt,
527 323 724 368 tamquam
761 315 962 361 Cratinus,
1003 311 1178 351 Cimonis
1218 308 1456 374 admirator,
1488 305 1693 372 ’Spartam‘-
1716 316 1787 353 m-

238 382 355 420 luerit
390 379 576 418 inridere:
616 377 733 414 immo
770 372 1032 422 periculosum
1069 381 1152 408 esse
1190 367 1310 439 dicit,
1357 378 1393 404 si
1429 376 1519 414 quis
1560 362 1786 414 Spmtoe

238 439 334 478 velit
363 439 621 476 contemnere.

960 513 1038 556 107

510 596 671 654 ’ὄρνιθα
701 597 858 638 τοίνυν
888 594 960 636 δεῖ
986 603 1033 635 σε
1065 576 1305 647 γίγνεσθαι
1335 578 1502 646 μέγαν(

346 696 568 735 Athenaeus
599 695 634 740 9,
669 692 779 730 3730
809 685 968 740 ὀρνίθια
998 683 1037 725 δ’
1062 685 1193 738 εἴρηκε
1220 686 1417 736 Κρατῖνος
1447 680 1491 723 ἐν
1511 679 1686 735 Νεμέσει
1708 710 1719 722 .
1740 715 1752 726 ,
1774 707 1786 725 .

239 751 300 791 ἐπὶ
337 749 380 790 δὲ
415 751 482 790 τοῦ
519 747 727 800 ἀρσενικοῦ
765 743 812 785 οὐ
849 744 974 796 μόνον
1008 741 1141 794 ὄρνιν,
1181 740 1279 781 ἀλλὰ
1319 740 1385 781 καὶ
1423 738 1574 793 ὄρνιθα
1611 735 1633 779 ὃ
1662 735 1788 789 αὐτὸς
1857 786 1861 791 .

238 811 431 859 Κρατῖνος
468 805 510 845 ἐν
546 806 596 860 τῷ
632 801 744 858 αὐτῷ
774 799 943 853 δράματί
976 811 1112 852 φησιν.
1145 800 1242 839 dicit
1270 800 1366 839 haec
1404 799 1487 838 sive
1526 798 1662 839 Venus
1700 797 1786 841 sive

238 866 450 905 Mercurius
479 864 559 903 sive
590 863 687 901 alius
707 861 813 900 Iovis
834 861 874 898 in
895 859 1085 909 explenda
1109 857 1274 896 libidine
1295 857 1492 904 minister,
1523 854 1675 908 iubenes
1695 866 1788 902 eum
1828 869 1834 875 ·

238 924 363 962 facere
393 921 495 971 quod
525 932 621 969 opus
651 920 703 958 sit
732 919 776 956 ut
804 917 965 957 Nemesi
985 916 1172 965 potiatur.
1202 911 1314 966 ὅρνις
1337 914 1496 953 videtur
1517 924 1604 952 esse
1623 922 1786 963 cycnus,

238 992 470 1029 quamquam
501 978 618 1015 etiam
648 978 739 1014 sunt
767 975 835 1024 qui
865 974 1015 1024 gailum
1046 974 1232 1011 censeant
1261 970 1590 1022 intellegendum,
1629 971 1678 1008 ut
1705 967 1784 1019 Ne·

239 1036 355 1075 mesis
385 1047 536 1085 quoque
565 1034 606 1071 in
637 1045 811 1071 anserem
843 1044 883 1070 se
912 1030 1258 1069 transformavisse
1289 1028 1507 1068 dicebatur.
1553 1027 1607 1067 cf.
1638 1025 1786 1078 Bergk.

241 1093 286 1132 R.
313 1103 348 1133 c.
378 1092 463 1130 Att.
495 1091 588 1129 398.

968 1174 1047 1217 108

438 1265 584 1322 Λήδα,
607 1264 698 1309 σὸν
729 1267 881 1322 ἔργον·
915 1265 986 1307 δεῖ
1011 1263 1053 1307 σ’
1087 1263 1208 1314 ὅπως
1239 1262 1519 1320 εὐσχήμονος

437 1333 732 1388 ἀλεκτρυόνος
761 1334 899 1389 μηδὲν
929 1334 1112 1383 διοίσεις
1141 1331 1247 1383 τούς
1278 1332 1495 1389 τρόπους,

437 1402 508 1447 ἐπὶ
537 1402 639 1459 τῷδ’
673 1399 901 1457 ἐπώζουσ’,
934 1398 991 1452 ὡς
1022 1399 1078 1445 ἂν
1111 1400 1302 1458 ἐκλέψῃς
1331 1401 1476 1444 καλὸν

435 1469 542 1527 ἡμῖν
571 1486 612 1513 τι
641 1471 714 1512 καὶ
743 1468 1008 1526 θαυμαστὸν
1040 1469 1090 1512 ἐκ
1120 1467 1247 1513 τοῦδ’
1281 1467 1457 1525 ὄρνεον.

347 1566 569 1604 Athenaeus
600 1567 644 1614 9,
677 1566 788 1604 373e
833 1562 902 1604 τὸν
946 1561 987 1603 δ’
1035 1560 1279 1617 ἀλεκτρυόνα
1321 1596 1329 1604 .
1361 1594 1370 1603 .
1402 1592 1412 1602 .
1448 1563 1491 1603 οῖ
1524 1560 1682 1616 ἀρχαῖοι
1718 1560 1789 1604 καὶ

238 1624 422 1673 θηλυκῶς
444 1617 628 1674 εἰρήκασι.
659 1622 854 1674 Κρατῖνος
872 1620 1054 1672 Νεμέσει.
1077 1619 1320 1673 εὐσχήμονος
1343 1621 1482 1672 Steph.
1500 1621 1616 1662 Thes.
1630 1617 1784 1675 10942]

238 1675 495 1730 εὐσχημόνως.
559 1680 597 1718 2.
628 1677 788 1725 διοίσεις
808 1677 894 1731 VL]
928 1678 1067 1718 διοίσει
1086 1679 1135 1721 Α.
1189 1680 1227 1718 3.
1259 1671 1450 1726 ἐπώζουσ’
1473 1678 1666 1719 Valcken.
1686 1677 1786 1721 Eut.

238 1736 381 1775 Phoen.
414 1733 508 1787 166]
540 1733 766 1784 ἐπωάζουσα
795 1736 845 1775 A.
877 1758 931 1765 —
962 1731 1032 1774 σὸν
1060 1733 1186 1799 ἔργον]
1220 1737 1269 1775 cf.
1301 1749 1401 1786 quae
1433 1736 1716 1777 adnotavimus
1735 1735 1787 1776 ad

237 1793 359 1832 Arist.
390 1793 492 1831 Nub.
528 1794 646 1831 1494.
696 1793 744 1832 de
782 1794 940 1843 syntaxi
968 1793 1180 1833 verborum
1210 1792 1277 1832 δεῖ
1300 1788 1339 1830 σ’
1374 1790 1483 1840 ὅπως
1528 1794 1580 1833 cf.
1611 1793 1786 1833 Lobeok.

239 1849 355 1898 Soph.
389 1849 449 1890 Ai.
482 1849 573 1887 556.
610 1850 776 1889 Philoct.
810 1851 876 1889 54.
908 1851 975 1891 55.
1013 1850 1169 1890 videtur
1206 1848 1392 1889 Cratinus
1430 1863 1588 1901 quoque
1626 1849 1787 1893 finxisse

239 1918 353 1944 ovum
383 1919 404 1943 a
423 1906 581 1945 Nemesi
609 1908 778 1958 partum,
809 1907 858 1945 ab
888 1907 996 1945 Leda
1026 1907 1229 1946 exclusum
1249 1917 1346 1947 esse.
1377 1909 1496 1957 atque
1525 1909 1581 1947 ita
1609 1907 1789 1950 fabulam

238 1961 394 2001 Phidias
408 1965 765 2011 repraesentaverat
779 1965 820 2002 in
834 1964 982 2014 templo
997 1964 1178 2004 Nemesis
1194 1965 1474 2004 Rhamnusiae.
1490 1964 1607 2004 Paus.
1620 1966 1660 2014 1,
1670 1965 1738 2015 33,
1749 1965 1787 2009 7,.

969 2097 1048 2140 109
1094 2119 1100 2125 ·

503 2182 605 2227 ὥστ’
636 2179 720 2228 οὖν
751 2185 922 2230 ἐσθίων
952 2195 1045 2238 τοῖς
1075 2190 1286 2232 σιτίοισιν
1315 2187 1495 2245 ἥδομαι.

505 2251 674 2296 ἅπαντα
705 2255 745 2296 δ’
779 2251 898 2297 εἷναί
924 2271 1000 2310 μοι
1030 2257 1159 2300 δοκεῖ
1185 2253 1384 2312 ῥοδωνιά

508 2320 581 2362 καὶ
609 2325 726 2377 μῆλα
756 2323 831 2365 καὶ
861 2323 1014 2367 σέλινα
1044 2323 1120 2367 καὶ
1150 2323 1410 2382 σισύμβρια.

252 2464 261 2476 Ι
353 2414 478 2455 Schol.
510 2415 707 2455 Theocriti
739 2419 802 2467 11,
834 2420 886 2458 10
915 2417 1080 2470 ῥόδων
1109 2418 1153 2458 δὲ
1183 2424 1252 2472 τῆς
1281 2419 1512 2473 γυναικείας
1533 2418 1640 2474 ἥβης
1767 2428 1777 2461 ’ζ

242 2479 334 2507 οσον
361 2468 436 2526 καὶ*
456 2470 649 2522 ῥοδωνιὰν
679 2470 805 2524 αὐτὴν
841 2471 931 2513 ἔσθ’
971 2473 1035 2516 ὅτε
1064 2474 1266 2528 λέγουσιν,
1303 2474 1358 2525 ὦς
1389 2479 1588 2531 Κρατῖνος
1645 2434 1787 2522 wrm:

243 2522 359 2573 μέσει.
389 2527 462 2564 οὐν
482 2529 639 2577 expellit
658 2529 892 2571 Meinekius.
922 2532 1077 2571 σιτίοισι
1106 2533 1241 2587 Mein]
1275 2534 1425 2582 σιτίοις.
1463 2550 1503 2576 v.
1528 2537 1566 2574 2.
1595 2549 1664 2587 μοι
1693 2535 1785 2580 add.

243 2581 431 2621 Meursius
451 2584 552 2622 Bibl.
574 2585 660 2624 Att.
687 2588 791 2626 1469
803 2588 839 2626 d.
864 2610 917 2616 —
934 2586 988 2636 ὥς
1010 2590 1237 2643 στρουθίων
1256 2593 1493 2633 Duebnerus
1514 2594 1558 2632 in
1578 2593 1639 2635 ed.
1653 2593 1784 2637 Paris.

244 2638 361 2676 schol.
396 2639 552 2679 Theocr.
593 2643 840 2682 scribendum
876 2648 1008 2696 potius
1043 2648 1204 2687 videtur
1240 2653 1340 2696 πῶς
1371 2643 1462 2689 οὐν
1491 2649 1686 2690 σπίνων
1718 2651 1815 2700 φοί4

241 2695 285 2739 fet
313 2696 430 2743 iyitur
448 2700 490 2734 ut
518 2697 780 2747 fringillarum
799 2703 892 2741 cibis
917 2703 1099 2743 delecter?
1127 2705 1285 2746 videtur
1305 2707 1412 2746 enim
1431 2707 1614 2758 Iuppiter
1632 2707 1784 2757 mirari,

244 2762 312 2787 cur
340 2764 573 2801 quamquam
609 2755 650 2792 in
686 2768 851 2805 cycnum
888 2760 954 2799 vel
983 2773 1161 2800 anserem
1197 2776 1238 2802 se
1269 2765 1467 2804 convertit
1502 2767 1639 2804 tamen
1665 2763 1784 2809 mini-

245 2818 392 2844 marum
423 2809 658 2848 avicularum
689 2813 794 2851 victu
824 2817 1008 2865 gaudeat.
1040 2818 1090 2857 cf.
1121 2832 1219 2868 quae
1250 2821 1440 2861 adnotavi
1470 2822 1521 2861 ad
1550 2822 1675 2862 Arist.
1705 2816 1783 2865 Avss

248 2862 366 2905 1079.
403 2864 616 2905 Meinekius
646 2870 799 2909 confert
829 2872 999 2923 Hesych.
1040 2872 1231 2926 ῥοδωνιά·
1268 2873 1288 2915 ὁ
1321 2876 1458 2930 τόπος,
1495 2876 1600 2917 ἔνθα
1637 2875 1783 2928 φύεται
