1872 3224
635 203 848 238 ΑΔΗΔΩΝ
875 203 1148 238 ΔΡΑΜΑΊῺΝ
1636 204 1690 246 97

214 308 359 349 Pollux
390 309 516 357 3,14
546 305 669 356 ἅπαις
700 307 868 375 ἄτεκνος
899 307 1090 359 φιλόπαις
1123 306 1362 359 φιλότεκνος
1393 307 1462 349 καὶ
1483 301 1529 348 τὰ
1552 305 1688 360 ’ὅμοια-

95 363 206 420 παρὰ
243 362 289 405 δὲ
325 364 512 419 Κρατίνῳ
542 363 734 433 ἔμπαις.
790 368 847 407 sio
878 367 926 418 Ο,
975 365 1125 414 εὔπαις
1155 368 1228 407 ΑΒ
1259 368 1444 407 Bekkeri.
1484 368 1692 419 integrum

102 423 258 466 Cratini
288 437 449 464 versum
482 425 567 463 sine
598 426 761 464 nomine
797 426 973 465 auctoris
1013 426 1191 466 servavit
1220 426 1396 477 Hesych.
1429 421 1691 478 ηνδρωμένη

51 480 53 482 ’
97 477 251 551 ἀνδρὸς
289 479 578 535 πεπειραμένη·
617 478 643 533 ἡ
674 485 773 530 παῖς
806 505 858 511 —-
897 479 1150 536 ἠνδρωμένη.
1201 479 1293 522 ἀντὶ
1323 488 1396 522 τοῦ
1433 484 1692 522 συνελθοῦσα

44 583 52 590 ‚
96 535 231 593 ἆνδρί.
278 540 395 580 Phot
417 536 676 593 ἠνδρωμένη·
709 537 915 592 παρθένος
946 537 971 591 ἡ
994 539 1261 593 γεγαμημένη.
1283 543 1317 582 si
1337 541 1515 582 Pollucis
1547 538 1693 588 εὔπαις

43 644 45 646 ,
97 600 207 638 recte
245 611 287 638 se
326 598 466 646 habet,
515 611 606 637 eum
649 599 691 637 id
736 598 870 639 verbis
909 593 963 644 ὦς
1000 595 1239 651 ήνδρωμένη
1276 613 1419 650 parum
1465 599 1692 648 conveniat,

99 655 270 696 dubium
301 669 388 696 esse
418 658 554 707 potest
585 669 637 696 an
666 656 861 707 Hesychii
892 669 1032 695 versus
1062 669 1145 696 non
1176 658 1230 697 sit
1259 656 1424 696 Cratini.
1462 658 1554 696 fort.
1595 657 1692 696 scri-

43 711 45 713 ’
99 714 277 754 bendum
307 710 507 763 ἕκπαις,
538 715 585 754 in
611 714 838 763 ‘infantium
868 727 1032 754 numero
1062 716 1145 754 iam
1173 728 1256 755 non
1285 715 1504 763 referenda.

851 838 937 882 288

393 916 498 962 οὐδ’
531 915 843 962 ὑδατοπωτῶν
875 916 986 962 οὐδὲ
1016 921 1409 976 κοιλοφθαλμιῶν.

19 1041 21 1046 .
214 1003 361 1044 Pollux
391 1005 431 1056 4,
465 1005 546 1044 184
578 1002 677 1055 τάχα
716 1000 762 1042 δὲ
799 1002 867 1042 καὶ
897 1000 940 1043 τὸ
973 1006 1317 1055 κοιλοφθαλμιᾶν,
1359 1001 1434 1043 οὔκ
1473 1002 1581 1043 ἴδιον
1618 1000 1693 1056 μὲν

33 1091 39 1094 »
98 1059 314 1115 γινόμενον
350 1059 396 1100 ἐν
432 1057 663 1113 ὀφθαλμοῖς
704 1059 882 1113 νόσημα,
928 1062 1156 1114 συμβαῖνον
1196 1060 1241 1100 δὲ
1281 1061 1562 1101 κοιλαίνεσθαι
1598 1061 1692 1110 τοὺς

19 1118 22 1121 ’
98 1116 341 1172 ὀφθαλμοὺς
381 1117 421 1168 ἐξ
459 1117 583 1158 ἄλλον
615 1117 850 1171 νοσήματος.
895 1116 986 1158 οὐδ’
1021 1142 1077 1148 ——
1107 1120 1462 1172 κοιλοφθαλμιῶν,
1505 1118 1632 1170 φησὶν
1669 1116 1691 1158 ὃ

99 1178 313 1229 Κρατῖνος.
345 1173 621 1216 ὑδατοπωτῶν
642 1178 752 1217 Pors.
773 1178 880 1218 Adv.
905 1175 1007 1230 284]
1032 1174 1307 1217 ὑδατοποτῶν,
1342 1179 1392 1217 cf.
1414 1178 1514 1218 Lob.
1538 1178 1690 1229 Phryn.

102 1236 205 1289 456,
236 1236 270 1275 si
301 1236 350 1275 de
390 1249 431 1275 se
470 1239 591 1286 poeta
620 1236 814 1286 loquitur,
845 1249 987 1276 versus
1018 1237 1191 1276 fortasse
1222 1236 1272 1275 ad
1312 1236 1490 1287 Pytinen
1520 1237 1692 1276 referen-

103 1294 178 1334 dus
211 1296 286 1333 est.

850 1383 936 1427 289

365 1463 534 1507 τούτου
565 1461 607 1507 δ’
642 1461 824 1514 ἁπάσας
853 1462 1067 1519 άποτεμοῖ
1096 1463 1178 1514 τὰς
1207 1466 1425 1521 μηχανάς.

215 1547 388 1588 Bokker.
419 1549 572 1588 Anecd.
607 1550 676 1598 28,
696 1549 748 1588 29
780 1543 996 1600 ἀποτεμεῖν
1024 1547 1228 1600 μηχανάς·
1261 1550 1474 1602 Κρατῖνος.
1505 1543 1693 1601 ὑποτεμῶ
1731 1572 1733 1574 ·

103 1605 244 1648 Cobet.
275 1606 324 1645 N.
355 1607 383 1646 1.
418 1607 512 1646 148.

849 1696 936 1739 290

385 1773 573 1833 ἀνδρῶν
603 1774 806 1832 άρίστων
837 1778 961 1820 πᾶσα
989 1778 1230 1833 γαργαίρει
1266 1777 1414 1828 πόλις.

217 1860 349 1902 Schol.
382 1861 510 1901 Arist.
541 1861 719 1901 Acharn.
752 1863 778 1917 3
811 1861 953 1901 Suidas
986 1859 1446 1913 ψαμμακοσιογάργαρα·
1480 1859 1547 1900 καὶ
1581 1862 1691 1912 Κρα-

102 1920 211 1965 τῖνος
241 1915 406 1983 ανδρων
435 1921 515 1959 κτλ.
547 1915 709 1970 ανδρῶν
738 1914 914 1971 ἀρίστων
943 1915 1163 1972 Kusterus]
1195 1915 1368 1971 ἀρίστων
1398 1914 1562 1970 ἄνδρων
1594 1919 1689 1958 Ald.

99 1972 266 2025 ἄνδρων
281 1971 458 2023 ἀρίστων
476 1972 670 2028 μάρμαιρε
686 1973 802 2031 (supt
806 1990 905 2016 aser
926 1974 1136 2029 κάρκαιρε)
1155 1975 1500 2029 Β3υ1.καρκαι’ρει
1522 1976 1565 2016 C.
1577 1976 1690 2016 Suid.

102 2038 144 2074 at
174 2047 264 2074 cum
294 2035 405 2073 nulla
435 2035 531 2073 urbs
568 2036 725 2083 optimis
756 2035 912 2075 civibus
943 2035 1121 2074 abundet
1151 2038 1192 2074 et
1227 2033 1456 2087 γαργαίρειν
1489 2035 1538 2073 de
1570 2035 1687 2073 malis

103 2091 188 2131 fere
218 2092 486 2142 praedicetur,
518 2092 774 2132 scribendum
803 2092 985 2142 videtur,
1008 2087 1166 2143 μάλιστ’
1201 2088 1419 2145 ἀνάνδρων
1439 2093 1504 2132 vel
1525 2088 1691 2144 ἀνδρῶν

103 2145 332 2202 ἀνάνδρων.

332 2316 431 2361 ἄλλ’
467 2313 553 2361 οὖν
582 2321 678 2377 θεῷ
710 2317 948 2362 (πείσαντ’
982 2317 1179 2376 ἄμυστιν
1210 2320 1284 2362 δεῖ
1310 2327 1447 2362 πιεῖν.

221 2402 355 2443 Schol.
387 2403 571 2454 Euripid.
602 2403 722 2443 Rhes.
751 2405 834 2443 419
872 2401 986 2442 ἄλλοι
1023 2402 1068 2442 δὲ
1107 2402 1171 2443 ἐπὶ
1201 2408 1272 2455 τῆς
1303 2400 1498 2442 ἀπνευστὶ
1528 2399 1683 2451 πόσεως

104 2455 288 2499 τάττουσι
318 2457 361 2499 τὸ
393 2458 520 2511 ὄνομα
552 2457 784 2514 (ἄμυστις),
818 2457 871 2507 ὡς
902 2462 1116 2514 Κρατῖνος.
1155 2463 1242 2515 θεῷ
1273 2457 1481 2500 σπάσαντ’
1514 2458 1689 2512 ἄμυστιν

95 2517 160 2546 ’-
197 2521 306 2557 πιεῖν
342 2519 391 2558 L.
427 2515 584 2574 Dindf.]
630 2517 733 2558 θεὸν
771 2518 980 2566 πείσαντες
1018 2519 1164 2570 μῦστιν
1202 2521 1334 2558 ποιεῖν
1369 2519 1408 2557 Α
1442 2519 1568 2571 (πιεῖν
1607 2532 1687 2559 sec,

106 2575 281 2629 Cobet).
316 2577 444 2616 ‘loeus
474 2577 569 2616 fort.
602 2589 649 2615 ox
678 2576 827 2628 Pytine
858 2578 1042 2627 petitus'.
1074 2577 1248 2616 Meinek.

855 2688 940 2731 292

399 2767 540 2826 ὅνπερ
574 2769 824 2824 Φιλοκλέης
853 2769 935 2812 τὸν
967 2768 1106 2824 λόγον
1138 2769 1400 2826 διέφθορεν.

224 2853 356 2893 Schol.
394 2853 604 2904 Sophoclis
640 2854 781 2904 Antig.
817 2854 901 2893 404
939 2849 987 2892 ὃν
1025 2851 1076 2891 σὺ
1115 2850 1185 2891 τὸν
1228 2850 1374 2905 νεκρὸν
1410 2848 1604 2904 ἀπεῖπας]
1647 2849 1690 2891 τὸ

109 2905 220 2962 ἑξῆς·
253 2907 323 2950 τὸν
351 2910 499 2963 νεκρὸν
528 2908 581 2950 ὃν
610 2905 662 2949 σύ
692 2906 867 2958 ἀπεῖπας
905 2908 1093 2950 θάπτειν.
1133 2907 1239 2949 οὕτω
1268 2907 1312 2949 δὲ
1341 2915 1516 2961 χρῶνται
1547 2909 1588 2948 οἱ
1613 2922 1689 2948 ποι-

178 2981 295 3009 comici
315 2983 437 3017 graeci,
456 2983 503 3009 ed.
524 2983 585 3011 Th.
600 2982 714 3009 Kock.
735 2983 761 3008 1.
1396 2979 1415 3012 7
