1872 3224
606 208 873 243 ΒΟΤΚΟΛΟΙ
897 227 938 232 —-
967 209 1224 243 ΔΗΛῙΑΔΕΣ
1662 211 1715 253 19

800 312 1040 347 ΒΟΤΣΙΡΙΣ

234 395 390 435 Eodem
420 395 583 434 nomine
615 394 840 434 comoedias
870 396 1167 446 inscripserunt
1196 396 1461 448 Antiphanes,
1485 397 1709 448 Ephippus,

121 452 434 504 Mnesimachus,
466 455 508 491 et
539 452 678 491 drama
709 452 929 503 satyricum
960 453 1189 504 Euripides.
1242 454 1327 494 sine
1367 454 1490 494 dubio
1523 453 1712 495 Cratinus

47 540 52 546 ,
120 523 280 562 quoque
311 510 488 549 fabulam
517 510 632 550 illam
663 510 711 549 de
741 510 915 549 Hercule
945 513 987 549 et
1017 510 1203 551 Busiride
1227 513 1408 563 Aegypti
1437 525 1533 564 rege
1563 515 1710 552 tracta-

119 571 235 609 verat
271 568 538 618 Herculisque
579 566 795 619 βουλιμίαν
834 568 1077 607 comicorum
1115 582 1226 609 more
1266 570 1571 610 inlustraverat.
1621 584 1711 609 nar-

118 628 182 665 rat
211 626 393 665 fabulam
423 625 610 676 Ap0110d.
644 626 681 673 2,
715 627 752 673 5,
789 626 855 664 11.
887 625 939 664 cf.
971 625 1049 665 Dio
1081 624 1223 677 Chrys.
1249 628 1287 676 8,
1312 628 1380 666 32.
1414 626 1546 667 schol.
1570 627 1709 678 Apoll.

24 680 35 730 1'¹
119 683 247 723 Rhod.
279 684 317 732 4,
353 684 474 724 1396.
516 683 681 722 Cratino
712 682 860 722 minori
897 683 1046 723 rectius
1084 684 1257 724 fortasse
1298 685 1544 724 comoediam
1584 686 1708 725 tribui

85 771 87 773 .
125 741 350 781 Meinekius
382 741 554 780 coniecit
584 740 605 779 Ι
636 742 703 780 57.
735 741 834 780 413.

894 851 949 894 21

433 915 457 965 ὁ
487 920 600 977 βοῦς
632 921 807 973 ἐκεῖνος
837 916 891 977 χή
923 921 1058 977 μαγὶς
1088 921 1164 965 καὶ
1195 920 1405 979 τᾶλφιτα.

234 1005 377 1045 Pollux
412 1007 478 1058 10,
500 1007 551 1046 81
586 1007 787 1058 Κρατῖνος
819 1003 864 1045 ἐν
885 1004 1105 1077 Βουσίριδι.
1139 1006 1398 1047 ‘describitur
1427 1008 1609 1047 sacrificii
1642 1022 1712 1059 ap·

120 1065 317 1114 paratus?
376 1064 554 1103 Meinek.
579 1085 628 1091 -—
657 1065 897 1104 vocabulum
925 1063 1043 1128 μαγίς
1074 1064 1220 1104 Pollux
1247 1067 1312 1117 10,
1336 1067 1388 1105 81
1421 1066 1585 1130 proprie
1616 1067 1713 1117 poni

119 1121 217 1161 dicit
247 1118 313 1160 ἐπὶ
342 1126 413 1173 τῆς
443 1119 621 1174 μάκτρας
659 1117 686 1172 ἢ
717 1118 782 1160 ἐπὶ
815 1127 885 1173 τῆς
917 1136 964 1160 τα
995 1114 1080 1174 ἷερα
1111 1121 1257 1162 δεῖπνα
1286 1119 1315 1174 ἢ
1345 1121 1393 1160 τὰ
1423 1115 1525 1195 πρὸς1
1554 1122 1712 1163 θυσίαν

119 1176 333 1231 φερούσης.
395 1179 503 1219 idem
535 1181 572 1229 6,
607 1179 660 1218 64
691 1175 717 1230 ἡ
748 1176 793 1218 δὲ
822 1194 978 1251 μακτρα
1009 1178 1077 1219 καὶ
1105 1178 1223 1232 μαγὶς
1256 1178 1431 1219 ἐκαλεῖτο
1461 1179 1528 1220 και
1560 1179 1711 1233 σκάφη.

119 1236 171 1276 cf.
205 1238 243 1284 7,
266 1237 334 1278 22.
369 1239 434 1286 10,
458 1237 553 1277 102.
586 1237 655 1276 sed
687 1239 725 1290 6,
748 1239 801 1277 83
833 1237 880 1276 αἱ
906 1234 947 1276 δ’
982 1234 1256 1289 ἕπιτιθέμεναι
1275 1236 1344 1277 καὶ
1365 1236 1574 1291 αἰρόμεναι
1595 1237 1712 1291 τρά-

118 1306 175 1333 πε
186 1294 280 1345 ζαι,
321 1290 371 1341 ἇς
411 1299 492 1334 νῦν
529 1293 702 1347 μαγίδας
739 1297 955 1347 καλοῦσιν,
998 1297 1110 1335 cuius
1141 1293 1451 1347 significationis
1483 1298 1709 1348 exemplum

126 1351 257 1391 adfert
288 1351 410 1402 Soph.
442 1353 491 1391 fr.
526 1353 606 1391 651
639 1353 762 1395 Dind.
795 1350 908 1406 (nam
939 1353 1045 1404 apud
1077 1353 1305 1393 Nauckium
1335 1367 1418 1394 non
1446 1353 1639 1409 reperio).

790 1467 1048 1501 ΔΗΛΙΑΔΕΣ
1075 1512 1082 1519 .

236 1546 372 1595 Quae
385 1549 537 1588 fuerint
565 1549 659 1588 illae
693 1546 913 1600 Δηλιάδες,
953 1563 1001 1589 ex
1031 1550 1177 1601 quibus
1208 1550 1372 1590 chorum
1404 1551 1564 1590 fabulae
1593 1553 1713 1602 poeta

119 1607 359 1657 composuit,
395 1607 643 1657 ignoramus.
675 1608 847 1647 coniecit
877 1608 1038 1658 quidem
1062 1608 1261 1659 Bergkius
1283 1605 1351 1662 (R.
1376 1621 1409 1647 c.
1433 1608 1519 1648 Att.
1543 1609 1598 1648 34
1615 1607 1710 1660 sqq)

119 1676 209 1702 cum
241 1663 305 1704 Ol.
327 1665 394 1713 88,
417 1665 441 1703 3
473 1660 612 1718 (Diod.
637 1665 706 1714 12,
735 1665 802 1707 58.
836 1660 1018 1710 Thuc.3,
1044 1662 1145 1719 104)
1177 1666 1442 1705 Athenienses
1474 1680 1522 1706 ex
1551 1666 1711 1705 oraculo

118 1721 267 1760 Delum
296 1722 469 1761 insulam
506 1722 773 1762 lustraverint
803 1723 874 1762 et
863 1736 906 1761 111
928 1723 992 1762 dei
1012 1723 1209 1763 honorem
1230 1736 1420 1774 pompam
1443 1737 1488 1763 eo
1510 1724 1709 1772 miserint,

118 1778 193 1818 hac
225 1779 432 1832 occasione
463 1792 581 1819 usum
614 1779 825 1819 Cratinum
856 1780 1072 1819 Deliadum
1105 1781 1283 1820 fabulam
1315 1782 1608 1831 composuisse,
1640 1781 1710 1819 du-

118 1836 254 1876 bitans
285 1838 422 1876 tamen
458 1837 646 1877 Deliades
678 1838 957 1878 sacerdotesne
997 1839 1079 1878 sint
1116 1838 1322 1889 Apollinis
1361 1839 1468 1877 Delii
1504 1839 1710 1878 habendae

119 1907 170 1933 an
199 1894 379 1946 virgines
410 1895 583 1944 Atticae,
608 1908 655 1934 ex
677 1896 824 1949 quibus
846 1895 989 1936 chorus
1011 1896 1157 1935 Delum
1179 1896 1326 1936 missus
1349 1897 1588 1936 constiterit.
1640 1896 1710 1935 sed

118 1953 206 1991 tota
236 1964 282 1990 ea
312 1952 448 2003 opinio
477 1966 568 1993 cum
590 1953 675 1992 solo
697 1953 924 1993 comoediae
962 1955 1123 1993 nomine
1145 1954 1314 2003 nitatur,
1337 1967 1480 2004 parum
1501 1953 1617 1992 firma
1638 1956 1710 1993 est.
1751 1959 1754 1962 '

896 2066 952 2107 22

436 2132 766 2190 Ὑπερβορέους
797 2137 959 2189 αἰθρια
990 2132 1212 2189 τιμῶντας
1244 2135 1399 2190 στέφη.

233 2217 460 2268 Hesychius
483 2215 657 2269 αι’θρια·
691 2218 889 2270 Κρατῖνος
925 2214 1137 2282 Δηλιάσιν.
1162 2246 1170 2255 .
1219 2231 1298 2256 ,τα
1319 2210 1401 2287 γὰρ
1427 2214 1707 2283 Ὑπερβορέων

35 2281 38 2285 ’
83 2323 86 2327 ι
118 2265 204 2323 ἱερά
232 2270 333 2313 κατά
363 2288 452 2314 τινα
483 2272 652 2327 πάτριον
680 2271 886 2327 ἁγιστείαν
916 2268 988 2326 οὐχ
1019 2271 1100 2314 ὑπὸ
1132 2272 1277 2327 στέγην
1306 2271 1394 2314 ἀλλ’
1427 2269 1499 2314 ὑπ’
1535 2274 1702 2327 αἴθριον

119 2329 441 2381 διαφυλάττεται.
493 2333 580 2372 cod.
613 2331 778 2384 αἶ’-θρια
811 2334 1012 2385 Κρατῖνος
1039 2329 1233 2374 ἹΙλιασιν.
1293 2328 1559 2386 υπερμορίους
1600 2331 1707 2380 †A1.'-

118 2390 234 2441 θριαι
254 2394 451 2441 τιμωντας
473 2387 612 2441 στέφη·
646 2387 929 2443 Υπερβορέους
951 2391 1153 2435 Musurus,
1179 2387 1377 2441 Δηλιάσιν
1398 2390 1613 2442 Sopingus.
1635 2393 1707 2430 aut

118 2442 419 2499 Ὑπερβορείους
447 2451 518 2487 aut
547 2446 712 2499 αι’θρεια
743 2448 982 2488 Meinekius.

233 2508 332 2544 nota
361 2508 424 2545 est
452 2505 649 2545 Herodoti
681 2503 741 2559 (4,
776 2506 887 2545 32-
893 2507 959 2554 35,
991 2506 1042 2545 cf.
1074 2506 1246 2545 Pausan.
1281 2507 1317 2553 1,
1352 2506 1418 2553 31,
1451 2500 1495 2559 2)
1525 2505 1704 2544 narratio

120 2561 169 2600 de
200 2563 321 2602 sacris
351 2563 593 2613 quibusdam
623 2564 672 2602 ab
702 2536 979 2614 Hyperboreis
1019 2576 1092 2614 per
1122 2564 1264 2614 longas
1294 2562 1486 2601 itinerum
1518 2563 1707 2613 ambages

118 2619 162 2658 in
193 2618 400 2659 Graeciam
430 2622 472 2659 et
501 2620 649 2659 Delum
679 2621 854 2660 insulam
884 2621 1051 2670 perlatis
1083 2621 1160 2666 vel,
1161 2619 1300 2683 quod
1330 2622 1470 2670 postea
1491 2619 1706 2671 faciebant,

119 2677 379 2717 transmissis.
440 2678 538 2717 haec
568 2691 678 2717 sacra
707 2678 941 2717 Herodotus
973 2678 1071 2717 dicit
1108 2669 1173 2729 ίρα
1205 2674 1444 2726 ἐνδεδεμένα
1476 2674 1520 2715 ἐν
1550 2674 1707 2730 καλάμῃ

119 2738 275 2785 πυρῶν,
304 2734 523 2775 Pausanias
543 2730 756 2804 ἀπαρχάς,
773 2748 919 2786 easque
949 2740 1088 2775 narrat
1117 2731 1352 2785 κεκρύφθαι
1381 2731 1455 2785 μὲν
1484 2731 1528 2772 ἐν
1548 2732 1707 2788 καλάμη

119 2790 275 2843 πυρῶν,
305 2790 579 2844 γινώσκεσθαι
608 2789 653 2831 δὲ
682 2789 756 2831 ὐπς’
790 2788 982 2832 οὐδένων.
1043 2805 1199 2842 semper
1219 2804 1265 2830 ea
1287 2792 1362 2831 sub
1387 2791 1480 2830 divo
1504 2792 1707 2831 adservari

120 2849 248 2888 solere
276 2862 406 2900 neque
436 2850 666 2890 Herodotus
697 2863 826 2901 neque
857 2850 1076 2890 Pausanias
1116 2851 1254 2888 auctor
1293 2851 1372 2900 est3
1412 2849 1578 2887 tradunt
1617 2861 1707 2887 cum

122 2905 323 2957 Hesychio
354 2907 422 2946 alii
451 2908 715 2958 grammatici,
745 2908 857 2946 velut
877 2907 1003 2947 Bekk.
1023 2906 1176 2953 Anecd.
1199 2907 1296 2956 355,
1320 2907 1372 2945 29
1395 2904 1539 2958 αἴθρια
1562 2902 1704 2955 στέφη·

1384 2970 1434 3006 2*
