1872 3224
239 182 321 224 748
864 180 1190 216 ΘΕοΠοΜΠοΤ

241 287 421 326 cothonis
451 284 673 337 ἅμβωνας.’
719 285 843 325 Dobr.
872 285 1041 324 Advers.
1075 285 1114 323 II
1146 286 1242 324 333.
1287 286 1393 325 recte
1422 286 1464 324 in
1494 285 1808 337 interrogatione

241 344 479 387 sententiam
509 343 645 392 posuit
673 342 828 381 Iacobs.
851 342 991 381 Addit.
1014 343 1115 381 261:
1146 344 1268 393 negat
1293 342 1399 381 enirn
1421 355 1510 382 cum
1530 342 1808 394 indignatione

244 401 386 439 mulier
417 413 458 439 se
488 412 619 438 mores
652 399 882 449 victumque
911 399 1086 438 militum
1117 401 1356 438 secuturam.

1001 499 1058 541 55

411 579 555 621 καίτοι
584 578 650 629 τίς
681 575 766 620 οὐκ
797 575 856 620 ἂν
885 574 1007 629 οἶκος
1038 570 1090 620 εὗ
1121 578 1310 634 πράττοι
1339 579 1689 635 τετρωβολίζων,
1758 602 1760 604 -

414 646 455 689 εἰ
484 648 572 689 νῦν
601 662 652 701 γε
685 644 910 701 διώβολον
940 647 1096 701 φέρων
1126 644 1243 702 ἀνὴρ
1274 647 1429 702 τρέφει
1457 653 1675 701 γυναῖκας

353 731 497 769 Pollux
536 731 583 778 9,
617 730 670 769 64
708 727 815 781 παρὰ
857 727 1082 783 Θεοπόμπῳ
1121 727 1166 768 ἐν
1203 728 1467 798 Στρατιώτισι
1496 726 1539 769 τὸ
1569 727 1812 782 τετρώβολον

239 785 459 838 λαμβάνειν
489 784 780 839 τετρωβολίζειν
809 782 1035 837 ὠνόμασται
1067 788 1149 828 κτλ.
1210 780 1318 834 οἶκος
1339 787 1580 827 Fritzschius
1609 787 1670 826 De
1690 799 1810 828 merc.

239 845 322 883 iud.
357 842 427 897 19]
467 842 585 890 εἰκός.
639 848 716 882 νῦν
751 840 815 896 γε]
854 848 954 882 νῦν
963 843 1148 883 Dindorf.
1197 843 1274 882 νῦν
1310 839 1350 895 γ’
1389 837 1490 896 ἀνὴρ
1527 841 1642 895 ὃιώβ.
1696 843 1830 884 Fors.-

240 902 337 941 Hec
360 901 481 951 praef
503 901 623 939 XLV.
675 897 809 952 φέρων
831 923 875 929 -
906 897 1038 952 τρέφει
1059 898 1280 965 Kuehnius]
1304 897 1414 953 φέρει
1435 923 1484 928 -—
1502 898 1675 954 τρέφειν,
1705 901 1812 952 quod

240 971 320 997 non
350 960 458 998 recte
487 959 637 997 retinet
665 958 881 997 Porsonus.
912 971 1042 1008 neque
1073 959 1179 996 enim
1209 958 1297 997 ideo
1327 959 1391 998 vir
1419 959 1639 998 mercedem
1668 957 1813 1010 accipit

238 1018 284 1053 ut
305 1016 385 1054 alat
407 1016 634 1054 mulierem:
666 1028 759 1054 nam
780 1016 925 1066 accipit
953 1015 1074 1054 etiam
1103 1016 1173 1065 qui
1203 1028 1367 1054 uxorem
1396 1028 1477 1056 non
1506 1016 1639 1057 habet.
1661 1037 1717 1045 —-
1747 1029 1812 1055 ex-

232 1074 378 1122 cerpta
406 1073 500 1111 haec
531 1074 626 1111 sunt
655 1085 703 1111 ex
733 1074 987 1123 syntagmate
1018 1071 1209 1122 iambico,
1245 1073 1288 1111 in
1318 1085 1396 1122 quo
1428 1072 1476 1112 de
1505 1072 1741 1112 mulieribus
1770 1073 1814 1112 in

243 1130 419 1168 militum
450 1142 660 1168 numerum
689 1129 930 1179 recipiendis
961 1129 1211 1180 certabatur3
1245 1129 1498 1169 commendat
1527 1143 1610 1169 rem
1631 1129 1813 1180 quisquis

241 1187 442 1237 loquitur,
487 1186 639 1226 reditus
678 1186 855 1225 familiae
893 1186 1091 1237 duplicari
1130 1186 1287 1235 dicens,
1333 1187 1367 1225 si
1411 1199 1502 1226 cum
1541 1187 1627 1226 viro
1666 1183 1816 1226 femina

240 1257 396 1294 quoque
434 1243 657 1283 mercedem
695 1244 915 1282 militarem
952 1243 1132 1294 accipiat.
1192 1257 1238 1283 ea
1278 1243 1384 1283 enim
1424 1243 1694 1295 significatur,
1723 1239 1815 1284 ‘non

240 1301 427 1350 iudicum,
453 1302 497 1339 ut
521 1301 620 1340 falso
642 1301 762 1340 etiam
779 1300 1104 1340 Wachsmuthius
1125 1301 1167 1339 in
1182 1301 1283 1342 Mus.
1301 1301 1428 1340 Rhen.
1444 1300 1639 1340 XXXIIII
1659 1301 1811 1351 161·sq.

239 1358 287 1399 cf.
309 1371 410 1408 quae
435 1360 574 1397 contra
595 1371 686 1397 eum
707 1358 748 1397 in
770 1359 851 1398 vol.
871 1356 1021 1397 XXXV
1044 1357 1262 1409 disputavi.
1295 1360 1381 1397 erat
1396 1360 1530 1398 autem
1550 1371 1631 1397 non
1654 1371 1814 1408 semper

239 1415 397 1454 eadem:
431 1415 665 1466 plerumque
687 1417 822 1454 tamen
844 1415 1012 1454 duorum
1043 1415 1253 1454 obolorum
1282 1415 1442 1454 videtur
1472 1415 1608 1455 fuisse.
1641 1414 1812 1455 Boeckh.

242 1471 388 1511 Oecon.
422 1469 592 1511 Α’[Ι1611.2
612 1472 632 1510 Ι
656 1474 750 1512 168.
774 1474 869 1512 378.
903 1475 1081 1512 ceterum
1111 1472 1164 1512 cf.
1195 1472 1401 1523 Aristoph.
1431 1472 1506 1523 Eq.
1540 1473 1634 1514 798.

1008 1572 1064 1614 56

447 1649 473 1706 ἡ
506 1651 814 1707 Θρασυμάχου
846 1649 887 1694 δ’
919 1648 1047 1706 ὑμῶν
1076 1650 1194 1707 γυνὴ
1227 1653 1377 1702 καλως
1406 1649 1704 1707 ἐπιστατήσει.

353 1734 580 1774 Priscianus
615 1735 685 1782 18,
720 1736 801 1774 213
839 1734 961 1775 Attica·
997 1731 1248 1785 έπιστατήσει
1284 1730 1401 1785 ὑμῶν
1438 1731 1506 1772 καὶ
1536 1730 1648 1786 ὑμῖν.
1712 1731 1814 1774 Θεό-

241 1805 395 1842 πομπος
436 1789 727 1844 Στρατιώτισιν
764 1794 844 1832 κτλ.
906 1785 945 1830 δ’
983 1791 1156 1831 inseruit
1186 1792 1357 1831 Meinek.
1398 1792 1571 1843 reliquas
1601 1791 1814 1832 varietates

241 1862 342 1898 quae
372 1849 472 1888 nihil
503 1849 552 1887 ad
583 1862 667 1888 rem
698 1850 871 1898 faciunt,
909 1850 1088 1889 recenset
1116 1849 1319 1888 Hertzius.
1361 1849 1698 1899 Thrasymachum
1717 1849 1814 1888 Mei-

241 1906 384 1946 nekius
422 1906 500 1945 dici
540 1909 656 1956 putat
696 1906 1018 1947 chalcedonium.
1070 1906 1168 1945 mihi
1212 1918 1360 1946 nomen
1404 1906 1681 1946 tantummodo
1718 1906 1814 1946 boni

245 1963 389 2002 ominis
421 1976 540 2003 causa
571 1963 769 2003 delectum
801 1964 973 2004 videtur.

1005 2064 1059 2106 57

356 2146 487 2185 Schol.
519 2146 677 2185 Platon.
712 2148 795 2186 330
825 2146 950 2186 Bekk.
981 2144 1215 2197 Θεόπομπος
1253 2142 1297 2184 δὲ
1335 2140 1621 2197 Στρατιωτισιν
1644 2141 1812 2212 Ἐμβα-

241 2202 334 2240 ὃᾶν
353 2199 602 2270 (Ἄνυτον)
623 2197 706 2242 εἷπε
736 2200 844 2255 παρὰ
873 2218 942 2250 τας
965 2201 1154 2254 ἐμβάδας,
1188 2200 1272 2242 ἐπεὶ
1301 2199 1370 2240 καὶ
1394 2200 1612 2254 ’Ἀρχιππος
1635 2197 1816 2253 Ἰχθύσιν

243 2259 298 2306 εἰς
330 2257 475 2298 σκυτέα
505 2256 631 2299 αὐτὸν
661 2259 845 2300 σκώπτει.
895 2255 1103 2312 Ἐμβαδοῖν
1132 2260 1305 2300 Meinek.
1336 2261 1398 2300 ed.
1421 2260 1505 2299 min
1525 2256 1635 2312 XIV]
1665 2255 1812 2311 Ἐμβοὶ-

242 2316 333 2357 δαν
383 2318 544 2368 Amycus
573 2320 635 2357 est
665 2317 842 2358 Socratis
873 2320 1090 2358 accusator.

1005 2417 1061 2460 58

448 2473 681 2530 σκληφρός

358 2554 407 2595 ὃν
435 2555 501 2596 καὶ
533 2557 688 2608 νεοειδῆ
717 2553 774 2596 o'c'v
804 2555 945 2604 εἴποις.
1002 2555 1236 2608 Θεόπομπος
1266 2553 1311 2596 δὲ
1341 2552 1361 2595 ὁ
1392 2548 1564 2607 κωμικὸς
1587 2553 1650 2595 ἐπὶ
1670 2570 1811 2608 γυναι-

242 2612 313 2661 κὸς
329 2612 488 2666 εἴρηκεν
501 2609 598 2653 αὐτὸ
615 2611 659 2653 έν
674 2612 975 2666 Στρατιώτισιν.
1008 2615 1154 2654 Pollux
1171 2616 1209 2667 2,
1234 2615 1300 2654 10.
1333 2611 1534 2665 σκληφρός
1557 2616 1619 2653 est
1636 2615 1809 2665 gracilis.

1427 2675 1450 2693 Q

886 2726 1175 2760 ΤΙΣΑΜΕΝΟΣ

357 2795 654 2847 Intellegendus
685 2797 843 2837 videtur
872 2796 978 2836 filius
1015 2796 1307 2843 Mechanionis,
1347 2797 1484 2835 auctor
1512 2795 1732 2846 plebisciti,
1765 2797 1812 2834 ut

244 2867 382 2893 eversa
419 2854 589 2905 triginta
624 2856 884 2905 tyrannorum
924 2854 1195 2894 dominatione
1227 2853 1385 2892 Solonis
1415 2853 1524 2906 leges
1553 2853 1810 2894 restitueren-
