1872 3224
698 224 850 260 ΝΗΣΟῘ
899 228 1134 264 ΟΛΚΑΔΕΣ
1605 239 1688 280 495

874 329 957 373 398

329 379 497 434 ἔλυμος

108 463 135 525 1·
195 468 197 471 ’
235 457 390 525 σπέρμα
421 477 458 501 τι
487 460 512 501 ὃ
541 461 719 514 ἕψιόντες
750 466 791 506 οἵ
809 464 1000 517 Λάκωνες
1030 468 1189 522 ἤσθιον.
1211 471 1497 530 Ἀριστοφάνης
1522 479 1684 532 Νήσοις.

121 516 261 572 Etym.
293 532 346 559 m.
379 519 476 570 333,
509 522 576 562 33.
617 524 667 565 cf.
700 524 872 576 Hesych.
903 524 1034 578 ἔλεμος
1063 532 1104 568 et
1133 527 1282 582 ἔλυμος,

867 637 951 680 399

0 727 32 799 {-
235 713 423 768 θράνοι,
453 716 641 770 θρανία,
672 716 890 771 θρανίδια

0 826 22 850 5„
236 792 282 834 ἐν
311 791 468 847 Νήσοις
497 793 826 851 Ἀριστοφάνους.
858 800 998 840 Pollux
1035 805 1096 851 10,
1128 805 1194 843 47.
1236 806 1425 847 incertum
1462 814 1522 850 est
1550 814 1681 852 omnia

0 851 32 905 ᾗς
107 850 218 902 'haec
249 866 302 893 an
331 855 496 894 tertium
528 856 657 895 solum
686 858 728 895 in
759 857 906 897 Insulis
937 860 1144 900 invenerit.
1347 875 1349 877 ’

0 898 18 970 l
106 907 111 920 ι’
181 909 298 971 ''Cfi
330 912 453 951 etiam
486 913 534 951 fr.
569 915 663 954 683.

789 1006 1021 1041 ΟΛΚΑΔΕΣ

13 1124 15 1126 .
43 1128 47 1129 ⁷
230 1095 399 1148 Argum.
431 1096 546 1136 Pacis
577 1096 678 1137 Ven.
709 1093 756 1136 οὗ
787 1103 901 1138 τοῦτο
930 1097 974 1138 δὲ
1010 1099 1136 1151 μόνον
1177 1098 1277 1152 ὑπὲρ
1314 1102 1472 1157 εἰρήνης
1506 1103 1677 1159 Ἀριστο-

114 1145 250 1202 φάνης
280 1150 324 1191 τὸ
355 1151 486 1206 δρᾶμα
516 1151 696 1194 τέθεικεν
717 1154 927 1207 (καθεῖκεν
946 1156 1104 1210 Dindf.)
1131 1154 1227 1198 ἀλλὰ
1256 1159 1323 1200 καὶ
1343 1190 1352 1199 .
1375 1194 1383 1202 .
1406 1194 1416 1202 .
1433 1160 1677 1215 Ὁλκάδας,

113 1206 182 1248 καὶ
211 1215 422 1262 πανταχοῦ
450 1210 567 1250 τοῦτο
597 1209 833 1263 ἐσπούδακε,
864 1212 933 1253 τὸν
962 1212 1006 1253 δὲ
1039 1212 1197 1255 Κλέωνα
1224 1218 1426 1273 κωμῳδῶν
1464 1217 1534 1259 τὸν
1573 1217 1677 1260 ἄντι·

113 1263 278 1319 λέγοντα
308 1266 376 1307 καὶ
408 1263 606 1320 Λάμαχον
635 1267 705 1308 τὸν
734 1267 997 1323 φιλοπόλεμον
1025 1268 1087 1312 άεὶ
1116 1270 1350 1326 διαβάλλων.
1410 1291 1507 1328 quae
1537 1279 1585 1317 de
1605 1279 1675 1318 hac

113 1325 320 1365 comoedia
349 1326 549 1377 Bergkius
579 1329 760 1378 exposuit
797 1342 835 1378 p.
872 1331 977 1368 1113
997 1343 1078 1381 sq.,
1119 1345 1164 1370 ea
1200 1345 1437 1384 quamquam
1474 1336 1677 1386 eleganter

113 1384 155 1421 et
184 1383 447 1434 singulariter
476 1384 679 1435 disputata
716 1386 904 1425 videntur
934 1387 1235 1428 Wilamowitzio
1267 1389 1359 1430 Obs.
1391 1393 1480 1431 crit.
1513 1393 1577 1439 20,
1610 1393 1675 1430 ad-

83 1439 87 1442 ’
115 1439 279 1479 modum
311 1441 435 1480 dubia
462 1442 652 1481 nituntur
676 1442 894 1493 Vesparum
911 1445 1112 1494 parabasis
1132 1447 1459 1496 interpretatione
1487 1451 1528 1487 et
1548 1462 1673 1499 neque

113 1509 211 1542 cum,
233 1498 487 1550 Argumento
521 1499 635 1539 Pacis
665 1513 793 1550 neque
823 1513 911 1539 cum
934 1501 1154 1541 Holcadum
1175 1503 1407 1554 fragmentis
1428 1509 1671 1557 congruunt:

110 1566 207 1594 nam
237 1555 512 1607 fragmentum
543 1557 706 1607 quidem
726 1558 822 1607 411,
855 1560 995 1608 utpote
1033 1572 1080 1598 ex
1109 1560 1368 1610 epirrhemate
1409 1562 1671 1614 desumptum,

110 1611 160 1651 ad
191 1612 423 1653 comoediae
455 1616 734 1665 argumentum
764 1615 1056 1655 inlustrandum
1085 1617 1186 1655 nihil
1215 1630 1377 1667 prorsus
1408 1618 1572 1658 confert.
1619 1620 1671 1657 la-

110 1670 281 1723 cessitos
307 1677 395 1711 esse
427 1671 618 1712 Cleonem
649 1674 689 1711 et
726 1672 1008 1723 sycophantas,
1049 1674 1154 1724 quod
1191 1675 1392 1714 frumento
1431 1689 1475 1714 ex
1514 1676 1672 1714 Euboea

110 1726 278 1767 advecto
308 1728 593 1783 etp'largitione
624 1730 883 1769 frumentaria
912 1730 1017 1769 facta
1045 1731 1193 1770 multos
1213 1732 1316 1771 cives
1338 1733 1567 1783 peregrinae
1592 1733 1668 1770 ori·

108 1784 216 1835 ginis
247 1785 412 1826 crimine
443 1789 717 1836 accusassent,
749 1787 909 1826 concedi
938 1789 1090 1838 potest:
1129 1801 1323 1828 summam
1345 1789 1564 1829 comoediae
1585 1802 1668 1828 eam

110 1841 234 1882 fuisse
264 1855 383 1895 nego.
444 1844 599 1884 scilicet
629 1845 677 1883 fr.
710 1845 794 1884 400
830 1847 986 1894 reperto
1022 1845 1155 1895 paullo
1188 1846 1332 1884 certius
1371 1846 1418 1884 de
1449 1845 1667 1885 Holcadum

95 1899 350 1950 argumento
380 1901 476 1941 licet
504 1902 691 1941 iudicare.
752 1904 799 1940 ut
828 1902 1023 1951 plurimae
1054 1902 1274 1941 comoediae
1303 1903 1446 1952 quibus
1469 1915 1542 1952 pax
1564 1915 1665 1941 com-

107 1957 387 2006 mendabatur,
420 1959 531 2009 ipsae
561 1972 718 2009 quoque
748 1959 789 1998 in
819 1959 915 1997 duas
944 1961 1076 2008 partes
1107 1961 1220 1998 erant
1240 1959 1400 1998 divisae.
1432 1972 1476 1998 ac
1496 1959 1666 2009 primum

107 2014 271 2064 quidem
313 2028 450 2055 omnes
490 2016 659 2055 iniuriae
697 2016 1071 2066 criminationesque
1109 2019 1150 2055 et
1187 2016 1584 2055 Lacedaemoniorum
1625 2016 1664 2054 in

106 2071 373 2112 Athenienses
412 2076 454 2112 et
483 2073 789 2113 Atheniensium
828 2073 870 2111 in
905 2073 1235 2112 Lacedaemonios
1272 2073 1439 2112 navibus
1476 2073 1664 2111 onerariis

106 2129 310 2180 utrimque
342 2130 530 2170 videntur
559 2130 745 2170 advectae
775 2143 859 2169 esse
888 2130 929 2186 in
959 2130 1190 2179 trutinaque
1219 2129 1371 2180 positae
1401 2132 1440 2168 et
1469 2130 1660 2168 examina-

99 2187 191 2225 tae:
221 2199 300 2237 quo
330 2187 437 2227 facto
469 2201 560 2227 cum
591 2188 837 2238 adparuisset
867 2189 1053 2237 utrasque
1083 2186 1234 2237 pariter
1262 2187 1342 2226 fere
1368 2198 1506 2236 yraves
1525 2188 1565 2224 et
1584 2189 1663 2224 tur-

99 2254 172 2291 pes
200 2256 301 2296 esse,
331 2258 408 2295 pax
439 2245 663 2294 composita
692 2248 753 2284 est
781 2246 839 2283 eis
869 2244 1177 2291 condicionibus,
1210 2243 1353 2293 quibus
1386 2243 1540 2292 utrique
1569 2255 1664 2292 gau-

104 2300 260 2340 derent.
292 2302 436 2341 deinde
466 2303 509 2340 in
539 2302 664 2340 altera
693 2302 850 2341 fabulae
878 2303 991 2352 parte
1021 2300 1267 2350 Dicaeopolis
1297 2300 1439 2349 aliquis
1470 2299 1531 2338 vel
1563 2298 1661 2348 Try-

104 2369 228 2408 gaeus
259 2353 486 2398 securitate>
503 2359 608 2399 vitae
638 2359 811 2398 rusticae
840 2360 998 2408 recepta
1028 2357 1188 2396 domum
1214 2366 1240 2395 ‘a
1270 2356 1588 2395 Lacedaemoniis
1619 2355 1658 2392 in

103 2413 214 2454 bello
242 2428 425 2457 eversam
454 2416 635 2455 restituit
664 2417 706 2455 et
742 2416 852 2467 ligna
889 2415 939 2453 ad
976 2427 1063 2454 eam
1100 2426 1181 2452 rem
1219 2413 1436 2451 necessaria
1472 2424 1517 2450 ex
1555 2411 1657 2449 saltu

103 2471 250 2514 adfert.
303 2473 476 2524 denique
497 2473 615 2512 domo
637 2472 842 2511 aedificata
861 2472 1006 2510 amicos
1029 2471 1254 2519 vicinosque
1275 2469 1324 2508 ad
1346 2481 1477 2507 cenam
1501 2468 1656 2506 invitat.

98 2529 154 2568 -de
183 2531 365 2580 tempore
394 2543 476 2570 non
506 2531 673 2569 constat.

848 2616 934 2658 400

307 2700 461 2755 βαβαί,
493 2696 676 2741 Λάκων·
709 2695 769 2746 ὥς
798 2694 1063 2752 ἀμφοτέρων
1091 2690 1217 2749 ἡμῶν
1246 2691 1354 2746 πρὶν
1383 2684 1443 2747 ἦν

308 2766 363 2810 τὰ
394 2763 619 2823 πράγματ’
654 2764 877 2821 οἰσυπηρά
907 2764 979 2806 καὶ
1009 2763 1319 2817 βαρύσταθμα.

216 2850 353 2902 Etym.
386 2865 437 2890 m.
472 2853 574 2899 619,
610 2850 659 2887 12
700 2845 895 2899 οἰσυπηρά
935 2844 1037 2894 ἔρια·
1075 2841 1119 2882 τὰ
1158 2840 1342 2895 ῥυπαρά·
1385 2840 1451 2881 καὶ
1490 2840 1658 2880 οἴσυπον

99 2904 298 2959 λέγουσιν.
355 2904 445 2946 ἀλλ’
475 2904 761 2959 Ἀριστοφάνης
792 2902 836 2942 ἐν
857 2900 1110 2955 Λυσιστράτῃ
1131 2898 1248 2951 (575)
1270 2897 1470 2949 οἰσπώτην
1489 2898 1655 2948 εἴρηκεν.
