1872 3224
791 214 1059 250 ΜΑΛΘΑΚΟῙ
1667 214 1725 257 45

110 322 308 376 ‘braehus
346 334 431 368 esse
468 334 551 361 non
588 321 729 371 possit.
777 323 819 360 at
857 333 947 360 cum
986 321 1095 371 prior
1132 333 1224 371 pars
1255 320 1473 371 Eupolidei
1502 321 1724 361 Fritzsohio

137 380 225 431 ipso
256 381 419 419 auctore
448 379 551 418 nihil
582 378 691 417 aliud
721 379 776 418 sit
805 392 925 429 quam
957 379 1176 429 glyconeus
1215 378 1620 429 polysohematistus,
1652 380 1725 417 tri-

136 437 332 478 brachum
375 449 460 476 non
497 435 789 476 excludendum
829 449 916 476 esse
952 436 1069 475 docet
1109 435 1348 487 Sophocles,
1393 437 1463 486 qui
1499 436 1600 476 Ant.
1644 438 1723 476 109

138 491 323 548 (φυγάδα
343 491 571 547 πρόδρομον
599 488 788 547 ὀξυτέρῳ)
819 494 864 532 111
894 495 1066 544 utraque
1096 493 1184 533 basi
1215 507 1306 533 eum
1338 494 1515 533 admisit.
1549 496 1725 534 ceterum

139 553 337 599 Hehnius,
357 550 595 604 (Kulturpfl.
629 550 730 602 355)
764 551 835 601 qui
865 551 1038 602 cytisum
1068 551 1173 602 apud
1205 551 1365 590 Atticos
1395 553 1490 591 ante
1511 552 1724 603 Eupolidis

139 610 290 662 Capras
326 610 629 650 commemorari
666 611 809 660 negat,
851 609 933 648 hoc*
965 607 1118 648 Cratini
1156 622 1276 648 versu
1312 609 1525 651 refutatur.
1576 610 1726 650 Medon

69 673 72 676 ’
140 667 303 708 aliunde
332 681 416 707 non
446 667 646 719 cognitus.
679 667 727 706 de
756 666 922 706 floribus
954 679 1054 717 quos
1084 667 1271 706 nominat
1304 670 1424 717 poeta
1455 668 1724 707 consulendus

140 728 203 766 est
232 725 417 766 Fraasius
448 726 492 765 in
524 725 701 776 Synopsi
731 725 857 775 plant.
890 724 977 763 flor.
1010 724 1124 764 class.

909 871 965 914 99

254 967 486 1007 Athenaeus
509 969 546 1015 3,
574 968 686 1006 1116
716 963 843 1019 ὀίρτου
874 962 914 1005 δ’
949 960 1055 1013 εἶδός
1079 962 1159 1004 ἔστι
1181 964 1247 1005 καὶ
1275 961 1296 1005 ὁ
1323 962 1552 1020 αποπυρίας
1578 966 1723 1007 καλού-

138 1039 276 1078 μενος,
307 1021 371 1064 ἐπ’
404 1020 626 1078 ἀνθράκων
656 1021 698 1063 δ’
732 1020 913 1063 ὀπτᾶται.
945 1026 1125 1063 καλεῖται
1155 1019 1196 1062 δ’
1236 1018 1354 1071 οὗτος
1385 1021 1466 1063 υπό
1506 1039 1629 1064 τινων
1660 1027 1723 1073 ζυ-

137 1082 267 1135 μίτης.
310 1084 506 1136 Κρατῖνος
539 1084 789 1129 Μαλθακοῖς
826 1086 1022 1134 πρῶτον
1059 1077 1348 1150 ἀποπυρίαν
1386 1080 1474 1133 ἔχω
1513 1083 1724 1135 ζυμητα-

137 1140 323 1192 μιαδου
359 1138 545 1188 πλέους
583 1137 883 1191 κνέφαλλον.
923 1141 979 1179 sic
1009 1140 1058 1182 A.
1094 1139 1271 1191 Hesych.
1311 1135 1563 1192 ἀποπυρίας·
1605 1138 1723 1194 ἄρτος

139 1195 204 1237 ἐπ’
249 1194 474 1252 ἀνθράκων
511 1194 752 1249 ὀπτώμενος
807 1197 1067 1237 Casaubonus
1106 1196 1275 1246 ζυμίταν
1311 1194 1366 1249 μά
1406 1195 1472 1235 Δί’
1515 1195 1562 1237 οὐ
1593 1196 1726 1239 πλέων

61 1254 67 1259 ’
136 1253 381 1309 γναφάλων,
421 1269 628 1296 acerosum
667 1269 812 1306 panem
851 1256 1103 1307 intellegens,
1147 1254 1293 1295 Corae‘s
1337 1255 1525 1307 ζυμίταν,
1569 1256 1726 1296 σποδοῦ

137 1311 292 1365 πλέων,
322 1310 492 1352 ἁπαλόν.
539 1314 766 1353 Meinekius
804 1317 964 1365 πρῶτον
999 1309 1235 1364 ἀποπυρίαν
1263 1311 1336 1365 ἔχω
1368 1312 1536 1364 ζυμίταν
1564 1312 1618 1366 μὰ
1652 1312 1722 1354 Δί’

138 1367 186 1411 οὕ
225 1369 347 1411 πλέον
382 1366 639 1424 γναφάλλων.
681 1371 868 1422 ‘quorum
907 1371 1113 1411 versuum’
1152 1372 1287 1422 inquit
1327 1372 1447 1410 ‘alter
1485 1374 1546 1411 est
1576 1373 1723 1412 hende-

139 1429 378 1481 casyllabus,
417 1429 547 1480 qualis
584 1429 692 1468 infra
728 1430 776 1468 fr.
816 1430 893 1468 inc.
937 1429 1020 1469 fab.
1051 1429 1166 1467 XXII
1206 1427 1274 1482 (fr.
1315 1427 1432 1481 321).
1489 1430 1725 1470 dicebantur

139 1487 236 1527 haec
266 1487 315 1527 ab
345 1487 508 1527 homine
538 1487 736 1527 Doriensi.
768 1482 1012 1539 γναφάλλων
1040 1500 1181 1526 verum
1213 1499 1299 1526 esse
1331 1488 1446 1527 docet
1467 1487 1722 1528 Herodianus

138 1545 235 1584 dict.
268 1545 376 1584 solit.
410 1546 477 1593 39,
511 1545 566 1583 24
597 1545 645 1584 de
675 1546 838 1584 nomine
869 1541 1095 1594 κνέφαλλον
1126 1545 1345 1584 disserens:
1386 1541 1489 1583 ὥστε
1519 1543 1587 1584 καὶ
1616 1541 1724 1584 άντί-

136 1604 254 1650 θέσις
285 1599 438 1655 ἐγένετο
465 1606 538 1641 τοῦ
567 1606 593 1640 ἇ
625 1601 681 1649 εἰς
708 1606 752 1653 ἒ,
786 1599 868 1641 ἐπεὶ
898 1599 1007 1654 παρὰ
1039 1599 1082 1640 τὸ
1112 1598 1269 1652 κνάφος
1301 1599 1465 1655 ἐγένετο.
1527 1601 1602 1642 εἰσὶ
1630 1601 1724 1654 μέν-

137 1673 198 1699 τοι
227 1658 267 1699 οἳ
295 1657 364 1698 καὶ
394 1657 463 1698 διὰ
493 1663 566 1699 τοῦ
594 1660 618 1712 γ
647 1657 887 1712 γράφουσιν.
940 1657 984 1698 ἔν
1013 1669 1118 1698 τισιν
1149 1657 1193 1698 ἐν
1225 1661 1474 1707 Μαλθακοῖς
1497 1660 1723 1712 Κρατίνου·

136 1717 394 1771 παρεφύλαξε
425 1715 673 1769 Σύμμαχος’.
719 1718 770 1757 cf.
809 1718 1028 1757 Herodian.
1061 1717 1082 1756 Ι
1113 1719 1217 1769 319,
1260 1719 1313 1757 27
1354 1719 1494 1757 Lentz.
1534 1719 1724 1759 Lehrsius

137 1773 308 1830 (Herod.
343 1772 443 1829 139)
478 1776 597 1827 ‘ergo
629 1776 748 1815 dicit:
787 1779 882 1815 sunt
911 1776 1036 1814 etiam
1067 1776 1321 1826 grammatici
1351 1776 1420 1826 qui
1450 1788 1532 1815 non
1562 1778 1723 1815 tantum

137 1830 364 1883 κνέφαλλον
394 1833 541 1873 Atticis
572 1833 771 1882 tribuant,
814 1833 883 1873 sed
912 1833 1033 1872 etiam
1065 1830 1314 1884 γνέφαλλον;
1333 1884 1336 1887 ι
1355 1834 1462 1884 quod
1494 1835 1536 1872 111
1569 1833 1724 1874 Cratini

138 1891 351 1931 Malthacis
383 1891 564 1930 codicum
595 1891 878 1930 auctoritatem
898 1891 1087 1929 invenit'.
1119 1893 1161 1930 et
1190 1891 1286 1931 ibid.
1312 1891 1395 1930 140
1427 1892 1478 1930 ‘si
1499 1904 1639 1930 verum
1661 1894 1725 1932 est

137 1949 246 1999 quod
277 1948 502 1988 Meinekius
533 1949 682 1988 conicit
711 1949 809 1988 haec
830 1962 852 1987 a
871 1949 1060 1987 Doriensi
1083 1949 1190 1987 dicta
1212 1948 1354 1996 fuisse,
1387 1961 1433 1988 eo
1463 1949 1596 2002 minus
1619 1950 1725 1988 hunc

137 2019 299 2047 versum
329 2006 454 2045 fuisse
491 2006 737 2056 putaverim,
780 2006 828 2045 de
858 2018 936 2056 quo
968 2006 1032 2045 hic
1062 2006 1316 2046 Herodianus
1347 2007 1627 2057 cogitaverim
1651 2007 1722 2046 sed
1799 2020 1809 2027 ·

138 2077 186 2103 ex
215 2063 355 2103 eadem
386 2064 522 2102 fabula
551 2063 708 2103 alium’.
739 2076 822 2103 non
852 2064 995 2114 liquet.

897 2209 979 2252 100

347 2299 541 2353 λευκοὺς
570 2298 660 2344 ὑπὸ
691 2301 860 2345 ποσσὶν
891 2302 1007 2357 ἔχων
1037 2303 1210 2352 πίλους.

179 2398 182 2399 ’
253 2397 400 2437 Pollux
433 2399 469 2447 7,
513 2400 591 2437 171
632 2393 680 2436 οὐ
718 2395 845 2448 μόνον
883 2395 927 2435 δὲ
965 2393 985 2436 ὁ
1017 2395 1081 2436 ἐπὶ
1119 2402 1189 2448 τῆς
1228 2399 1406 2448 κεφαλῆς
1446 2395 1722 2449 ἐπιτιθέμενος

137 2456 252 2502 πῖλος
284 2452 483 2507 ἐκαλεῖτο,
513 2451 612 2494 ἀλλὰ
641 2453 710 2494 καὶ
739 2451 760 2493 ὅ
791 2452 881 2507 περὶ
911 2457 993 2502 τοῖς
1023 2453 1164 2506 ποσίν,
1203 2451 1258 2502 ὥς
1298 2454 1416 2505 δηλοῖ
1448 2456 1648 2508 Κρατῖνος
1680 2454 1724 2495 ἐν

140 2513 389 2560 Μαλθακοῖς
420 2514 462 2552 et
494 2515 567 2565 10,
589 2514 656 2553 Ι50
693 2510 787 2559 τοὺς
826 2511 870 2551 δὲ
900 2510 991 2564 περὶ
1031 2515 1112 2559 τοῖς
1148 2509 1241 2551 ποσὶ
1279 2511 1420 2559 πίλους
1455 2543 1463 2551 .
1490 2543 1499 2552 .
1525 2543 1534 2552 .
1567 2511 1721 2566 (καλεῖ)

138 2567 207 2609 καὶ
236 2571 434 2622 Κρατῖνος
467 2567 512 2608 ἐν
542 2571 806 2617 Μαλθακοῖς.
839 2570 1055 2620 utrubique
1086 2571 1234 2610 Pollux
1271 2583 1361 2608 cum
1393 2569 1558 2610 Cratino
1589 2571 1723 2610 Plato-

139 2641 233 2667 nem
263 2629 476 2679 coniungit
509 2628 646 2679 Symp.
679 2628 810 2668 220b.
843 2625 985 2666 ποσσὶν
1016 2625 1209 2680 Meinek.]
1244 2625 1376 2666 ποσὶν.
1423 2628 1583 2667 videtur
1615 2630 1721 2667 enim

138 2685 414 2736 fragmentum
454 2698 541 2725 esse
573 2699 711 2726 versus
742 2686 997 2735 anapaestici.
1043 2698 1286 2735 quamquam
1318 2685 1365 2723 de
1397 2698 1443 2723 ea
1473 2699 1515 2724 re
1547 2686 1722 2724 dubitari

140 2745 286 2805 potest.
332 2742 435 2782 bene
478 2740 811 2783 Hemsterhusius
857 2743 1014 2782 confert
1057 2743 1223 2781 Lucian.
1269 2743 1385 2781 Rhet.
1431 2756 1562 2793 praec.
1606 2745 1656 2782 16
1697 2739 1721 2793 ἡ

142 2791 265 2851 ἐμβας
297 2795 434 2852 (ἔστω)
465 2799 674 2839 Σικυωνία
704 2799 833 2846 πίλοις
864 2802 944 2845 τοῖς
980 2801 1135 2846 λευκοῖς
1167 2797 1302 2852 έπιπρε
1289 2797 1458 2838 ἐπουσα
1498 2813 1590 2838 nam
1622 2813 1722 2850 quos

140 2856 374 2896 Alcibiades
405 2859 692 2898 commemorat
721 2858 827 2908 apud
848 2858 1060 2896 Platonem
1089 2855 1250 2906 πίλους,
1283 2858 1319 2895 61
1348 2858 1527 2907 profecto
1550 2859 1722 2896 multum

142 2927 165 2952 a
195 2914 393 2955 Cratineis
426 2915 675 2956 differebant.
706 2915 754 2954 de
787 2915 914 2953 forma
943 2916 1057 2964 epica,
1087 2912 1270 2968 (ποσσίν)
1303 2914 1352 2955 cf.
1386 2915 1433 2955 fr.
1466 2916 1532 2955 95.
