1872 3224
357 455 530 505 Etymol.
552 466 604 490 m.
629 452 722 498 269,
747 452 797 489 31
830 446 1111 498 διαπηνικίζω·
1143 441 1299 484 ἀπαπαῖ.
1332 446 1533 496 Κρατῖνος
1555 474 1565 484 .
1588 474 1598 486 .
1620 474 1631 486 .
1652 443 1808 499 εἴρηται
1859 458 1872 498 ,g

247 509 323 551 ἀπὸ
363 517 431 562 τῆς
468 508 661 560 πηνίκης,
707 504 733 558 ἥ
770 504 845 545 ἐστι
891 501 1081 563 πξ-εριθετὴ
1120 501 1242 566 κόμη,
1288 498 1341 549 ὥς
1381 498 1406 553 ἡ
1445 499 1605 554 φενάκη
1645 499 1804 554 ἣωῦς
1870 519 1872 521 .

246 567 419 622 ὁρῶντας
458 564 591 620 ἀπατᾷ
629 561 681 611 ὥς
719 562 840 614 φύσει
878 563 992 601 οὐσα.
1035 557 1137 607 τινὲς
1176 557 1220 598 ὸὲ
1257 557 1299 598 τὸ
1335 558 1524 626 {cocytum
1555 557 1803 612 ἐξηγοῦνται.
1836 586 1845 593 -

246 621 321 664 ἀπὸ
352 630 432 663 τῶν
459 628 600 674 πτηνῶν
628 618 657 673 η’
685 620 841 671 πηνίων
871 617 1000 658 ὄντων
1039 617 1250 667 ποικίλων,
1294 614 1336 655 ἴν
1383 617 1409 671 ᾑ
1440 615 1594 667 πηνίζω
1632 613 1701 656 καὶ
1724 616 1804 671 (μὴ

245 684 333 723 add.
363 676 619 732 Fritzschius)
650 676 854 729 πηνικίζω.
886 670 961 714 οὖν
981 676 1070 715 add.
1091 675 1263 714 Meinek.
1296 675 1402 713 recte
1423 674 1671 715 Fritzschius
1692 672 1804 731 (Afif

247 740 375 790 stoph.
405 739 572 786 Ran.·p.
604 734 703 784 243)
734 735 855 775 verbo
887 732 1132 783 διαπηνίζειν
1160 745 1273 771 usum
1295 743 1381 770 esse
1403 730 1614 771 Cratinum
1645 733 1804 778 statuit,

246 797 314 835 sed
353 809 442 834 eum
482 794 615 844 Etym.
655 792 801 830 Milleri
837 788 1057 843 (Melanges
1089 787 1163 840 87)
1204 786 1462 839 ὃιεπηνήκισε
1499 789 1692 839 praebeat
1725 803 1800 841 pro

248 851 534 903 διεπηνίκισας,
566 849 816 889 scribendum
838 860 977 887 censeo
1008 844 1274 897 διεπήνισε
1305 842 1387 883 τὸν
1416 843 1546 898 λόγον.
1593 846 1803 898 Aristoph.

247 911 345 949 Ran.
377 905 742 957 578μέκπηνιεῖται.

251 195 305 237 96
623 227 625 229 ¹
898 184 1146 219 KPATINOT

974 285 1058 328 282

474 373 636 413 τοῦτον
665 368 748 424 μὲν
780 359 864 409 οὖν
894 366 1041 414 καλῶς
1071 363 1384 418 ὃιεπηνίκισας
1415 361 1566 417 λόγον.

973 992 1057 1035 283

507 1076 620 1130 ἔχων
649 1072 697 1118 τὸ
731 1072 975 1130 πρόσωπον
1007 1072 1190 1127 καρίδος
1219 1072 1542 1128 μασθλητίνης.

360 1159 536 1209 Etymol.
567 1172 619 1196 m.
651 1159 744 1206 491,
775 1158 830 1196 40
862 1154 993 1208 καρίς·
1025 1151 1079 1202 ὥς
1109 1152 1215 1206 παρὰ
1247 1153 1432 1208 Κρατίνῳ
1452 1152 1554 1206 ἔχων
1586 1178 1636 1184 -
1667 1158 1804 1208 μασθ-

248 1215 418 1266 λητίνης.
459 1211 547 1253 ἀντὶ
584 1219 654 1253 τοῦ
693 1212 938 1266 δερματίνης.
983 1213 1192 1262 Eupolidis
1234 1211 1385 1263 Δήμοις
1415 1212 1561 1252 tribuit
1589 1213 1735 1255 Athen.
1765 1216 1804 1264 3,

252 1274 377 1312 106b.
408 1269 450 1310 τὸ
480 1272 590 1310 deest
618 1273 660 1310 in
689 1272 982 1322 Etymologico.
1014 1282 1104 1308 oum
1125 1269 1352 1308 Athenaeus
1384 1270 1503 1309 etiam
1533 1270 1710 1310 fabulam
1735 1284 1806 1312 no-

250 1331 394 1380 minet,
426 1330 510 1368 veri
541 1329 708 1368 similius
740 1331 800 1367 est
828 1327 1035 1377 Eupolidis
1067 1340 1224 1366 versum
1256 1340 1361 1375 esse,
1393 1328 1471 1366 nisi
1502 1327 1606 1366 forte
1636 1330 1806 1380 uterque

248 1389 363 1435 poeta
393 1398 485 1424 casu
515 1385 681 1424 eundem
710 1398 869 1425 versum
899 1384 1026 1423 finxit.
1073 1384 1120 1422 cf.
1155 1384 1300 1425 Telecl.
1332 1385 1398 1425 43.
1443 1383 1541 1424 Luc.
1572 1384 1678 1426 Dial.
1706 1399 1805 1426 mer.

255 1443 315 1491 14,
347 1443 372 1481 4
403 1439 474 1493 τὴν
504 1440 626 1494 χρόαν
655 1436 734 1488 οἶος
765 1440 951 1493 κάραβος.

975 1552 1060 1594 284

469 1629 629 1687 ἄκουε,
661 1633 788 1686 σίγα,
821 1630 1015 1687 πρόσεχε
1044 1630 1124 1674 τὸν
1154 1633 1289 1686 νοῦν,
1321 1629 1449 1687 δεῦρ’
1481 1629 1580 1688 ὅρα.

361 1714 527 1753 Bekker.
558 1715 707 1754 Anecd.
731 1716 825 1764 372,
851 1715 902 1753 10
931 1712 1054 1753 ἄκουε
1085 1713 1188 1766 σίγα.
1220 1717 1430 1767 Κρατῖνος.
1465 1717 1562 1767 369,
1588 1717 1639 1756 15
1659 1714 1806 1756 ἄκουε·

249 1763 338 1808 ἀντὶ
367 1775 438 1809 τοῦ
468 1770 571 1822 σίγα,
602 1773 809 1823 Κρατῖνος.
842 1765 927 1810 οἷον
957 1769 1079 1810 τόπον
1108 1771 1223 1810 δίδου
1262 1770 1326 1811 διὰ
1358 1777 1427 1824 τῆς
1465 1773 1581 1825 σιγης
1611 1778 1661 1828 τῇ
1689 1769 1807 1828 ἀκοῇ.

250 1828 418 1865 contulit
447 1828 666 1867 Meinekius
696 1828 898 1878 Aristoph.
922 1829 1082 1868 Thesm.
1117 1831 1197 1868 382
1228 1829 1330 1881 σίγα,
1363 1826 1517 1880 σιώπα,
1548 1828 1714 1883 πρόσεχε
1734 1823 1807 1871 τὸν

250 1888 362 1923 νοῦν.
393 1886 526 1923 tamen
545 1886 676 1924 nescio
707 1899 757 1924 an
786 1886 891 1924 inter
921 1886 1018 1924 duas
1047 1899 1236 1936 personas
1267 1888 1362 1926 haec
1393 1887 1674 1927 distribuenda
1703 1889 1804 1929 sint:

249 1940 296 1981 A.
326 1938 457 1979 ἄκουε.
489 1942 535 1979 Β.
567 1940 668 1993 σίγα.
698 1943 747 1980 Α.
778 1940 942 1994 πρόσεχε
972 1940 1041 1981 τὸν
1071 1947 1184 1986 νοῦν.
1215 1944 1263 1983 Β.
1295 1939 1411 1996 δεῦρ’
1443 1941 1532 1996 ὅρα.

976 2054 1060 2097 285

451 2130 587 2172 ἄκουέ
616 2146 704 2173 νυν
734 2132 807 2173 καὶ
838 2132 973 2188 τήνδε
1002 2132 1084 2189 τὴν
1115 2133 1370 2190 ἐπιστολήν.

364 2212 532 2251 Zonaras
577 2214 659 2253 804
702 2212 900 2266 ἐπιστολή·
944 2213 1179 2269 ἐπίσκηψις,
1224 2215 1375 2269 ἐντολή.
1424 2219 1634 2271 Κρατῖνος.
1683 2216 1808 2258 ἄκουέ

257 2282 330 2306 νυν
358 2267 425 2320 K]
456 2267 576 2308 ἄκουε
606 2275 697 2310 νῦν.
728 2272 776 2311 cf.
808 2273 856 2314 fr.
890 2274 983 2311 224.

977 2384 1061 2427 286

452 2458 525 2500 καὶ
554 2458 612 2515 μή
643 2441 855 2517 πρόσισχε
884 2464 1152 2519 βαρβάροισι
1181 2463 1441 2519 βουκόλοις.,

363 2541 527 2581 Photius
556 2539 758 2595 πρόσισχε·
791 2542 833 2583 τὸ
862 2544 1041 2598 πρόσεχε.
1074 2548 1283 2599 Κρατῖνος.
1315 2549 1364 2587 ad
1380 2548 1589 2597 *Bubuloos
1609 2549 1808 2590 referebat

254 2595 446 2646 Bergkius
482 2599 530 2636 R.
569 2612 603 2638 c.
641 2602 727 2640 Att.
767 2603 832 2640 34.
883 2604 933 2642 ad
970 2603 1384 2654 Dionysalexandrum
1429 2607 1564 2656 potius
1603 2607 1808 2657 pertinere

251 2653 430 2692 videtur:
463 2654 629 2695 fortasse
658 2657 756 2697 Iuno
786 2658 873 2699 Iovi
905 2658 1145 2711 Ganymedis
1175 2674 1350 2701 amorem
1381 2663 1607 2713 exprobrat.

978 2771 1059 2813 287

453 2840 480 2898 ἡ
510 2828 613 2895 meg
641 2844 725 2902 γὰρ
755 2850 913 2903 ἔμπαις
943 2847 1068 2893 ἐστὶν
1098 2847 1158 2900 ὥς
1184 2848 1463 2908 ἠνδρωμένη.
