1872 3224
238 204 292 247 90
882 197 1133 233 ΚΡΑΤιΝοΤ

960 299 1046 343 254

502 383 591 425 ἔδει
621 381 832 437 παρέχειν
862 379 886 423 ὅ
914 395 956 422 τι
985 395 1052 430 τις
1081 376 1253 429 εὔξαιτ’
1286 375 1504 432 ἐμβραχύ.

348 468 471 507 Schol.
505 466 681 504 Platonis
713 465 794 503 384
825 464 949 502 Bekk.
990 460 1163 515 ἔμβραχυ
1203 453 1277 500 οὖν
1314 458 1521 511 συντόμως
1551 457 1619 499 καὶ
1653 455 1791 508 ἁπλῶς

236 558 246 567 .
268 558 276 566 .
302 556 310 563 .
341 525 534 575 Κρατῖνος
553 520 712 574 ’Ώραις
762 521 974 560 Elmsleius
1005 520 1149 559 Edinb.
1182 519 1278 558 Rev.
1314 519 1424 558 1810
1454 531 1495 568 p.
1526 519 1607 558 238
1638 514 1718 556 ἔδει
1747 528 1792 558 σε

234 579 426 632 παρέχειν.
477 577 554 618 ἔδει
591 581 808 631 παρασχεῖν
845 577 982 617 Cobet.
1021 577 1070 616 V.
1091 574 1136 618 1.²
1169 577 1267 624 208,
1306 575 1422 626 plura
1460 575 1582 614 simul
1611 575 1793 626 exempla

235 638 339 677 vocis
359 634 532 688 ἐμβραχύ
554 637 746 678 adferens.
777 635 992 676 Herodian.
1013 634 1034 672 I
1055 635 1153 683 507,
1180 635 1203 672 3
1225 634 1350 672 Lentz
1370 628 1556 682 ἀντικρύ,
1587 629 1652 672 ὅτε
1673 629 1792 686 χωρὶς

234 699 303 732 τοῦ
324 695 362 730 ὅ·
396 724 405 733 .
431 722 440 731 .
465 723 474 732 .
496 689 549 740 ὥς
579 691 645 732 καὶ
675 688 717 731 τὸ
747 690 922 744 ε’μβραχύ
953 693 1148 742 σημαῖνον
1178 687 1220 729 τὸ
1259 685 1504 738 ἁπαξαπλῶς
1533 685 1562 740 ἢ
1581 686 1790 739 καθάπαξ.
1852 694 1855 697 ’

234 748 406 802 ἐμβραχύ
444 751 605 790 ‘eodem
642 751 722 788 fere
751 750 869 790 modo
899 762 975 800 quo
1013 749 1183 787 formula
1212 748 1282 786 illa
1319 743 1374 794 ὡς
1412 744 1505 794 ἔπος
1543 745 1671 786 εἰπεῖν
1705 759 1791 788 ora-

234 809 330 847 tiom·
365 809 526 847 modeste
553 808 840 857 restrinyendae
868 808 1047 851 inservit,
1085 805 1163 844 nisi
1201 805 1306 855 quod
1336 805 1406 843 illa
1434 805 1519 844 fere
1549 806 1643 844 ante
1671 799 1794 860 οὐδέν
1863 834 1866 835 ⁷

234 867 274 903 et
302 862 445 910 πάντες
476 864 612 903 inferri
642 865 762 913 solet,
792 863 866 903 hoc
896 866 988 903 ante
1017 859 1123 909 ὅστις·
1153 859 1206 901 ἄν
1227 865 1267 901 et
1296 862 1423 901 talia'.
1452 862 1662 902 Heindorf.
1683 861 1792 909 Pht.
1860 859 1872 926 ’ἶ

235 920 353 972 Gorg.
385 922 465 960 457
478 935 512 960 a.
551 924 725 960 ceterum
755 922 874 971 poeta
903 922 1011 972 loqui
1042 920 1200 959 videtur
1230 919 1278 958 de
1308 931 1434 958 cornu
1465 919 1616 970 copiae.

960 1031 1045 1075 255

653 1111 823 1162 ἐκεῖνος
852 1109 987 1162 αὐτὸς
1018 1111 1362 1167 ἐκμεμαγμένος.

347 1194 489 1232 Pollux
505 1196 541 1242 9,
563 1196 640 1234 131
663 1193 730 1234 καὶ
750 1193 956 1247 ἐκμαγὲἶον
976 1193 1041 1234 καὶ
1057 1191 1360 1246 ἕκμεμαγμένον.
1385 1190 1490 1233 οὕτω
1505 1191 1581 1247 γὰρ
1596 1191 1665 1232 καὶ
1678 1194 1791 1247 Κρα-

236 1252 340 1296 τῖνος
380 1247 424 1288 ἐν
443 1253 526 1297 ταῖς
545 1248 704 1302 ’Ὡραις
736 1246 871 1303 αὐτὸς]
897 1248 1015 1300 αὐτός
1037 1249 1144 1291 ἐστιν
1163 1252 1373 1291 Herwerd.
1405 1251 1508 1292 Nov.
1529 1251 1620 1291 add.
1642 1251 1731 1292 orit.
1753 1251 1795 1300 3„

236 1309 403 1356 possunt
431 1308 557 1346 multa
581 1308 656 1347 alia
677 1311 864 1359 suppleri.
887 1310 1093 1360 Aristoph.
1117 1309 1274 1349 Thesm.
1298 1310 1380 1348 514
1412 1305 1514 1348 λέων
1535 1318 1597 1348 σοι
1616 1305 1793 1361 γέγονεν,

234 1359 484 1458 1(Ξιύτέσιμαγὲια
514 1363 598 1403 σόν.
630 1366 749 1405 etiam
780 1366 966 1406 Cratinus
996 1367 1068 1406 filii
1099 1380 1188 1405 oum
1217 1368 1332 1417 patre
1356 1365 1793 1408 similitudinemwide-

254 1433 299 1458 ur
329 1433 429 1471 slgm
460 1434 558 1460 care.

968 1489 1052 1532 256

706 1570 783 1610 ἴτω
814 1567 863 1610 δὲ
893 1570 968 1611 καὶ
997 1569 1248 1627 τραγῳδίας

705 1632 728 1677 ὁ
757 1637 1022 1692 Κλεομάχου
1052 1638 1339 1693 διδάσκαλος,

705 1707 1035 1760 παρατιλτριῶν
1065 1708 1181 1762 ἔχων
1213 1707 1350 1762 χορὸν

706 1773 882 1816 λυδιστὶ
911 1777 1165 1819 τιλλουσῶν
1194 1775 1306 1832 μέλη

706 1843 894 1898 πονηρά.

250 1973 259 1984 Ι
347 1920 569 1961 Athenaeus
602 1924 665 1972 14,
698 1925 808 1963 638f
833 1923 1002 1965 σκώπτει
1031 1923 1075 1965 δὲ
1104 1922 1227 1966 αὐτὸν
1246 1924 1522 1982 (Γνήσιππον)
1554 1925 1594 1976 ἐς
1624 1921 1671 1967 τὰ
1703 1939 1794 1967 ποι-

234 1976 456 2039 ηματαὶκαὶ
486 1975 528 2016 ἐν
558 1977 769 2027 Βουκόλοις
800 2010 809 2020 .
837 2011 846 2020 .
869 2013 877 2020 .
910 1980 953 2021 ἐν
983 1981 1026 2022 δὲ
1056 1987 1142 2032 ταῖς
1168 1982 1317 2037 ’Ὡραις
1353 1984 1426 2024 ἴτω
1462 1982 1507 2025 δὲ
1537 1986 1620 2025 κτλ.
1663 1997 1794 2039 παρα-

238 2033 413 2096 τιλτριων
443 2035 566 2085 Toup.
597 2037 765 2077 Emend.
797 2039 817 2077 I
839 2037 940 2092 212]
971 2033 1066 2091 μετα
1095 2040 1173 2080 τῶν
1204 2044 1508 2095 παρατιλτριῶν.
1540 2044 1581 2083 in
1602 2043 1794 2084 dimetros

238 2091 382 2128 rectlus
420 2091 514 2130 haec
551 2093 676 2144 digeri
714 2096 900 2136 viderunt
935 2098 1156 2138 Meinekius
1194 2102 1235 2138 et
1275 2099 1452 2140 Cobetus
1489 2100 1541 2140 N.
1574 2101 1602 2140 l.
1635 2100 1702 2140 31.
1741 2099 1791 2140 de

238 2142 429 2195 Gnesippo
460 2149 508 2187 cf.
539 2150 586 2188 fr.
623 2152 686 2190 15.
717 2154 787 2192 97.
820 2153 867 2191 de
897 2154 1194 2207 παρατιλτρίαις
1224 2157 1432 2209 Aristoph.
1463 2158 1566 2197 Rau.
1590 2158 1673 2197 516
1703 2169 1794 2196 oum

237 2201 398 2265 iqterpr.
439 2204 629 2257 Gnesippi
668 2209 1023 2262 choreutarumque
1062 2213 1144 2252 eius
1185 2214 1395 2254 mollitiem
1425 2215 1606 2267 exagitat
1639 2215 1683 2254 in
1711 2227 1802 2254 am:

235 2257 356 2308 b1gu0
386 2260 545 2301 ludens:
578 2262 719 2304 τίλλειν
747 2263 842 2317 μέλη
873 2268 979 2307 enim
1009 2271 1071 2308 est
1092 2272 1280 2311 ‘membra
1307 2272 1493 2321 depilare'
1528 2274 1570 2311 et
1597 2272 1794 2312 ‘mmm

237 2315 472 2366 discerpere',
505 2318 660 2359 λυδιστί
676 2325 807 2362 autem
828 2327 869 2363 et
890 2325 939 2363 ad
970 2339 1226 2366 numerorum
1254 2329 1466 2368 mollitiem
1497 2331 1538 2368 et
1564 2329 1614 2368 ad
1642 2341 1794 2368 morem
1867 2342 1870 2344 ’

236 2372 411 2411 membra,
440 2375 636 2426 depilandi
664 2380 802 2419 referri
830 2384 975 2431 potest.

970 2481 1053 2524 257

481 2552 660 2612 ἐφθάρη
690 2560 878 2614 μαρίλης
907 2559 989 2616 τὴν
1020 2560 1204 2618 φάρυγα
1236 2563 1378 2606 πλέαν
1409 2565 1537 2620 ἔχων.

249 2677 259 2692 ‚
350 2631 489 2695 suidas
518 2637 677 2690 μαρίλη·
709 2635 888 2692 ἀμαυρὸν
916 2647 1017 2694 πῦρ·
1057 2640 1077 2683 ὁ
1117 2650 1238 2696 χνοῦς
1276 2644 1344 2686 καὶ
1372 2644 1415 2686 τὸ
1446 2645 1686 2686 λεπτότατον
1714 2646 1813 2686 τῶν

236 2689 452 2756 ανθρακαῖν
473 2722 482 2730 .
506 2721 514 2730 .
540 2724 547 2732 .
571 2696 760 2746 Κρατῖνος
792 2695 836 2736 ἐν
855 2696 1004 2750 ’Ώραις
1024 2703 1105 2740 κτλ.
1154 2701 1316 2754 φάρυγα
1346 2705 1464 2744 Dobr.
1486 2705 1695 2756 Aristoph.
1716 2704 1792 2755 Eq.

238 2742 333 2796 523]
365 2760 563 2800 φαρυγγα·
595 2748 725 2804 φάρυξ
755 2753 933 2806 φάρυγος
963 2758 1120 2797 Atticos
1142 2759 1286 2799 dixisse
1312 2763 1486 2800 testatur
1515 2763 1635 2800 etiam
1663 2761 1793 2801 Hero-

238 2799 341 2838 dian.
374 2802 392 2840 Ι
423 2804 488 2852 45,
519 2807 556 2844 4.
597 2808 638 2867 Il
668 2811 762 2860 598,
797 2814 819 2850 1
849 2812 987 2852 Lentz.
1018 2814 1207 2866 μαρίλης,
1238 2817 1291 2856 cf.
1322 2818 1530 2868 Aristoph.
1561 2818 1663 2858 Aah.
1694 2818 1792 2858 350.

237 2858 298 2894 est
313 2858 546 2901 tetrameter.
559 2865 792 2916 trochaicus,
811 2882 889 2908 uno
911 2871 1012 2920 pede
1032 2871 1202 2921 brevior,
1226 2875 1295 2923 qui
1316 2875 1425 2914 varie
1446 2875 1623 2925 suppleri
1642 2876 1792 2931 potest*
