1872 3224
195 200 282 243 572
787 198 1173 233 ΑΡΙΣΤΟΦΑΝΟΤΣ

201 305 429 344 Schneider.
464 304 663 354 Theophr.
701 303 763 341 III
794 304 889 342 689.
935 303 1107 344 Lobeck.
1144 303 1301 343 Pathol.
1340 305 1442 355 prol.
1481 306 1576 347 319.
1607 306 1674 346 20.
1720 306 1772 345 ad

197 360 488 402 emendandum
521 361 627 402 Ecol.
660 361 741 399 596
774 360 834 399 uti
857 360 1025 403 ,volebat
1055 360 1300 400 Dindorfius.

400 551 695 607 βιβλιδάριον
950 494 1032 537 706

195 689 247 730 ὃ
313 632 420 687 παρὰ
449 631 739 688 Ἀριστοφάνει.
777 635 922 674 Pollux
955 636 994 684 7,
1027 635 1123 675 210.
1163 630 1373 688 βιβλάριον
1402 637 1452 677 A.
1484 636 1604 677 scrib.
1633 636 1772 690 βυβλι-

221 706 351 745 αριον.

400 838 621 893 βλέπησιν
946 780 1026 823 757

310 922 455 961 Pollux
477 923 514 971 2,
539 922 592 961 56
621 918 911 973 Ἀριστοφάνης
942 917 987 960 δὲ
1015 919 1083 960 καὶ
1102 918 1246 973 βλέπος
1267 935 1346 960 που
1366 919 1468 973 λέγει
1489 919 1615 978 (Nub.
1641 919 1770 978 1176)

202 976 270 1017 καὶ
300 975 505 1030 βλέπησιν
554 979 604 1020 cf.
635 979 783 1029 Bergk.
815 978 855 1017 II
889 979 1010 1018 1215.
1052 978 1237 1018 Dindorf.
1269 979 1384 1020 Poet.
1415 993 1519 1020 soen.
1551 980 1699 1021 noviss.
1730 994 1773 1021 n.

201 1037 298 1076 597.
328 1036 361 1075 si
393 1038 581 1087 corrupta
606 1036 768 1076 'videtur
797 1048 886 1085 VOX,
917 1036 1166 1076 emendanda
1195 1038 1268 1086 est,
1299 1049 1380 1076 non
1410 1037 1721 1078 exterminanda

401 1191 642 1284 βοηλατεῖν
944 1169 1027 1213 758

313 1308 601 1363 Ἀριστοφάνης
632 1309 700 1351 καὶ
731 1307 997 1363 ὀνηλατεῖν
1027 1306 1124 1352 εἶπε.
1155 1312 1299 1352 Pollux
1331 1314 1369 1362 7,
1403 1313 1498 1353 187.

947 1447 1030 1490 759

400 1505 605 1558 βοῦκλεψ

309 1582 405 1638 παρ’
436 1582 727 1638 Ἀριστοφάνει.
778 1587 953 1627 Cramer.
985 1587 1138 1627 Anecd.
1178 1586 1250 1627 Ox.
1288 1586 1309 1626 I
1340 1588 1442 1637 269,
1476 1589 1499 1627 9
1540 1581 1768 1655 (βοόκλεψ).

197 1643 418 1683 Herodian.
450 1644 469 1682 I
502 1645 596 1692 246,
629 1645 696 1684 23.
728 1645 777 1684 cf
809 1640 922 1696 ὃράψ
954 1645 1049 1693 768,
1081 1639 1296 1695 χοιρόθλιψ
1326 1644 1449 1695 Vesp.
1475 1645 1607 1696 1364,
1645 1640 1769 1684 ἄστύ-

196 1708 304 1752 τριψ,
327 1698 509 1764 οἰκότριψ
531 1700 711 1754 (Thesm.
735 1700 852 1753 426),
872 1699 1111 1751 πελεθόβαψ
1142 1701 1316 1752 Hesyeh.
1341 1724 1392 1730 —
1415 1704 1456 1741 at
1477 1700 1708 1742 Athenaeus
1729 1704 1769 1753 9,

195 1759 309 1797 4090
339 1752 537 1809 βοόκλεψ,
568 1756 697 1810 παρὰ
736 1760 994 1809 Σοφοκλεῖ
1019 1755 1178 1810 Ἑρμῆς.
1225 1758 1366 1800 Horat.
1399 1758 1526 1799 Carm.
1561 1760 1596 1808 1,
1631 1761 1696 1809 10,
1729 1761 1768 1800 9.

196 1817 332 1864 potest
361 1818 526 1866 usserque
555 1819 676 1866 poeta
705 1816 844 1855 eadem
876 1829 971 1856 voce
1000 1829 1096 1856 usus
1135 1829 1239 1865 esse,
1279 1829 1324 1855 ac
1360 1814 1575 1866 Sophocles
1605 1816 1771 1866 quidem

195 1872 368 1912 fortasse
397 1873 440 1911 in
470 1872 606 1912 fabula
636 1874 823 1924 satyrica.
856 1874 907 1912 cf.
938 1873 1029 1913 Pac.
1064 1874 1215 1923 ISOsq.
1249 1873 1342 1912 362.
1374 1873 1483 1912 Plut.
1518 1874 1695 1924 1100sq.

945 1984 1043 2027 760¹
1583 1988 1614 2000 s

401 2042 513 2095 βοῦς
544 2043 666 2096 (nom.
699 2043 776 2098 pl.)

311 2125 484 2164 Thomas
515 2124 812 2174 Mag.55,11
851 2121 935 2191 λέγε
973 2121 1017 2163 δὲ
1047 2120 1110 2163 ἐπὶ
1139 2120 1214 2175 μὲν
1242 2128 1312 2175 τῆς
1349 2119 1513 2171 εὐθείας
1552 2123 1632 2162 τῶν
1669 2124 1766 2175 πλη·

193 2184 403 2221 θυντικῶν
422 2175 526 2233 βόες,
558 2180 594 2220 εἰ
611 2179 678 2220 καὶ
695 2177 986 2234 Ἀριστοφάνης
1006 2178 1086 2220 κάν
1104 2175 1375 2234 ἀναγκασθεὶς
1395 2178 1503 2229 α’παξ
1522 2181 1623 2233 βοῦς
1643 2174 1766 2222 εἶπεν.

399 2362 687 2418 βωλοκοπεῐν
943 2305 1024 2347 761

305 2437 596 2497 Ἀριστοφάνης
627 2443 772 2498 εἴρηκε.
821 2444 966 2485 Pollux
997 2445 1035 2497 7,
1069 2444 1165 2484 141.

943 2566 1026 2608 762

399 2630 526 2677 γεῖσα
1140 2667 1143 2670 .

304 2696 593 2757 Ἀριστοφάνης
623 2702 691 2744 καὶ
722 2703 793 2754 τὰς
823 2703 906 2753 σ’ίας
936 2705 1006 2745 τοῦ
1036 2704 1192 2755 ἱματίου
1223 2699 1321 2745 εἶπε.
1351 2705 1487 2756 Etym.
1519 2719 1573 2744 m.
1606 2706 1702 2754 229,
1723 2706 1764 2745 4.

195 2762 367 2803 Bekker.
399 2763 553 2802 Aneod.
586 2764 683 2815 231,
716 2764 740 2802 2
775 2760 1064 2815 Ἀριστοφάνης
1100 2759 1145 2802 δὲ
1181 2760 1249 2802 καὶ
1287 2759 1356 2808 τὰς
1393 2759 1474 2809 α’ίας
1506 2766 1577 2801 τοῦ
1607 2759 1766 2813 ἱματίου

194 2817 364 2870 γείσας
396 2815 491 2873 (scr,
521 2819 650 2871 γεῖσα)
683 2815 780 2861 εἷπε.
813 2821 987 2872 Hesych.
1017 2823 1131 2873 γεῖσα
1162 2847 1171 2857 .
1207 2851 1214 2860 .
1247 2850 1257 2859 .
1288 2817 1356 2858 καὶ
1384 2815 1454 2867 τὰς
1484 2816 1567 2867 ὠάς
1598 2822 1670 2862 τοῦ,
1699 2816 1765 2858 ἐν·
1830 2834 1833 2837 ’

197 2874 370 2928 δύματος
399 2875 531 2928 γείσας
562 2874 757 2929 λέγουσιν.
