1872 3224
554 204 1034 243 ΜΥΡΜΗΚΑΝΘΡῼΠΟΙ
1084 210 1270 244 ΠΕΡΣΑΙ
1629 214 1706 257 181

6 343 11 362 s
58 307 82 367 η’
116 309 243 348 κεῖται
277 303 307 360 ἢ
343 305 482 360 ἱμάτιά
520 323 630 349 τινα·
675 309 805 364 ἤγουν
848 310 1029 365 κιβώτια.
1089 314 1285 365 κίσταις
1325 319 1583 361 scribendum
1622 335 1706 361 esse

60 400 82 407 s*
118 366 415 407 demonstrasse
445 367 546 406 mihi
576 369 718 409 videor
749 369 852 410 Mus.
884 371 1014 412 Rhen.
1045 373 1157 412 XXX
1187 375 1271 414 414
1288 389 1346 426 sq.
1389 389 1433 416 ac
1462 391 1626 428 prorsus
1657 380 1707 418 si·

7 410 11 416 ’
47 431 54 471 =j
116 423 270 464 militer
308 424 515 465 Pollucem
552 426 669 467 libris
708 427 863 468 vitiosis
903 429 1115 481 deceptum
1153 444 1238 473 esse
1275 433 1500 476 Meinekius
1539 436 1657 478 docet
1687 437 1707 476 I

0 1528 13 1547 2-
0 1469 7 1505 rw*
0 1348 12 1460 mum-tw

117 481 202 522 370
231 483 334 522 extr.
377 482 480 523 addo
519 483 657 535 Etym.
688 499 741 527 m.
774 486 924 525 Milleri
964 484 1190 540 (Melanges
1226 490 1339 542 153),
1373 492 1443 532 ubi
1472 506 1613 534 versus
1644 495 1703 534 in-

117 539 251 581 editus
281 539 489 591 Euripidis
521 541 578 581 ita
608 542 800 582 scribitur
830 538 1053 598 πάρεσμεν,
1081 541 1166 585 ἀλλ’
1205 544 1279 586 οὐκ
1309 542 1412 600 ἧσθ’
1446 546 1500 589 ἂν
1520 546 1568 589 οὐ
1599 565 1703 603 παρ-

3 603 47 630 '‘r:
115 594 214 637 ὄντα
249 611 321 649 με,
352 600 400 638 ut
435 591 551 653 ᾖσθα
582 599 804 640 deducatur
843 601 893 640 ab
925 599 1096 652 εἰδέναι,
1138 604 1208 654 qui
1238 589 1427 646 facillime
1466 609 1706 648 emendatur

115 649 220 695 ἄλλ’
251 651 341 694 οὐκ
371 651 606 710 ᾐσθάνου
636 655 815 711 παρόντα
845 671 905 710 με.
932 681 979 688 -
1004 673 1145 701 versus
1165 662 1411 713 Eupolideus
1442 678 1488 704 ex
1519 667 1705 716 parabasi

38 710 53 738 -ἵ
93 715 355 810 *3103thss
378 714 422 754 in
454 727 533 766 qua
570 718 690 766 poeta
727 716 902 768 figurate
943 718 990 758 de
1021 731 1114 758 suae
1145 720 1243 760 artis
1275 722 1388 772 copia
1427 722 1597 763 dicebat.
1658 724 1707 766 cf.

162 783 182 810 e
226 783 268 824 g.
360 805 369 814 .

873 863 954 907 123

324 939 383 984 σύ
415 939 462 984 δ’
495 941 849 1000 ἀποτηγανίζεις.

230 1025 461 1066 Athenaeus
494 1029 530 1076 6,
564 1029 645 1067 229
663 1041 687 1066 a
717 1031 788 1067 τοῦ
819 1024 864 1066 δὲ
897 1022 1072 1094 ῥήματος
1105 1026 1369 1086 (τηγανίζειν)
1398 1028 1595 1084 μέμνηται
1626 1064 1634 1072 .
1658 1061 1667 1070 .
1693 1063 1702 1071 .

36 1124 42 1128 ἃ
113 1080 183 1122 καὶ
212 1082 467 1137 Φερεκράτης
500 1082 543 1123 ἐν
575 1086 1018 1139 Μυρμηκανθρωποις.

875 1198 957 1241 124

319 1273 350 1334 ἦ
379 1279 476 1334 τρὶς
506 1278 550 1330 ἓξ
581 1277 611 1335 ἢ
641 1285 765 1335 τρεῖς
794 1277 933 1334 κύβοι

230 1357 256 1413 ἡ
288 1361 482 1415 παροιμία
512 1356 621 1414 παρὰ
652 1360 891 1415 Φερεκράτει
922 1360 968 1402 ἐν
998 1366 1080 1411 τοῖς
1113 1361 1546 1417 Μυρμηκανθρώποις.
1578 1368 1704 1404 κεῖται

114 1415 160 1458 δὲ
190 1416 256 1458 ἐπὶ
285 1424 366 1459 τῶν
394 1416 815 1460 άποκινδυνευόντων.
877 1418 919 1460 τὸ
955 1417 1031 1473 μὲν
1067 1419 1143 1474 γὰρ
1176 1421 1221 1473 ἓξ
1259 1419 1334 1474 τὴν
1371 1424 1546 1473 παντελῆ
1585 1421 1704 1474 νίκην

114 1475 242 1528 δηλοῖ,
274 1474 318 1516 τὸ
349 1473 395 1516 δὲ
425 1481 530 1530 τρεῖς
560 1475 680 1531 κύβοι
710 1476 785 1530 τὴν
813 1471 951 1530 ἧτταν.
1015 1480 1215 1520 Zenobius
1238 1481 1276 1529 4,
1302 1481 1354 1519 23
1386 1483 1428 1519 et
1458 1481 1581 1520 schol.
1614 1480 1702 1519 Pla-

114 1535 222 1575 tonis
252 1534 380 1575 Bekk.
414 1537 510 1577 460.
571 1537 622 1576 cf.
645 1536 747 1577 Poll.
773 1538 810 1587 9,
835 1537 903 1577 94.
927 1539 950 1577 5
983 1539 1024 1577 et
1055 1550 1156 1588 quae
1187 1538 1379 1579 adnotavi
1409 1538 1459 1576 ad
1490 1538 1701 1589 Aristoph.

114 1591 214 1632 Rau.
251 1594 374 1634 1400.
874 1649 955 1692 125

323 1706 514 1749 Μανίαν
543 1709 606 1762 θρ
612 1705 752 1762 επτήν

230 1788 375 1829 Pollux
408 1791 444 1839 7,
480 1791 532 1829 17
565 1787 640 1841 τὴν
668 1789 942 1843 θεραπαινίδα
979 1788 1047 1830 καὶ
1086 1788 1314 1843 θρεπτὴν
1352 1788 1438 1843 ε’ρεῖ
1467 1788 1575 1837 ὅστις
1605 1788 1702 1843 βού-

113 1848 219 1885 λοιτο
249 1843 422 1886 ἕπεσθαι
453 1844 694 1900 Φερεκράτει
725 1845 879 1887 εἰπόντι
909 1844 954 1887 ἐν
986 1846 1411 1901 Μυρμηκανθρώποις
1443 1850 1505 1886 M.
1537 1850 1607 1900 θρ.
1648 1848 1697 1888 cf.

115 1904 322 1955 Aristoph.
354 1905 456 1944 Ran.
491 1905 602 1945 1345
634 1918 724 1944 cum
754 1906 923 1957 interpr.

817 2029 1004 2063 ΠΕΡΣΑῙ

229 2123 289 2162 De
320 2126 484 2163 auctore
515 2124 672 2163 fabulae
703 2124 783 2162 iam
814 2123 1039 2174 antiquitus
1067 2136 1149 2163 non
1171 2123 1397 2164 constabat.
1429 2123 1526 2165 Ath.
1550 2126 1590 2172 3,
1614 2124 1700 2162 7821

116 2177 370 2233 Φερεκράτης
401 2178 447 2220 δὲ
475 2177 504 2232 ἢ
534 2177 555 2219 ὁ
585 2179 813 2232 πεποιηκώς
845 2179 938 2228 τοὺς
961 2178 1136 2232 Πέρσας.
1171 2194 1215 2220 ac
1247 2181 1434 2221 similiter
1467 2184 1532 2227 11,
1565 2182 1646 2220 502
1665 2195 1698 2220 a.

119 2240 182 2291 15,
216 2239 298 2278 684
316 2239 345 2277 f.
379 2238 512 2279 Schol.
544 2239 750 2289 Aristoph.
772 2239 875 2278 Ran.
899 2240 980 2278 362
1013 2236 1112 2291 πρὸς
1143 2235 1258 2285 τούς
1288 2235 1577 2289 ποιήσαντας
1608 2235 1700 2284 τοὺς

114 2293 389 2350 Φερεκράτους
432 2293 608 2349 Πέρσας.
655 2297 703 2337 cf.
743 2297 865 2335 Mein.
905 2296 925 2335 I
966 2298 1020 2335 70
1058 2298 1099 2335 et
1141 2298 1282 2336 contra
1320 2296 1541 2347 Bergkium
1580 2296 1700 2334 etiam

113 2354 382 2406 Aristophani
423 2354 618 2393 tributam
663 2367 749 2394 esse
796 2351 863 2406 (R.
894 2367 926 2393 c.
958 2355 1044 2392 Att.
1075 2351 1179 2406 294)
1222 2354 1497 2404 disputantem
1526 2353 1568 2391 ΙΙ
1599 2355 1696 2392 318.

113 2413 265 2464 scripta
293 2414 356 2452 est
385 2425 432 2452 eo
462 2414 644 2463 tempore
681 2412 790 2462 quod
829 2412 1017 2451 interfuit
1053 2412 1162 2450 inter
1201 2411 1423 2451 Metallicos
1462 2412 1503 2449 et
1540 2410 1695 2450 Aristo-

112 2469 254 2520 phanis
285 2470 535 2521 Tagenistas.
586 2470 889 2509 altercationem
926 2469 1131 2508 laudantis
1168 2469 1445 2519 paupertatem
1485 2469 1525 2506 et
1566 2480 1698 2517 repre-

113 2528 328 2567 hendentis
358 2528 589 2567 institutam
610 2527 733 2566 fuisse
753 2526 1021 2577 probabiliter
1040 2527 1108 2566 Fr.
1131 2526 1311 2565 Ritterus
1342 2525 1404 2564 De
1425 2524 1553 2564 Arist.
1576 2525 1696 2564 Pluto
1776 2562 1777 2566 ,

114 2585 166 2623 75
198 2585 355 2637 statuit,
387 2585 456 2636 qui
485 2597 633 2624 nomen
671 2584 898 2623 comoediae
939 2597 962 2622 a
1000 2583 1155 2622 divitiis
1194 2585 1241 2621 ut
1281 2584 1439 2622 veteres
1481 2582 1698 2621 credebant

110 2643 152 2683 in
183 2642 396 2696 Persarum
434 2643 693 2693 potissimum
730 2643 839 2680 terra
877 2641 1071 2681 divinitus
1109 2639 1358 2680 absconditis
1396 2639 1571 2690 petitum
1612 2652 1696 2678 esse

114 2700 348 2740 arbitratur.

869 2752 950 2795 126

996 2830 1047 2874 τὸ
1079 2831 1264 2873 παιδίον

319 2900 371 2946 τὸ
402 2901 753 2959 πολλαγόρασον
784 2899 900 2944 κάπὸ
932 2902 1117 2943 πολλῶν
1147 2901 1328 2956 τηλιῶν.
