1872 3224
204 195 288 238 642
856 193 1135 228 ΠΛΑΤΩΝΟΣ

957 295 1037 338 158

409 353 685 408 παραθήκην

321 435 494 475 Πλάτων
523 434 750 489 Συμμαχίᾳ.
811 435 994 476 Photius.
1027 435 1166 474 eadem
1201 436 1361 475 videtur
1398 449 1485 476 esse
1523 449 1622 487 quae
1652 436 1778 488 vulgo

209 492 420 534 dicebatur
449 491 787 545 παρακαταθήκη.

411 662 782 717 πορνοβοσκῆσαι
958 604 1038 647 159

319 741 363 783 ἐν
394 749 441 798 τῇ
474 738 694 791 Πλάτωνος
726 743 953 798 Συμμαχίᾳ.
987 743 1130 784 Pollux
1162 746 1198 794 7,
1231 746 1328 785 202.

891 865 1093 905 ΣΤΡΦΑΞ

319 962 460 1012 Neque
499 962 547 1001 de
585 964 819 1013 argumento
857 974 988 1012 neque
1027 961 1076 1000 de
1114 964 1293 1012 tempore
1331 963 1503 1001 constat.
1563 962 1633 1012 qui
1669 962 1781 1008 enim

207 1019 257 1058 fr.
295 1021 375 1058 160
415 1021 747 1058 commemoratur
784 1020 1016 1070 Mynniscus
1055 1017 1347 1068 Chalcidensis,
1388 1021 1523 1070 potest
1560 1032 1655 1058 sane
1693 1031 1778 1060 esse

206 1077 349 1116 histrio
393 1076 583 1128 Aeschyli
614 1070 806 1130 (Meinek.
836 1076 856 1115 I
890 1074 1011 1127 186);
1057 1078 1193 1127 potest
1234 1089 1329 1116 vero
1367 1077 1488 1116 etiam
1527 1089 1652 1127 nepos
1697 1077 1782 1117 eius

206 1133 441 1185 significari.

957 1198 1038 1241 160
1120 1253 1135 1265 ὓ

414 1282 470 1321 Α.
504 1276 576 1321 ὁδὶ
606 1277 691 1333 μὲν
717 1276 1041 1333 Ἀναγυράσιος
1071 1275 1228 1333 ὀρφώς
1258 1278 1360 1322 ἐστί
1385 1290 1470 1325 σοι.

414 1350 463 1390 B.
497 1343 603 1402 οἷδ’,
637 1339 672 1403 ᾧ
702 1348 835 1402 φίλος
863 1348 1135 1397 Μυννίσκος
1166 1345 1262 1390 ἔσθ’
1300 1344 1324 1389 ὁ
1354 1345 1635 1398 Χαλκιδεύμ

415 1420 468 1457 Α.
502 1418 651 1465 καλῶς
681 1415 838 1470 λέγεις.

326 1499 559 1568 Athenaeus
594 1500 640 1547 8,
673 1499 792 1538 344d
829 1497 1072 1546 Μυννίσκος
1113 1495 1134 1537 ὃ
1172 1493 1354 1552 τραγικὸς
1390 1495 1607 1552 ὑποκριτὴς
1643 1512 1783 1568 κωμω-

211 1556 338 1594 δεῖται
367 1552 447 1594 ὑπὸ
480 1554 697 1602 Πλάτωνος
726 1553 770 1594 ἕν
792 1552 983 1607 Σύρφακι
1005 1552 1059 1603 ὦς
1080 1553 1291 1608 ὀψοφάγος
1313 1554 1440 1603 οὕτως
1459 1559 1540 1596 κτλ.
1630 1558 1669 1596 2.
1699 1539 1779 1595 οιδ’

206 1607 241 1667 ιρ
271 1613 516 1653 Fritzsohius
546 1613 688 1664 Progr.
718 1613 948 1652 Neobrand.
975 1614 1083 1653 1857
1114 1627 1154 1664 p.
1178 1611 1247 1667 20]
1279 1610 1327 1651 θ’
1360 1610 1458 1652 οὔθ’
1491 1611 1546 1661 ὡς
1576 1614 1626 1655 Α.
1661 1615 1784 1662 Mvvff

211 1669 345 1717 νίσκος
376 1671 478 1710 Keil.
509 1670 627 1712 Anal.
660 1670 786 1721 epigr.
819 1668 938 1722 210]
951 1668 1146 1721 μύννικος
1176 1673 1228 1710 Α.
1261 1670 1478 1718 Μυνίσκος
1513 1672 1650 1739 vulgo.
1688 1666 1781 1709 ἔσθ’

211 1727 434 1766 Blomfield.
467 1728 612 1767 Aeseh.
644 1727 755 1767 Pers.
789 1724 908 1781 VIII]
941 1724 1055 1766 ἐ’σοθ’
1088 1728 1138 1768 A.
1171 1728 1340 1767 Aristot.
1373 1729 1487 1768 Poet.
1521 1729 1572 1768 26
1605 1723 1661 1775 ὥς
1691 1726 1784 1767 λίαν

209 1799 285 1836 γαρ
316 1780 618 1851 ὗπερβάλλοιτα
648 1783 829 1835 πίθηκον
849 1781 870 1822 ὁ
893 1783 1134 1832 Μυννίσκος
1164 1782 1234 1824 τὸν
1254 1784 1537 1837 Καλλιππίδην
1558 1783 1783 1838 (Aristoph-

208 1842 402 1892 Ϋ1κ474)
442 1837 586 1881 ἐκάλει.
625 1842 933 1893 Vit.Aeschy1.
973 1839 1163 1894 ἐχρήσατο
1201 1839 1246 1880 δὲ
1284 1839 1480 1897 ὑποκριτῇ
1516 1847 1676 1896 πρῶτον
1709 1839 1784 1894 μὲν
1831 1899 1833 1901 ‚

212 1897 443 1953 Κλεάνδρῳ,
475 1897 608 1938 ἔπειτα
639 1895 684 1937 δὲ
716 1928 725 1938 .
747 1930 756 1939 .
780 1927 788 1937 .
819 1899 1008 1950 προσῆψε
1039 1898 1297 1963 Μυννίσκον.

958 2011 1037 2054 161

417 2098 516 2133 νοεῖ
543 2090 628 2145 μὲν
659 2088 792 2147 ἕτερ’,
823 2090 953 2146 ἕτερα
984 2089 1034 2133 δὲ
1064 2092 1120 2147 τῇ
1147 2089 1323 2148 γλώττῃ
1356 2091 1487 2146 λέγει.

325 2174 455 2215 Schol.
487 2174 692 2224 Aristoph.
726 2175 801 2216 Av.
834 2175 914 2213 168
947 2176 986 2213 et
1017 2174 1159 2214 suidas
1194 2171 1355 2221 Τελέας·
1391 2171 1563 2213 Πλάτων
1593 2171 1783 2225 Σύρφακι

210 2227 276 2268 ἐπὶ
307 2235 378 2269 τοῦ
412 2227 554 2269 Τελέου
584 2233 663 2269 κτλ.
694 2228 813 2283 λέγει]
847 2231 1065 2282 φθέγγεται
1106 2231 1217 2271 Suid.
1251 2231 1429 2282 Toupius
1459 2231 1632 2271 eontulit
1660 2231 1780 2270 Hom.

210 2288 258 2329 Il.
293 2290 330 2337 9,
364 2290 445 2327 313
476 2285 520 2335 ὅς
551 2284 588 2338 χ’
622 2285 755 2341 ἕτερον
782 2285 857 2340 μὲν
885 2286 1018 2342 κεύθῃ
1049 2286 1108 2327 ε’νὶ
1137 2287 1292 2341 φρεσίν,
1322 2286 1418 2328 ἄλλο
1448 2285 1493 2327 δὲ
1522 2287 1628 2342 εἴπῃ.

960 2399 1041 2442 162

419 2478 535 2521 δότω
566 2495 634 2530 τις
660 2476 771 2535 ἡμῖν
800 2459 1097 2535 μαζόνομεῑον
1127 2480 1336 2522 ἔνδοθεν.

327 2562 464 2612 Etym.
495 2576 546 2601 m.
581 2563 728 2602 Milleri
758 2559 981 2630 (Melanges
1013 2558 1133 2611 209)
1154 2562 1432 2613 μαζονομεΐον·
1471 2558 1645 2601 Πλάτων
1674 2557 1780 2615 Συρ-

213 2627 336 2667 φακι·
369 2614 470 2657 δότω
500 2621 581 2658 κτλ.
614 2618 733 2670 δηλοῖ
755 2617 800 2658 δὲ
828 2616 1000 2672 άγγεῖον.
1040 2617 1248 2671 Συρφακι·
1287 2617 1389 2658 δότω
1429 2617 1594 2671 Miller.]
1628 2628 1780 2672 συρφα-

207 2674 388 2714 κιδωτὸν.
420 2676 679 2727 μαζονομεῖον
708 2677 915 2727 Aristoph.
948 2677 999 2716 fr.
1029 2678 1126 2715 417.

960 2786 1040 2829 163

958 2866 1031 2908 καὶ
1060 2864 1213 2909 πίεσθ’
1245 2864 1373 2922 ὕδωρ
1404 2864 1536 2908 πολύ.
