1872 3224
224 203 308 245 610
876 198 1153 234 nAA'rszNoz:

992 324 1046 366 37

224 407 284 459 ὥς
313 407 424 464 μέγα
453 407 607 461 μέντοι
638 403 761 448 πάνυ
791 405 875 460 τὴν
907 406 1080 459 Αἴτνην
1111 401 1220 459 ὅρος
1251 398 1373 446 εἶναι’
1398 414 1510 459 φασι
1539 387 1803 460 τεκμαίρον,
1863 454 1865 456 ,

224 478 337 518 ἔνθα
369 475 619 531 τρέφεσθαι
649 474 729 524 τοὶς
759 472 1043 528 κανθαρίδας
1073 473 1166 514 τῶν
1204 470 1468 527 ἀνθρώπων
1507 471 1640 527 λόγος
1677 471 1804 516 ἐστὶν

225 543 362 586 οὐδὲν
395 542 619 593 ἐλάττους.

346 638 478 678 Schol.
520 638 727 688 Aristoph.
766 638 859 677 Pae.
900 638 952 676 73
999 634 1161 689 μεγάλοι
1209 633 1391 688 λέγονται
1435 629 1538 675 εἶναι
1581 632 1682 679 κατὰ
1728 632 1803 688 τὴν

224 694 383 746 Αἴτνην
421 693 623 747 κάνθαροι
653 726 662 734 .
688 725 697 734 .
722 728 731 737 .
764 693 939 733 Πλάτων
962 689 1141 746 Ἑορταῖς
1173 694 1256 734 κτλ.
1295 690 1406 731 πάνυ
1444 690 1632 747 Meinek.]
1664 689 1803 734 πάλαι.

223 750 325 791 ἔνθα
363 752 500 811 (Jobet.
534 752 630 801 Obs.
656 753 748 816 ¹crib.
796 749 893 804 192]
936 748 1049 790 ὅθεν.
1091 753 1277 803 suspecta
1306 750 1403 789 mihi
1433 753 1527 790 sunt
1556 743 1664 790 εἶναί
1690 760 1802 802 φασι.

221 810 315 849 fort.
348 811 452 849 εἶναι
482 809 581 861 δεῖ,
613 819 671 867 σν
703 824 735 851 τ.

992 920 1047 963 38

430 998 454 1044 ὁ
485 1000 535 1044 δὲ
565 1001 647 1044 τὸν
679 999 935 1056 ἐγκέφαλόν
964 1015 1032 1051 τις
1063 999 1255 1051 ἐξαύσας
1285 1000 1539 1043 καταπίνει.
1580 1056 1583 1059 ¹
1650 993 1656 999 ⁸

337 1096 576 1136 Eustathius
601 1097 723 1145 1547,
746 1097 799 1143 58
829 1089 870 1134 τὸ
900 1091 1069 1146 ὀπτῆσαι
1099 1092 1278 1143 ἐξαῦσαι.
1311 1092 1488 1134 Πλάτων
1512 1090 1691 1146 Ἑορταῖς
1720 1095 1801 1134 κτλ.

222 1155 447 1193 Meinekius
479 1151 522 1192 τὸ
551 1150 722 1204 ὀπτῆσαι
753 1150 919 1202 ἐξαῦσαι
947 1151 1121 1192 Πλάτων
1136 1148 1315 1204 Ἑορταῖς
1345 1145 1448 1191 οἶδε·
1479 1149 1550 1190 τὸν
1579 1148 1804 1203 ἐγκέφαλον
1851 1176 1872 1193 .

223 1214 318 1258 παῖς
350 1209 520 1259 ἐξαύσας
551 1210 773 1249 καταπίνει.
806 1224 856 1250 an
887 1215 972 1249 τοῦ
1002 1206 1047 1249 δὲ
1077 1202 1146 1248 τὸν
1176 1207 1254 1262 ἐγκ.
1284 1214 1378 1257 πᾶς
1410 1204 1629 1258 ἕξαύσας
1659 1208 1723 1250 κθ
1754 1209 1803 1248 de

222 1269 345 1309 verbo
378 1266 506 1316 ἐξαύω
537 1268 710 1308 Lobeck.
741 1268 882 1308 Rhem.
916 1270 982 1307 11.
1018 1268 1083 1307 12.

991 1402 1048 1444 39

433 1458 736 1515 άστραβεύειν

338 1541 512 1582 Πλάτων
542 1542 704 1595 εἴρηκεν
734 1539 778 1581 ἐν
803 1537 995 1590 Ἑορταῖς.
1025 1541 1168 1581 Pollux
1200 1542 1238 1590 7,
1277 1542 1370 1581 186.

430 1732 509 1786 τοὶς
541 1734 834 1790 ἐγκεντρίδας
990 1676 1047 1718 40

338 1827 402 1868 ἐπὶ
431 1835 479 1884 τῇ
510 1828 590 1868 τῶν
619 1825 848 1882 ὑποζυγίων
883 1825 1020 1879 χρήσει
1058 1824 1232 1866 Πλάτων
1268 1823 1290 1865 ὃ
1327 1823 1499 1878 κωμικὸς
1539 1824 1584 1866 ἕν
1618 1823 1799 1878 Ἑορταῖς

223 1877 599 1985 ΣῑέξκεῖὀῚΒΡοΠυΧ
646 1889 713 1935 10,
747 1886 815 1926 54.
861 1886 910 1925 ef.
942 1885 1126 1925 Phereer.
1165 1885 1233 1924 48.
1279 1885 1397 1924 aliter
1439 1884 1644 1935 Aristoph.
1675 1883 1798 1936 vesp.

990 2055 1043 2096 41

429 2110 619 2168 κόφινος

337 2191 385 2234 οὐ
408 2192 550 2247 ῥητέον
570 2193 710 2246 φασίν,
731 2188 829 2233 ἀλλὰ
852 2191 1027 2247 ἄρριχος.
1050 2191 1225 2232 Πλάτων
1239 2189 1429 2245 Ἑορταῖς.
1448 2193 1621 2233 Bekker.
1642 2193 1794 2234 Anecd.

227 2253 320 2301 102,
354 2255 398 2294 1.-
425 2253 544 2292 etiam
576 2253 665 2292 aliis
697 2252 857 2292 comicis
889 2253 1096 2293 usitatum.

431 2442 716 2499 στυλοβάτην
987 2385 1044 2427 42

339 2523 383 2564 ἐν
413 2531 461 2580 τῇ
490 2525 595 2580 οἰκίᾳ
627 2521 800 2565 Πλάτων
830 2523 991 2577 εἴρηκεν
1019 2516 1041 2563 ὃ
1070 2521 1244 2575 κωμικὸς
1275 2521 1320 2563 ἐν
1345 2519 1536 2576 Ἑορταῖς.
1579 2523 1724 2563 Pollux
1755 2525 1792 2572 7,

228 2584 320 2622 121.
355 2584 569 2634 disbinguib
599 2584 706 2623 enim
735 2584 840 2622 hunc
871 2580 1119 2634 στυλοβάτην
1149 2594 1172 2620 a
1201 2581 1437 2633 cognomine
1465 2581 1552 2620 basi
1589 2581 1795 2620 columnae

225 2639 395 2679 doricae.
446 2641 621 2692 Hesyeh.
654 2638 920 2692 στυλοβάτης·
953 2643 1026 2678 τοῦ
1053 2637 1186 2685 κίονος
1215 2633 1241 2689 ἡ
1271 2635 1401 2690 βάσις.

901 2785 1110 2819 ΕΤΡΩΠΗ

339 2862 533 2918 Fabulam
564 2880 611 2918 de
641 2881 762 2930 raptu
790 2879 971 2929 Europae
1002 2878 1044 2917 in
1073 2872 1286 2917 ridiculum
1317 2877 1489 2917 deflexit.
