<?xml version="1.0" encoding="UTF-8"?>
<!DOCTYPE html PUBLIC "-//W3C//DTD XHTML 1.0 Transitional//EN"
    "http://www.w3.org/TR/xhtml1/DTD/xhtml1-transitional.dtd">
<html xmlns="http://www.w3.org/1999/xhtml" xml:lang="en" lang="en">
 <head>
  <title>
</title>
<meta http-equiv="Content-Type" content="text/html;charset=utf-8" />
  <meta name='ocr-system' content='tesseract 3.04.00' />
  <meta name='ocr-capabilities' content='ocr_page ocr_carea ocr_par ocr_line ocrx_word'/>
</head>
<body>
  <div class='ocr_page' id='page_1' title='image "./comicorumatticor01kockuoft_0684.png"; bbox 0 0 1872 3224; ppageno 0'>
   <div class='ocr_carea' id='block_1_1' title="bbox 228 202 1159 347">
    <p class='ocr_par' dir='ltr' id='par_1_1' title="bbox 228 202 1159 347">
     <span class='ocr_line' id='line_1_1' title="bbox 228 202 1159 248; baseline 0.001 -13"><span class='ocrx_word' id='word_1_1' title='bbox 228 205 313 248; x_wconf 76' lang='lat'><em>654</em></span> <span class='ocrx_word' id='word_1_2' title='bbox 880 202 1159 237; x_wconf 72' lang='grc' dir='ltr'>ΠΛΑΤΩΝΟΣ</span> 
     </span>
     <span class='ocr_line' id='line_1_2' title="bbox 975 303 1055 347; baseline 0.013 -1"><span class='ocrx_word' id='word_1_3' title='bbox 975 303 1055 347; x_wconf 87' lang='grc'>187</span> 
     </span>
    </p>
   </div>
   <div class='ocr_carea' id='block_1_2' title="bbox 430 380 1464 578">
    <p class='ocr_par' dir='ltr' id='par_1_2' title="bbox 430 380 1448 578">
     <span class='ocr_line' id='line_1_3' title="bbox 431 380 1406 440; baseline -0.001 -13"><span class='ocrx_word' id='word_1_4' title='bbox 431 387 577 427; x_wconf 87' lang='grc' dir='ltr'><em>καίτοι</em></span> <span class='ocrx_word' id='word_1_5' title='bbox 608 385 809 440; x_wconf 81' lang='grc' dir='ltr'><em>πέπραγε</em></span> <span class='ocrx_word' id='word_1_6' title='bbox 840 385 932 426; x_wconf 74' lang='grc' dir='ltr'><em>τῶν</em></span> <span class='ocrx_word' id='word_1_7' title='bbox 961 383 1146 439; x_wconf 89' lang='grc' dir='ltr'><em>τρόπων</em></span> <span class='ocrx_word' id='word_1_8' title='bbox 1176 383 1260 439; x_wconf 79' lang='grc' dir='ltr'><em>μὲν</em></span> <span class='ocrx_word' id='word_1_9' title='bbox 1292 380 1406 439; x_wconf 75' lang='grc' dir='ltr'><em>ἄξια,</em></span> 
     </span>
     <span class='ocr_line' id='line_1_4' title="bbox 430 450 1383 535; baseline -0.001 -40"><span class='ocrx_word' id='word_1_10' title='bbox 430 451 573 495; x_wconf 82' lang='grc' dir='ltr'><em>αὑτοῦ</em></span> <span class='ocrx_word' id='word_1_11' title='bbox 605 453 654 495; x_wconf 84' lang='grc' dir='ltr'><em>δὲ</em></span> <span class='ocrx_word' id='word_1_12' title='bbox 687 450 762 494; x_wconf 87' lang='grc' dir='ltr'><em>καὶ</em></span> <span class='ocrx_word' id='word_1_13' title='bbox 791 455 884 495; x_wconf 77' lang='grc' dir='ltr'><em>τῶν</em></span> <span class='ocrx_word' id='word_1_14' title='bbox 910 450 1172 535; x_wconf 79' lang='grc' dir='ltr'><em>στιγμάτων</em></span> <span class='ocrx_word' id='word_1_15' title='bbox 1202 450 1383 504; x_wconf 77' lang='grc' dir='ltr'><em>ἀνάξια·</em></span> 
     </span>
     <span class='ocr_line' id='line_1_5' title="bbox 430 518 1464 578; baseline 0 -14"><span class='ocrx_word' id='word_1_16' title='bbox 430 519 485 564; x_wconf 85' lang='grc' dir='ltr'><em>οὐ</em></span> <span class='ocrx_word' id='word_1_17' title='bbox 514 519 603 577; x_wconf 75' lang='grc' dir='ltr'><em>γὰρ</em></span> <span class='ocrx_word' id='word_1_18' title='bbox 634 520 856 564; x_wconf 83' lang='grc' dir='ltr'><em>τοιούτων</em></span> <span class='ocrx_word' id='word_1_19' title='bbox 887 518 1026 564; x_wconf 83' lang='grc' dir='ltr'><em>εἵνεκ’</em></span> <span class='ocrx_word' id='word_1_20' title='bbox 1059 519 1246 577; x_wconf 83' lang='grc' dir='ltr'><strong><em>ὄστραχ’</em></strong></span> <span class='ocrx_word' id='word_1_21' title='bbox 1280 519 1464 578; x_wconf 81' lang='grc' dir='ltr'><em>εὑρέθη.</em></span> 
     </span>
    </p>
   </div>
   <div class='ocr_carea' id='block_1_3' title="bbox 222 597 1805 1460">
    <p class='ocr_par' dir='ltr' id='par_1_3' title="bbox 222 597 1805 1460">
     <span class='ocr_line' id='line_1_6' title="bbox 339 597 1801 674; baseline 0.001 -30"><span class='ocrx_word' id='word_1_22' title='bbox 339 605 576 644; x_wconf 72' lang='lat' dir='ltr'><strong>Plutarchus</strong></span> <span class='ocrx_word' id='word_1_23' title='bbox 614 605 703 644; x_wconf 84' lang='lat' dir='ltr'><strong>Nic.</strong></span> <span class='ocrx_word' id='word_1_24' title='bbox 746 606 794 643; x_wconf 91' lang='lat'><em>11</em></span> <span class='ocrx_word' id='word_1_25' title='bbox 837 602 1003 643; x_wconf 85' lang='grc' dir='ltr'><strong><em>κόλασιν</em></strong></span> <span class='ocrx_word' id='word_1_26' title='bbox 1040 597 1107 642; x_wconf 83' lang='grc' dir='ltr'><em>τὸν</em></span> <span class='ocrx_word' id='word_1_27' title='bbox 1146 599 1412 655; x_wconf 87' lang='grc' dir='ltr'><em>ὀστρακισμὸν</em></span> <span class='ocrx_word' id='word_1_28' title='bbox 1450 600 1659 674; x_wconf 79' lang='grc' dir='ltr'>(ἡγοῦντο)</span> <span class='ocrx_word' id='word_1_29' title='bbox 1698 604 1801 645; x_wconf 89' lang='grc' dir='ltr'><em>Θου-</em></span> 
     </span>
     <span class='ocr_line' id='line_1_7' title="bbox 225 657 1803 730; baseline 0.001 -29"><span class='ocrx_word' id='word_1_30' title='bbox 225 661 373 716; x_wconf 82' lang='grc' dir='ltr'><em>κυδίδῃ</em></span> <span class='ocrx_word' id='word_1_31' title='bbox 410 660 477 701; x_wconf 85' lang='grc' dir='ltr'><em>καὶ</em></span> <span class='ocrx_word' id='word_1_32' title='bbox 514 658 736 730; x_wconf 81' lang='grc' dir='ltr'><em>Ἀριστείδῃ</em></span> <span class='ocrx_word' id='word_1_33' title='bbox 774 658 843 700; x_wconf 87' lang='grc' dir='ltr'><em>καὶ</em></span> <span class='ocrx_word' id='word_1_34' title='bbox 882 664 964 708; x_wconf 89' lang='grc' dir='ltr'><em>τοῖς</em></span> <span class='ocrx_word' id='word_1_35' title='bbox 1009 657 1186 725; x_wconf 83' lang='grc' dir='ltr'><em>ὁμοίοις,</em></span> <span class='ocrx_word' id='word_1_36' title='bbox 1214 658 1439 730; x_wconf 76' lang='grc' dir='ltr'><strong><em>Ὑπερβόλῳ</em></strong></span> <span class='ocrx_word' id='word_1_37' title='bbox 1483 659 1528 700; x_wconf 85' lang='grc' dir='ltr'><em>δὲ</em></span> <span class='ocrx_word' id='word_1_38' title='bbox 1571 660 1694 714; x_wconf 81' lang='grc' dir='ltr'><em>τιμὴν</em></span> <span class='ocrx_word' id='word_1_39' title='bbox 1734 661 1803 702; x_wconf 83' lang='grc' dir='ltr'><em>καὶ</em></span> 
     </span>
     <span class='ocr_line' id='line_1_8' title="bbox 222 712 1802 772; baseline 0.001 -14"><span class='ocrx_word' id='word_1_40' title='bbox 222 718 486 772; x_wconf 83' lang='grc' dir='ltr'><em>προσποίησιν</em></span> <span class='ocrx_word' id='word_1_41' title='bbox 515 715 744 766; x_wconf 72' lang='grc' dir='ltr'><em>ἀλαζονείας</em></span> <span class='ocrx_word' id='word_1_42' title='bbox 786 716 876 772; x_wconf 82' lang='grc' dir='ltr'><em>(τὸν</em></span> <span class='ocrx_word' id='word_1_43' title='bbox 915 712 1220 771; x_wconf 79' lang='grc' dir='ltr'><em>ἐξοστρακισμὸν</em></span> <span class='ocrx_word' id='word_1_44' title='bbox 1259 713 1362 758; x_wconf 85' lang='grc' dir='ltr'><em>εἶναι</em></span> <span class='ocrx_word' id='word_1_45' title='bbox 1401 717 1623 772; x_wconf 79' lang='grc' dir='ltr'><em>ἐνόμιζον),</em></span> <span class='ocrx_word' id='word_1_46' title='bbox 1662 719 1699 759; x_wconf 85' lang='grc' dir='ltr'><em>εἰ</em></span> <span class='ocrx_word' id='word_1_47' title='bbox 1734 717 1802 759; x_wconf 75' lang='grc' dir='ltr'><em>διὰ</em></span> 
     </span>
     <span class='ocr_line' id='line_1_9' title="bbox 222 772 1802 829; baseline 0.001 -14"><span class='ocrx_word' id='word_1_48' title='bbox 222 776 450 829; x_wconf 81' lang='grc' dir='ltr'><em>μοχθηρίαν</em></span> <span class='ocrx_word' id='word_1_49' title='bbox 481 773 604 815; x_wconf 81' lang='grc' dir='ltr'><em>ταύτὰ</em></span> <span class='ocrx_word' id='word_1_50' title='bbox 635 774 763 814; x_wconf 74' lang='grc' dir='ltr'><em>ἔπαθε</em></span> <span class='ocrx_word' id='word_1_51' title='bbox 803 778 884 823; x_wconf 84' lang='grc' dir='ltr'><em>τοῖς</em></span> <span class='ocrx_word' id='word_1_52' title='bbox 920 772 1111 828; x_wconf 79' lang='grc' dir='ltr'><em>ἀρίστοις,</em></span> <span class='ocrx_word' id='word_1_53' title='bbox 1152 773 1207 823; x_wconf 89' lang='grc' dir='ltr'><em>ω’ς</em></span> <span class='ocrx_word' id='word_1_54' title='bbox 1245 789 1325 815; x_wconf 88' lang='grc' dir='ltr'><em>που</em></span> <span class='ocrx_word' id='word_1_55' title='bbox 1361 773 1428 815; x_wconf 84' lang='grc' dir='ltr'><em>καὶ</em></span> <span class='ocrx_word' id='word_1_56' title='bbox 1468 775 1642 816; x_wconf 79' lang='grc' dir='ltr'><em>Πλάτων</em></span> <span class='ocrx_word' id='word_1_57' title='bbox 1670 773 1692 816; x_wconf 87' lang='grc' dir='ltr'><strong>ὁ</strong></span> <span class='ocrx_word' id='word_1_58' title='bbox 1721 791 1802 817; x_wconf 84' lang='grc' dir='ltr'><em>κω·-</em></span> 
     </span>
     <span class='ocr_line' id='line_1_10' title="bbox 222 829 1801 905; baseline 0.001 -33"><span class='ocrx_word' id='word_1_59' title='bbox 222 833 336 886; x_wconf 86' lang='grc' dir='ltr'><em>μικὸς</em></span> <span class='ocrx_word' id='word_1_60' title='bbox 381 832 515 886; x_wconf 87' lang='grc' dir='ltr'><em>εἴρηκε</em></span> <span class='ocrx_word' id='word_1_61' title='bbox 563 832 652 885; x_wconf 85' lang='grc' dir='ltr'><em>περὶ</em></span> <span class='ocrx_word' id='word_1_62' title='bbox 696 829 821 872; x_wconf 80' lang='grc' dir='ltr'><em>αὐτοῦ</em></span> <span class='ocrx_word' id='word_1_63' title='bbox 865 835 946 872; x_wconf 88' lang='grc' dir='ltr'><em>κτλ.</em></span> <span class='ocrx_word' id='word_1_64' title='bbox 993 836 1035 873; x_wconf 89' lang='lat' dir='ltr'><em>et</em></span> <span class='ocrx_word' id='word_1_65' title='bbox 1077 834 1210 873; x_wconf 81' lang='lat' dir='ltr'><strong>Alcib.</strong></span> <span class='ocrx_word' id='word_1_66' title='bbox 1253 835 1303 873; x_wconf 92' lang='lat'><em>13</em></span> <span class='ocrx_word' id='word_1_67' title='bbox 1351 835 1504 884; x_wconf 83' lang='grc' dir='ltr'><em>φαῦλος</em></span> <span class='ocrx_word' id='word_1_68' title='bbox 1547 832 1622 905; x_wconf 65' lang='grc' dir='ltr'><em>γὰρ</em></span> <span class='ocrx_word' id='word_1_69' title='bbox 1667 830 1801 882; x_wconf 79' lang='grc' dir='ltr'><em>οὐδεὶς</em></span> 
     </span>
     <span class='ocr_line' id='line_1_11' title="bbox 223 886 1801 943; baseline 0.001 -13"><span class='ocrx_word' id='word_1_70' title='bbox 223 889 434 930; x_wconf 82' lang='grc' dir='ltr'><em>ἐνέπιπτεν</em></span> <span class='ocrx_word' id='word_1_71' title='bbox 464 891 520 938; x_wconf 84' lang='grc' dir='ltr'><em>εἰς</em></span> <span class='ocrx_word' id='word_1_72' title='bbox 551 896 692 930; x_wconf 88' lang='grc' dir='ltr'><em>τοῦτον</em></span> <span class='ocrx_word' id='word_1_73' title='bbox 722 888 791 930; x_wconf 89' lang='grc' dir='ltr'><em>τὸν</em></span> <span class='ocrx_word' id='word_1_74' title='bbox 821 888 1036 943; x_wconf 80' lang='grc' dir='ltr'><em>κολασμόν,</em></span> <span class='ocrx_word' id='word_1_75' title='bbox 1068 887 1158 930; x_wconf 82' lang='grc' dir='ltr'><em>οὐδ’</em></span> <span class='ocrx_word' id='word_1_76' title='bbox 1191 887 1345 943; x_wconf 71' lang='grc' dir='ltr'><em>ἄδοξος,</em></span> <span class='ocrx_word' id='word_1_77' title='bbox 1375 888 1510 943; x_wconf 81' lang='grc' dir='ltr'><em>ὥσπερ</em></span> <span class='ocrx_word' id='word_1_78' title='bbox 1537 889 1605 931; x_wconf 81' lang='grc' dir='ltr'><em>καὶ</em></span> <span class='ocrx_word' id='word_1_79' title='bbox 1627 886 1801 931; x_wconf 86' lang='grc' dir='ltr'><em>Πλάτων</em></span> 
     </span>
     <span class='ocr_line' id='line_1_12' title="bbox 222 945 1799 1019; baseline 0.001 -32"><span class='ocrx_word' id='word_1_80' title='bbox 222 949 292 988; x_wconf 87' lang='grc' dir='ltr'><em>τοῦ</em></span> <span class='ocrx_word' id='word_1_81' title='bbox 316 945 566 1019; x_wconf 81' lang='grc' dir='ltr'><em>Ὑπερβόλου</em></span> <span class='ocrx_word' id='word_1_82' title='bbox 599 947 817 999; x_wconf 72' lang='grc' dir='ltr'><em>μνησθείς·</em></span> <span class='ocrx_word' id='word_1_83' title='bbox 849 947 977 986; x_wconf 91' lang='grc' dir='ltr'><em>καίτοι</em></span> <span class='ocrx_word' id='word_1_84' title='bbox 1006 950 1086 991; x_wconf 89' lang='grc' dir='ltr'><em>κτλ,</em></span> <span class='ocrx_word' id='word_1_85' title='bbox 1148 945 1324 1001; x_wconf 83' lang='grc' dir='ltr'><em>πέπραγε</em></span> <span class='ocrx_word' id='word_1_86' title='bbox 1357 947 1571 1014; x_wconf 67' lang='lat' dir='ltr'><strong>Schaefer]</strong></span> <span class='ocrx_word' id='word_1_87' title='bbox 1613 947 1799 1002; x_wconf 83' lang='grc' dir='ltr'><em>πέπραχε.</em></span> 
     </span>
     <span class='ocr_line' id='line_1_13' title="bbox 224 1002 1802 1058; baseline 0 -13"><span class='ocrx_word' id='word_1_88' title='bbox 224 1002 364 1058; x_wconf 84' lang='grc' dir='ltr'><em>ει’νεκ’]</em></span> <span class='ocrx_word' id='word_1_89' title='bbox 399 1003 522 1056; x_wconf 81' lang='grc' dir='ltr'><em>εἶ”νεχ</em></span> <span class='ocrx_word' id='word_1_90' title='bbox 555 1007 569 1045; x_wconf 96' lang='lat' dir='ltr'><em>i</em></span> <span class='ocrx_word' id='word_1_91' title='bbox 591 1020 624 1054; x_wconf 79' lang='lat' dir='ltr'><em>a,</em></span> <span class='ocrx_word' id='word_1_92' title='bbox 657 1003 807 1045; x_wconf 81' lang='grc' dir='ltr'><em>οὕνεκα</em></span> <span class='ocrx_word' id='word_1_93' title='bbox 837 1005 928 1058; x_wconf 72' lang='lat' dir='ltr'><em>qY,</em></span> <span class='ocrx_word' id='word_1_94' title='bbox 957 1002 1093 1045; x_wconf 81' lang='grc' dir='ltr'><em>ούνεκ’</em></span> <span class='ocrx_word' id='word_1_95' title='bbox 1127 1005 1172 1046; x_wconf 87' lang='lat' dir='ltr'><em>C.</em></span> <span class='ocrx_word' id='word_1_96' title='bbox 1205 1002 1309 1045; x_wconf 75' lang='grc' dir='ltr'><em>ἕνεκ’</em></span> <span class='ocrx_word' id='word_1_97' title='bbox 1343 1005 1373 1045; x_wconf 85' lang='lat' dir='ltr'>G</span> <span class='ocrx_word' id='word_1_98' title='bbox 1404 1007 1446 1046; x_wconf 89' lang='lat' dir='ltr'><em>in</em></span> <span class='ocrx_word' id='word_1_99' title='bbox 1476 1006 1606 1045; x_wconf 84' lang='lat' dir='ltr'><strong>Alcib.</strong></span> <span class='ocrx_word' id='word_1_100' title='bbox 1638 1007 1687 1045; x_wconf 82' lang='lat' dir='ltr'><em>ad</em></span> <span class='ocrx_word' id='word_1_101' title='bbox 1717 1007 1802 1058; x_wconf 81' lang='lat' dir='ltr'><em>Hy·</em></span> 
     </span>
     <span class='ocr_line' id='line_1_14' title="bbox 225 1062 1798 1115; baseline -0.001 -12"><span class='ocrx_word' id='word_1_102' title='bbox 225 1065 434 1115; x_wconf 86' lang='lat' dir='ltr'><strong>perbolum</strong></span> <span class='ocrx_word' id='word_1_103' title='bbox 464 1064 662 1103; x_wconf 83' lang='lat' dir='ltr'><strong>referebat</strong></span> <span class='ocrx_word' id='word_1_104' title='bbox 699 1063 942 1112; x_wconf 80' lang='lat' dir='ltr'><strong>Meinekius‚</strong></span> <span class='ocrx_word' id='word_1_105' title='bbox 982 1064 1181 1103; x_wconf 78' lang='lat' dir='ltr'><strong>refutatus</strong></span> <span class='ocrx_word' id='word_1_106' title='bbox 1212 1077 1235 1102; x_wconf 85' lang='lat' dir='ltr'>a</span> <span class='ocrx_word' id='word_1_107' title='bbox 1265 1062 1416 1103; x_wconf 73' lang='lat' dir='ltr'><em>Cobet-,0</em></span> <span class='ocrx_word' id='word_1_108' title='bbox 1453 1063 1549 1104; x_wconf 77' lang='lat' dir='ltr'><strong>Obs.</strong></span> <span class='ocrx_word' id='word_1_109' title='bbox 1581 1064 1672 1103; x_wconf 86' lang='lat' dir='ltr'><strong>crit.</strong></span> <span class='ocrx_word' id='word_1_110' title='bbox 1704 1064 1798 1104; x_wconf 87' lang='lat'>140.</span> 
     </span>
     <span class='ocr_line' id='line_1_15' title="bbox 229 1115 1800 1173; baseline 0 -13"><span class='ocrx_word' id='word_1_111' title='bbox 229 1124 266 1161; x_wconf 91' lang='lat'><em>1.</em></span> <span class='ocrx_word' id='word_1_112' title='bbox 299 1121 349 1160; x_wconf 85' lang='lat' dir='ltr'><em>ad</em></span> <span class='ocrx_word' id='word_1_113' title='bbox 378 1121 604 1172; x_wconf 80' lang='lat' dir='ltr'><strong>Perialgem</strong></span> <span class='ocrx_word' id='word_1_114' title='bbox 642 1120 817 1160; x_wconf 81' lang='lat' dir='ltr'><strong>Cobetus</strong></span> <span class='ocrx_word' id='word_1_115' title='bbox 855 1120 951 1160; x_wconf 85' lang='lat' dir='ltr'>ibid.</span> <span class='ocrx_word' id='word_1_116' title='bbox 995 1121 1089 1160; x_wconf 83' lang='lat'><strong>174.</strong></span> <span class='ocrx_word' id='word_1_117' title='bbox 1141 1123 1376 1171; x_wconf 85' lang='lat' dir='ltr'><strong>corruptum</strong></span> <span class='ocrx_word' id='word_1_118' title='bbox 1410 1123 1473 1161; x_wconf 86' lang='lat' dir='ltr'><em>est</em></span> <span class='ocrx_word' id='word_1_119' title='bbox 1510 1124 1593 1159; x_wconf 80' lang='grc' dir='ltr'><em>τῶν</em></span> <span class='ocrx_word' id='word_1_120' title='bbox 1627 1115 1800 1173; x_wconf 84' lang='grc' dir='ltr'><em>τρόπων.</em></span> 
     </span>
     <span class='ocr_line' id='line_1_16' title="bbox 223 1178 1805 1230; baseline 0.001 -13"><span class='ocrx_word' id='word_1_121' title='bbox 223 1192 316 1218; x_wconf 83' lang='lat' dir='ltr'><em>nam</em></span> <span class='ocrx_word' id='word_1_122' title='bbox 346 1191 477 1218; x_wconf 83' lang='lat' dir='ltr'><strong>mores</strong></span> <span class='ocrx_word' id='word_1_123' title='bbox 508 1179 794 1230; x_wconf 79' lang='lat' dir='ltr'><strong>ingeniumque</strong></span> <span class='ocrx_word' id='word_1_124' title='bbox 823 1178 998 1217; x_wconf 85' lang='lat' dir='ltr'><strong>hominis</strong></span> <span class='ocrx_word' id='word_1_125' title='bbox 1029 1178 1078 1217; x_wconf 83' lang='lat' dir='ltr'><em>ab</em></span> <span class='ocrx_word' id='word_1_126' title='bbox 1109 1179 1198 1228; x_wconf 86' lang='lat' dir='ltr'><strong>ipso</strong></span> <span class='ocrx_word' id='word_1_127' title='bbox 1227 1191 1309 1218; x_wconf 90' lang='lat' dir='ltr'><em>non</em></span> <span class='ocrx_word' id='word_1_128' title='bbox 1339 1180 1434 1218; x_wconf 84' lang='lat' dir='ltr'><strong>sunt</strong></span> <span class='ocrx_word' id='word_1_129' title='bbox 1469 1178 1527 1217; x_wconf 78' lang='lat' dir='ltr'><em>ita</em></span> <span class='ocrx_word' id='word_1_130' title='bbox 1555 1178 1729 1228; x_wconf 81' lang='lat' dir='ltr'><strong>diversa,</strong></span> <span class='ocrx_word' id='word_1_131' title='bbox 1758 1180 1805 1218; x_wconf 78' lang='lat' dir='ltr'><em>ut</em></span> 
     </span>
     <span class='ocr_line' id='line_1_17' title="bbox 228 1235 1804 1287; baseline 0 -13"><span class='ocrx_word' id='word_1_132' title='bbox 228 1236 336 1286; x_wconf 87' lang='lat' dir='ltr'><strong>quod</strong></span> <span class='ocrx_word' id='word_1_133' title='bbox 365 1235 545 1275; x_wconf 87' lang='lat' dir='ltr'><strong>moribus</strong></span> <span class='ocrx_word' id='word_1_134' title='bbox 585 1236 669 1275; x_wconf 85' lang='lat' dir='ltr'><strong>eius</strong></span> <span class='ocrx_word' id='word_1_135' title='bbox 709 1235 877 1287; x_wconf 87' lang='lat' dir='ltr'><strong>dignum</strong></span> <span class='ocrx_word' id='word_1_136' title='bbox 914 1237 975 1274; x_wconf 84' lang='lat' dir='ltr'><em>est</em></span> <span class='ocrx_word' id='word_1_137' title='bbox 1011 1236 1098 1286; x_wconf 85' lang='lat' dir='ltr'><strong>ipso</strong></span> <span class='ocrx_word' id='word_1_138' title='bbox 1137 1235 1348 1287; x_wconf 89' lang='lat' dir='ltr'><strong>indignum</strong></span> <span class='ocrx_word' id='word_1_139' title='bbox 1386 1248 1471 1275; x_wconf 84' lang='lat' dir='ltr'><strong>esse</strong></span> <span class='ocrx_word' id='word_1_140' title='bbox 1506 1235 1647 1286; x_wconf 85' lang='lat' dir='ltr'><strong>possit.</strong></span> <span class='ocrx_word' id='word_1_141' title='bbox 1706 1235 1804 1286; x_wconf 78' lang='lat' dir='ltr'><strong>quid</strong></span> 
     </span>
     <span class='ocr_line' id='line_1_18' title="bbox 227 1292 1803 1343; baseline 0 -11"><span class='ocrx_word' id='word_1_142' title='bbox 227 1293 344 1332; x_wconf 84' lang='lat' dir='ltr'><strong>Plato</strong></span> <span class='ocrx_word' id='word_1_143' title='bbox 391 1293 614 1343; x_wconf 73' lang='lat' dir='ltr'>scripserit,</span> <span class='ocrx_word' id='word_1_144' title='bbox 659 1294 744 1343; x_wconf 86' lang='lat' dir='ltr'><strong>ipse</strong></span> <span class='ocrx_word' id='word_1_145' title='bbox 786 1294 985 1332; x_wconf 84' lang='lat' dir='ltr'><strong>monstrat</strong></span> <span class='ocrx_word' id='word_1_146' title='bbox 1027 1292 1265 1332; x_wconf 74' lang='lat' dir='ltr'><strong>Plutarchus</strong></span> <span class='ocrx_word' id='word_1_147' title='bbox 1310 1294 1587 1333; x_wconf 79' lang='lat' dir='ltr'><strong>ostracismum</strong></span> <span class='ocrx_word' id='word_1_148' title='bbox 1632 1305 1803 1343; x_wconf 84' lang='lat' dir='ltr'><strong>poenam</strong></span> 
     </span>
     <span class='ocr_line' id='line_1_19' title="bbox 227 1349 1803 1401; baseline 0.001 -13"><span class='ocrx_word' id='word_1_149' title='bbox 227 1350 452 1400; x_wconf 86' lang='lat' dir='ltr'><strong>Thucydidi</strong></span> <span class='ocrx_word' id='word_1_150' title='bbox 498 1352 539 1389; x_wconf 88' lang='lat' dir='ltr'><em>et</em></span> <span class='ocrx_word' id='word_1_151' title='bbox 579 1350 749 1389; x_wconf 82' lang='lat' dir='ltr'><strong>Aristidi</strong></span> <span class='ocrx_word' id='word_1_152' title='bbox 794 1363 838 1389; x_wconf 86' lang='lat' dir='ltr'><em>ac</em></span> <span class='ocrx_word' id='word_1_153' title='bbox 878 1349 1074 1390; x_wconf 85' lang='lat' dir='ltr'><strong>similibus</strong></span> <span class='ocrx_word' id='word_1_154' title='bbox 1113 1351 1212 1390; x_wconf 82' lang='lat' dir='ltr'><strong>viris</strong></span> <span class='ocrx_word' id='word_1_155' title='bbox 1250 1353 1407 1401; x_wconf 78' lang='lat' dir='ltr'><strong>aptam,</strong></span> <span class='ocrx_word' id='word_1_156' title='bbox 1447 1349 1681 1401; x_wconf 83' lang='lat' dir='ltr'><strong>Hyperbolo</strong></span> <span class='ocrx_word' id='word_1_157' title='bbox 1718 1362 1803 1389; x_wconf 89' lang='lat' dir='ltr'><em>non</em></span> 
     </span>
     <span class='ocr_line' id='line_1_20' title="bbox 223 1402 1805 1460; baseline -0.001 -14"><span class='ocrx_word' id='word_1_158' title='bbox 223 1410 359 1457; x_wconf 85' lang='lat' dir='ltr'><strong>aptam</strong></span> <span class='ocrx_word' id='word_1_159' title='bbox 392 1407 514 1447; x_wconf 82' lang='lat' dir='ltr'><strong>fuisse</strong></span> <span class='ocrx_word' id='word_1_160' title='bbox 534 1420 712 1446; x_wconf 85' lang='lat' dir='ltr'><em>narrans.</em></span> <span class='ocrx_word' id='word_1_161' title='bbox 774 1407 912 1458; x_wconf 84' lang='lat' dir='ltr'><strong>itaque</strong></span> <span class='ocrx_word' id='word_1_162' title='bbox 935 1407 1190 1450; x_wconf 84' lang='lat' dir='ltr'><strong>scribendum</strong></span> <span class='ocrx_word' id='word_1_163' title='bbox 1221 1410 1282 1447; x_wconf 82' lang='lat' dir='ltr'><em>est</em></span> <span class='ocrx_word' id='word_1_164' title='bbox 1312 1412 1373 1446; x_wconf 79' lang='grc' dir='ltr'><em>τώ</em></span> <span class='ocrx_word' id='word_1_165' title='bbox 1382 1423 1406 1446; x_wconf 92' lang='grc' dir='ltr'><em>ν</em></span> <span class='ocrx_word' id='word_1_166' title='bbox 1434 1403 1687 1460; x_wconf 86' lang='grc' dir='ltr'><em>προτέρων</em></span> <span class='ocrx_word' id='word_1_167' title='bbox 1714 1402 1805 1459; x_wconf 79' lang='grc' dir='ltr'><em>μὲν</em></span> 
     </span>
    </p>
   </div>
   <div class='ocr_carea' id='block_1_4' title="bbox 222 1462 1802 1515">
    <p class='ocr_par' dir='ltr' id='par_1_4' title="bbox 222 1462 1802 1515">
     <span class='ocr_line' id='line_1_21' title="bbox 222 1462 1802 1515; baseline -0.001 -12"><span class='ocrx_word' id='word_1_168' title='bbox 222 1462 331 1512; x_wconf 76' lang='grc' dir='ltr'>ἄξια.</span> <span class='ocrx_word' id='word_1_169' title='bbox 351 1465 402 1504; x_wconf 86' lang='lat' dir='ltr'><em>cf.</em></span> <span class='ocrx_word' id='word_1_170' title='bbox 418 1464 627 1515; x_wconf 86' lang='lat' dir='ltr'><strong>Aristoph.</strong></span> <span class='ocrx_word' id='word_1_171' title='bbox 645 1465 753 1504; x_wconf 89' lang='lat' dir='ltr'><em>Nub.</em></span> <span class='ocrx_word' id='word_1_172' title='bbox 768 1465 890 1505; x_wconf 83' lang='lat'><strong>1028.</strong></span> <span class='ocrx_word' id='word_1_173' title='bbox 906 1464 1011 1504; x_wconf 84' lang='lat' dir='ltr'><strong>Plat.</strong></span> <span class='ocrx_word' id='word_1_174' title='bbox 1022 1464 1191 1504; x_wconf 80' lang='lat' dir='ltr'><strong>Phaedr.</strong></span> <span class='ocrx_word' id='word_1_175' title='bbox 1207 1466 1288 1504; x_wconf 88' lang='grc'><em>274</em></span> <span class='ocrx_word' id='word_1_176' title='bbox 1300 1479 1332 1505; x_wconf 87' lang='grc'><em>0.</em></span> <span class='ocrx_word' id='word_1_177' title='bbox 1351 1465 1505 1505; x_wconf 86' lang='lat' dir='ltr'><strong>Menex.</strong></span> <span class='ocrx_word' id='word_1_178' title='bbox 1523 1465 1604 1504; x_wconf 88' lang='grc'><em>239</em></span> <span class='ocrx_word' id='word_1_179' title='bbox 1614 1464 1653 1504; x_wconf 93' lang='lat' dir='ltr'><em>b.</em></span> <span class='ocrx_word' id='word_1_180' title='bbox 1669 1465 1749 1503; x_wconf 85' lang='lat'><em>241</em></span> <span class='ocrx_word' id='word_1_181' title='bbox 1763 1464 1802 1503; x_wconf 87' lang='lat' dir='ltr'><em>d.</em></span> 
     </span>
    </p>
   </div>
   <div class='ocr_carea' id='block_1_5' title="bbox 225 1659 1800 2228">
    <p class='ocr_par' dir='ltr' id='par_1_5' title="bbox 429 1659 1685 1860">
     <span class='ocr_line' id='line_1_22' title="bbox 430 1659 1685 1724; baseline 0.002 -16"><span class='ocrx_word' id='word_1_182' title='bbox 430 1670 483 1709; x_wconf 89' lang='lat' dir='ltr'><em>A.</em></span> <span class='ocrx_word' id='word_1_183' title='bbox 513 1659 660 1721; x_wconf 84' lang='grc' dir='ltr'><em>οὗτος,</em></span> <span class='ocrx_word' id='word_1_184' title='bbox 691 1668 759 1718; x_wconf 90' lang='grc' dir='ltr'><em>τίς</em></span> <span class='ocrx_word' id='word_1_185' title='bbox 789 1663 850 1718; x_wconf 85' lang='grc' dir='ltr'><em>εἷ;</em></span> <span class='ocrx_word' id='word_1_186' title='bbox 883 1667 983 1722; x_wconf 86' lang='grc' dir='ltr'><em>λέγε</em></span> <span class='ocrx_word' id='word_1_187' title='bbox 1013 1665 1144 1722; x_wconf 87' lang='grc' dir='ltr'><em>ταχύ·</em></span> <span class='ocrx_word' id='word_1_188' title='bbox 1175 1669 1223 1710; x_wconf 92' lang='grc' dir='ltr'><em>τί</em></span> <span class='ocrx_word' id='word_1_189' title='bbox 1248 1669 1396 1724; x_wconf 78' lang='grc' dir='ltr'><em>σιγᾷςς</em></span> <span class='ocrx_word' id='word_1_190' title='bbox 1431 1665 1516 1711; x_wconf 83' lang='grc' dir='ltr'><em>οὐκ</em></span> <span class='ocrx_word' id='word_1_191' title='bbox 1547 1667 1685 1724; x_wconf 84' lang='grc' dir='ltr'><em>ἐρεῖς;</em></span> 
     </span>
     <span class='ocr_line' id='line_1_23' title="bbox 430 1734 1511 1792; baseline 0.001 -14"><span class='ocrx_word' id='word_1_192' title='bbox 430 1744 543 1778; x_wconf 87' lang='grc' dir='ltr'>ΕΡΜ.</span> <span class='ocrx_word' id='word_1_193' title='bbox 571 1734 732 1792; x_wconf 82' lang='grc' dir='ltr'><em>Ἑρμῆς</em></span> <span class='ocrx_word' id='word_1_194' title='bbox 762 1736 904 1790; x_wconf 84' lang='grc' dir='ltr'><em>ἔγωγε</em></span> <span class='ocrx_word' id='word_1_195' title='bbox 933 1735 1170 1778; x_wconf 82' lang='grc' dir='ltr'><em>Δαιδάλου</em></span> <span class='ocrx_word' id='word_1_196' title='bbox 1202 1734 1364 1791; x_wconf 80' lang='grc' dir='ltr'><em>φωνὴν</em></span> <span class='ocrx_word' id='word_1_197' title='bbox 1395 1738 1511 1792; x_wconf 83' lang='grc' dir='ltr'><em>ἔχων</em></span> 
     </span>
     <span class='ocr_line' id='line_1_24' title="bbox 429 1801 1368 1860; baseline 0.001 -14"><span class='ocrx_word' id='word_1_198' title='bbox 429 1804 611 1856; x_wconf 80' lang='grc' dir='ltr'><em>ξύλινος</em></span> <span class='ocrx_word' id='word_1_199' title='bbox 639 1804 836 1860; x_wconf 78' lang='grc' dir='ltr'><em>βαδίζων</em></span> <span class='ocrx_word' id='word_1_200' title='bbox 866 1801 1118 1859; x_wconf 79' lang='grc' dir='ltr'><em>αὐτόματος</em></span> <span class='ocrx_word' id='word_1_201' title='bbox 1148 1804 1368 1860; x_wconf 82' lang='grc' dir='ltr'><em>ἐλήλυθα.</em></span> 
     </span>
    </p>

    <p class='ocr_par' dir='ltr' id='par_1_6' title="bbox 225 1885 1800 2228">
     <span class='ocr_line' id='line_1_25' title="bbox 340 1885 1800 1943; baseline 0.001 -16"><span class='ocrx_word' id='word_1_202' title='bbox 340 1888 470 1928; x_wconf 83' lang='lat' dir='ltr'><strong>Schol.</strong></span> <span class='ocrx_word' id='word_1_203' title='bbox 503 1888 643 1939; x_wconf 89' lang='lat' dir='ltr'><strong>Eurip.</strong></span> <span class='ocrx_word' id='word_1_204' title='bbox 675 1887 773 1928; x_wconf 81' lang='lat' dir='ltr'><em>Hec.</em></span> <span class='ocrx_word' id='word_1_205' title='bbox 806 1888 886 1927; x_wconf 87' lang='grc'><em>821</em></span> <span class='ocrx_word' id='word_1_206' title='bbox 918 1885 1008 1940; x_wconf 82' lang='grc' dir='ltr'><em>περὶ</em></span> <span class='ocrx_word' id='word_1_207' title='bbox 1038 1892 1119 1927; x_wconf 74' lang='grc' dir='ltr'><em>τῶν</em></span> <span class='ocrx_word' id='word_1_208' title='bbox 1150 1886 1358 1927; x_wconf 79' lang='grc' dir='ltr'><em>Δαιδάλου</em></span> <span class='ocrx_word' id='word_1_209' title='bbox 1396 1885 1522 1941; x_wconf 75' lang='grc' dir='ltr'><em>ἔργων</em></span> <span class='ocrx_word' id='word_1_210' title='bbox 1561 1886 1698 1943; x_wconf 82' lang='grc' dir='ltr'><em>(λέγει)</em></span> <span class='ocrx_word' id='word_1_211' title='bbox 1741 1903 1800 1928; x_wconf 92' lang='grc' dir='ltr'><em>οτι</em></span> 
     </span>
     <span class='ocr_line' id='line_1_26' title="bbox 225 1939 1798 2013; baseline 0.001 -29"><span class='ocrx_word' id='word_1_212' title='bbox 225 1942 395 2013; x_wconf 57' lang='grc' dir='ltr'><em>ἐκινεῖτο,</em></span> <span class='ocrx_word' id='word_1_213' title='bbox 419 1943 487 1984; x_wconf 83' lang='grc' dir='ltr'><em>καὶ</em></span> <span class='ocrx_word' id='word_1_214' title='bbox 515 1945 646 1998; x_wconf 89' lang='grc' dir='ltr'><em>προΐει</em></span> <span class='ocrx_word' id='word_1_215' title='bbox 668 1943 844 1997; x_wconf 84' lang='grc' dir='ltr'><em>φωνήν.</em></span> <span class='ocrx_word' id='word_1_216' title='bbox 902 1943 999 1987; x_wconf 79' lang='grc' dir='ltr'><em>,καὶ</em></span> <span class='ocrx_word' id='word_1_217' title='bbox 1031 1943 1224 1984; x_wconf 80' lang='grc' dir='ltr'><em>Πλάτων’</em></span> <span class='ocrx_word' id='word_1_218' title='bbox 1258 1939 1374 1993; x_wconf 77' lang='grc' dir='ltr'><em>οὗτος</em></span> <span class='ocrx_word' id='word_1_219' title='bbox 1402 1948 1484 1986; x_wconf 91' lang='grc' dir='ltr'><em>κτλ.</em></span> <span class='ocrx_word' id='word_1_220' title='bbox 1576 1949 1613 1986; x_wconf 94' lang='grc'><em>1.</em></span> <span class='ocrx_word' id='word_1_221' title='bbox 1636 1947 1679 1986; x_wconf 87' lang='grc' dir='ltr'>Μ</span> <span class='ocrx_word' id='word_1_222' title='bbox 1697 1947 1798 1986; x_wconf 90' lang='lat' dir='ltr'><strong>nihil</strong></span> 
     </span>
     <span class='ocr_line' id='line_1_27' title="bbox 225 1998 1797 2055; baseline 0.002 -14"><span class='ocrx_word' id='word_1_223' title='bbox 225 2004 303 2042; x_wconf 86' lang='lat' dir='ltr'><strong>nisi</strong></span> <span class='ocrx_word' id='word_1_224' title='bbox 351 1998 422 2041; x_wconf 81' lang='grc' dir='ltr'><em>οὐκ</em></span> <span class='ocrx_word' id='word_1_225' title='bbox 461 2000 584 2055; x_wconf 84' lang='grc' dir='ltr'><em>ἕρεῖς;</em></span> <span class='ocrx_word' id='word_1_226' title='bbox 644 2004 681 2042; x_wconf 91' lang='lat'><em>3.</em></span> <span class='ocrx_word' id='word_1_227' title='bbox 720 1999 940 2054; x_wconf 76' lang='grc' dir='ltr'><em>αὐτόματος</em></span> <span class='ocrx_word' id='word_1_228' title='bbox 977 2000 1034 2055; x_wconf 94' lang='grc' dir='ltr'><em>Μ]</em></span> <span class='ocrx_word' id='word_1_229' title='bbox 1082 1998 1311 2054; x_wconf 78' lang='grc' dir='ltr'><em>αὐτομάτως</em></span> <span class='ocrx_word' id='word_1_230' title='bbox 1345 2003 1410 2044; x_wconf 92' lang='lat' dir='ltr'><em>BI.</em></span> <span class='ocrx_word' id='word_1_231' title='bbox 1500 2005 1535 2042; x_wconf 93' lang='lat'><em>1.</em></span> <span class='ocrx_word' id='word_1_232' title='bbox 1575 2005 1797 2055; x_wconf 77' lang='lat' dir='ltr'><strong>‘proceleu-</strong></span> 
     </span>
     <span class='ocr_line' id='line_1_28' title="bbox 227 2060 1794 2113; baseline 0.001 -15"><span class='ocrx_word' id='word_1_233' title='bbox 227 2061 394 2100; x_wconf 85' lang='lat' dir='ltr'><strong>smatico</strong></span> <span class='ocrx_word' id='word_1_234' title='bbox 416 2073 512 2100; x_wconf 83' lang='lat' dir='ltr'><strong>usus</strong></span> <span class='ocrx_word' id='word_1_235' title='bbox 534 2073 619 2100; x_wconf 81' lang='lat' dir='ltr'><strong>esse</strong></span> <span class='ocrx_word' id='word_1_236' title='bbox 641 2060 800 2100; x_wconf 85' lang='lat' dir='ltr'><strong>videtur</strong></span> <span class='ocrx_word' id='word_1_237' title='bbox 829 2060 1029 2101; x_wconf 85' lang='lat' dir='ltr'><strong>consulto&#39;</strong></span> <span class='ocrx_word' id='word_1_238' title='bbox 1034 2092 1042 2101; x_wconf 93' lang='lat'><strong>.</strong></span> <span class='ocrx_word' id='word_1_239' title='bbox 1074 2060 1247 2100; x_wconf 85' lang='lat' dir='ltr'><strong>Meinek.</strong></span> <span class='ocrx_word' id='word_1_240' title='bbox 1279 2060 1329 2100; x_wconf 84' lang='lat' dir='ltr'><em>cf.</em></span> <span class='ocrx_word' id='word_1_241' title='bbox 1361 2061 1574 2113; x_wconf 84' lang='lat' dir='ltr'><em>Bamberg.</em></span> <span class='ocrx_word' id='word_1_242' title='bbox 1605 2061 1665 2101; x_wconf 87' lang='lat' dir='ltr'><em>De</em></span> <span class='ocrx_word' id='word_1_243' title='bbox 1695 2061 1794 2102; x_wconf 79' lang='lat' dir='ltr'><strong>Rav.</strong></span> 
     </span>
     <span class='ocr_line' id='line_1_29' title="bbox 228 2116 1797 2160; baseline 0.003 -5"><span class='ocrx_word' id='word_1_244' title='bbox 228 2120 268 2156; x_wconf 90' lang='lat' dir='ltr'><em>et</em></span> <span class='ocrx_word' id='word_1_245' title='bbox 298 2117 399 2158; x_wconf 89' lang='lat' dir='ltr'><em>Ven.</em></span> <span class='ocrx_word' id='word_1_246' title='bbox 435 2119 500 2156; x_wconf 85' lang='lat'><em>19.</em></span> <span class='ocrx_word' id='word_1_247' title='bbox 534 2116 574 2155; x_wconf 92' lang='grc' dir='ltr'><em>τί</em></span> <span class='ocrx_word' id='word_1_248' title='bbox 600 2118 795 2157; x_wconf 90' lang='lat' dir='ltr'><strong>omittunt</strong></span> <span class='ocrx_word' id='word_1_249' title='bbox 822 2117 1031 2157; x_wconf 85' lang='lat' dir='ltr'><strong>Dobraeus</strong></span> <span class='ocrx_word' id='word_1_250' title='bbox 1067 2120 1108 2157; x_wconf 89' lang='lat' dir='ltr'><em>et</em></span> <span class='ocrx_word' id='word_1_251' title='bbox 1136 2117 1345 2158; x_wconf 83' lang='lat' dir='ltr'><strong>Hanovius</strong></span> <span class='ocrx_word' id='word_1_252' title='bbox 1376 2118 1550 2158; x_wconf 84' lang='lat' dir='ltr'><strong>Exercit.</strong></span> <span class='ocrx_word' id='word_1_253' title='bbox 1582 2118 1668 2157; x_wconf 83' lang='lat' dir='ltr'><strong>crit.</strong></span> <span class='ocrx_word' id='word_1_254' title='bbox 1703 2119 1797 2160; x_wconf 88' lang='lat'>160.</span> 
     </span>
     <span class='ocr_line' id='line_1_30' title="bbox 230 2174 1799 2228; baseline 0.001 -15"><span class='ocrx_word' id='word_1_255' title='bbox 230 2174 408 2213; x_wconf 80' lang='lat' dir='ltr'><strong>‘videtur</strong></span> <span class='ocrx_word' id='word_1_256' title='bbox 427 2174 543 2213; x_wconf 86' lang='lat' dir='ltr'><strong>Plato</strong></span> <span class='ocrx_word' id='word_1_257' title='bbox 574 2175 753 2225; x_wconf 87' lang='lat' dir='ltr'><strong>ligneum</strong></span> <span class='ocrx_word' id='word_1_258' title='bbox 784 2174 960 2224; x_wconf 84' lang='lat' dir='ltr'><strong>aliquem</strong></span> <span class='ocrx_word' id='word_1_259' title='bbox 981 2174 1159 2214; x_wconf 89' lang='lat' dir='ltr'><strong>Hermen</strong></span> <span class='ocrx_word' id='word_1_260' title='bbox 1179 2175 1394 2228; x_wconf 81' lang='lat' dir='ltr'><strong>induxisse,</strong></span> <span class='ocrx_word' id='word_1_261' title='bbox 1416 2176 1485 2226; x_wconf 89' lang='lat' dir='ltr'><em>qui</em></span> <span class='ocrx_word' id='word_1_262' title='bbox 1505 2176 1548 2215; x_wconf 93' lang='lat' dir='ltr'><em>in</em></span> <span class='ocrx_word' id='word_1_263' title='bbox 1568 2176 1799 2226; x_wconf 74' lang='lat' dir='ltr'><strong>quaestione</strong></span> 
     </span>
    </p>
   </div>
   <div class='ocr_carea' id='block_1_6' title="bbox 227 2230 1798 2339">
    <p class='ocr_par' dir='ltr' id='par_1_7' title="bbox 227 2230 1798 2339">
     <span class='ocr_line' id='line_1_31' title="bbox 227 2230 1798 2282; baseline 0.003 -13"><span class='ocrx_word' id='word_1_264' title='bbox 227 2231 276 2270; x_wconf 87' lang='lat' dir='ltr'><em>de</em></span> <span class='ocrx_word' id='word_1_265' title='bbox 306 2231 615 2281; x_wconf 82' lang='lat' dir='ltr'><strong>Hermocopidis</strong></span> <span class='ocrx_word' id='word_1_266' title='bbox 646 2232 733 2282; x_wconf 87' lang='lat' dir='ltr'><strong>ipse</strong></span> <span class='ocrx_word' id='word_1_267' title='bbox 763 2230 1039 2271; x_wconf 81' lang='lat' dir='ltr'><strong>testimonium</strong></span> <span class='ocrx_word' id='word_1_268' title='bbox 1070 2232 1249 2275; x_wconf 85' lang='lat' dir='ltr'><strong>diceret&#39;.</strong></span> <span class='ocrx_word' id='word_1_269' title='bbox 1282 2231 1423 2272; x_wconf 86' lang='lat' dir='ltr'><strong>Cobet.</strong></span> <span class='ocrx_word' id='word_1_270' title='bbox 1453 2231 1549 2272; x_wconf 82' lang='lat' dir='ltr'><strong>obs.</strong></span> <span class='ocrx_word' id='word_1_271' title='bbox 1581 2232 1671 2272; x_wconf 84' lang='lat' dir='ltr'><strong>crit.</strong></span> <span class='ocrx_word' id='word_1_272' title='bbox 1705 2233 1798 2274; x_wconf 89' lang='grc'>179.</span> 
     </span>
     <span class='ocr_line' id='line_1_32' title="bbox 228 2288 693 2339; baseline 0.002 -12"><span class='ocrx_word' id='word_1_273' title='bbox 228 2288 278 2327; x_wconf 87' lang='lat' dir='ltr'><em>cf.</em></span> <span class='ocrx_word' id='word_1_274' title='bbox 310 2288 528 2339; x_wconf 84' lang='lat' dir='ltr'><strong>Phrynich.</strong></span> <span class='ocrx_word' id='word_1_275' title='bbox 561 2289 629 2329; x_wconf 82' lang='lat'><em>58.</em></span> <span class='ocrx_word' id='word_1_276' title='bbox 689 2301 693 2305; x_wconf 77' lang='grc'><strong>’</strong></span> 
     </span>
    </p>
   </div>
   <div class='ocr_carea' id='block_1_7' title="bbox 978 2401 1059 2444">
    <p class='ocr_par' dir='ltr' id='par_1_8' title="bbox 978 2401 1059 2444">
     <span class='ocr_line' id='line_1_33' title="bbox 978 2401 1059 2444; baseline 0.012 -1"><span class='ocrx_word' id='word_1_277' title='bbox 978 2401 1059 2444; x_wconf 90' lang='grc'>189</span> 
     </span>
    </p>
   </div>
   <div class='ocr_carea' id='block_1_8' title="bbox 335 2477 1790 2821">
    <p class='ocr_par' dir='ltr' id='par_1_9' title="bbox 335 2477 1790 2821">
     <span class='ocr_line' id='line_1_34' title="bbox 431 2477 1470 2537; baseline 0.002 -15"><span class='ocrx_word' id='word_1_278' title='bbox 431 2480 574 2530; x_wconf 80' lang='grc' dir='ltr'><em>λύσας</em></span> <span class='ocrx_word' id='word_1_279' title='bbox 605 2478 654 2523; x_wconf 79' lang='grc' dir='ltr'><em>δὲ</em></span> <span class='ocrx_word' id='word_1_280' title='bbox 685 2477 831 2537; x_wconf 81' lang='grc' dir='ltr'><em>ἀργὴν</em></span> <span class='ocrx_word' id='word_1_281' title='bbox 862 2481 1065 2537; x_wconf 86' lang='grc' dir='ltr'><em>στάμνον</em></span> <span class='ocrx_word' id='word_1_282' title='bbox 1095 2478 1298 2532; x_wconf 69' lang='grc' dir='ltr'><em>εὐώδους</em></span> <span class='ocrx_word' id='word_1_283' title='bbox 1326 2482 1470 2524; x_wconf 85' lang='grc' dir='ltr'><em>ποτοῦ</em></span> 
     </span>
     <span class='ocr_line' id='line_1_35' title="bbox 427 2546 1401 2604; baseline 0.002 -14"><span class='ocrx_word' id='word_1_284' title='bbox 427 2548 552 2604; x_wconf 81' lang='grc' dir='ltr'><em>ἵησιν</em></span> <span class='ocrx_word' id='word_1_285' title='bbox 583 2546 724 2599; x_wconf 77' lang='grc' dir='ltr'><em>εὐθὺς</em></span> <span class='ocrx_word' id='word_1_286' title='bbox 754 2549 940 2600; x_wconf 86' lang='grc' dir='ltr'><em>κύλικος</em></span> <span class='ocrx_word' id='word_1_287' title='bbox 970 2550 1034 2600; x_wconf 82' lang='grc' dir='ltr'><em>εἰς</em></span> <span class='ocrx_word' id='word_1_288' title='bbox 1063 2553 1222 2593; x_wconf 81' lang='grc' dir='ltr'><em>κοῖλον</em></span> <span class='ocrx_word' id='word_1_289' title='bbox 1251 2547 1401 2604; x_wconf 82' lang='grc' dir='ltr'><em>κύτος,</em></span> 
     </span>
     <span class='ocr_line' id='line_1_36' title="bbox 429 2615 1347 2674; baseline 0.001 -15"><span class='ocrx_word' id='word_1_290' title='bbox 429 2615 567 2660; x_wconf 84' lang='grc' dir='ltr'><em>ἔπειτ’</em></span> <span class='ocrx_word' id='word_1_291' title='bbox 598 2618 800 2673; x_wconf 77' lang='grc' dir='ltr'><em>ἄκρατον</em></span> <span class='ocrx_word' id='word_1_292' title='bbox 831 2615 915 2661; x_wconf 82' lang='grc' dir='ltr'><em>κού</em></span> <span class='ocrx_word' id='word_1_293' title='bbox 945 2618 1347 2674; x_wconf 82' lang='grc' dir='ltr'><em>τεταργανωμένον</em></span> 
     </span>
     <span class='ocr_line' id='line_1_37' title="bbox 429 2685 930 2742; baseline 0.002 -14"><span class='ocrx_word' id='word_1_294' title='bbox 429 2687 556 2729; x_wconf 82' lang='grc' dir='ltr'><em>ἔπινε</em></span> <span class='ocrx_word' id='word_1_295' title='bbox 586 2685 930 2742; x_wconf 74' lang='grc' dir='ltr'><em>κάξημύστισεν.</em></span> 
     </span>
     <span class='ocr_line' id='line_1_38' title="bbox 335 2765 1790 2821; baseline 0 -14"><span class='ocrx_word' id='word_1_296' title='bbox 335 2769 565 2810; x_wconf 79' lang='lat' dir='ltr'><strong>Athenaeus</strong></span> <span class='ocrx_word' id='word_1_297' title='bbox 599 2772 662 2819; x_wconf 89' lang='lat'><em>11,</em></span> <span class='ocrx_word' id='word_1_298' title='bbox 697 2770 815 2810; x_wconf 82' lang='lat' dir='ltr'>783d</span> <span class='ocrx_word' id='word_1_299' title='bbox 844 2767 910 2808; x_wconf 81' lang='grc' dir='ltr'><em>καὶ</em></span> <span class='ocrx_word' id='word_1_300' title='bbox 940 2767 983 2808; x_wconf 86' lang='grc' dir='ltr'><em>τὸ</em></span> <span class='ocrx_word' id='word_1_301' title='bbox 1014 2768 1120 2821; x_wconf 81' lang='grc' dir='ltr'><em>ῥῆμα</em></span> <span class='ocrx_word' id='word_1_302' title='bbox 1150 2767 1194 2808; x_wconf 82' lang='grc' dir='ltr'><em>δὲ</em></span> <span class='ocrx_word' id='word_1_303' title='bbox 1225 2767 1468 2821; x_wconf 81' lang='grc' dir='ltr'><em>ἐξημύστισε,</em></span> <span class='ocrx_word' id='word_1_304' title='bbox 1499 2767 1614 2820; x_wconf 78' lang='grc' dir='ltr'><em>φασί,</em></span> <span class='ocrx_word' id='word_1_305' title='bbox 1645 2765 1691 2808; x_wconf 84' lang='grc' dir='ltr'><em>τὸ</em></span> <span class='ocrx_word' id='word_1_306' title='bbox 1720 2765 1790 2816; x_wconf 80' lang='grc' dir='ltr'><em>ἐφ’</em></span> 
     </span>
    </p>
   </div>
   <div class='ocr_carea' id='block_1_9' title="bbox 216 2823 1789 2936">
    <p class='ocr_par' dir='ltr' id='par_1_10' title="bbox 216 2823 1789 2936">
     <span class='ocr_line' id='line_1_39' title="bbox 216 2823 1787 2878; baseline 0.001 -15"><span class='ocrx_word' id='word_1_307' title='bbox 216 2823 265 2863; x_wconf 62' lang='grc' dir='ltr'><em>ἓν</em></span> <span class='ocrx_word' id='word_1_308' title='bbox 294 2830 453 2876; x_wconf 83' lang='grc' dir='ltr'><em>πνεῦμα</em></span> <span class='ocrx_word' id='word_1_309' title='bbox 478 2829 601 2866; x_wconf 85' lang='grc' dir='ltr'><em>πιεῖν.</em></span> <span class='ocrx_word' id='word_1_310' title='bbox 661 2823 716 2874; x_wconf 81' lang='grc' dir='ltr'><em>ὡς</em></span> <span class='ocrx_word' id='word_1_311' title='bbox 736 2823 757 2865; x_wconf 88' lang='grc' dir='ltr'>ὁ</span> <span class='ocrx_word' id='word_1_312' title='bbox 778 2824 950 2878; x_wconf 89' lang='grc' dir='ltr'><em>κωμικὸς</em></span> <span class='ocrx_word' id='word_1_313' title='bbox 984 2825 1156 2866; x_wconf 88' lang='grc' dir='ltr'><em>Πλάτων</em></span> <span class='ocrx_word' id='word_1_314' title='bbox 1184 2828 1265 2865; x_wconf 88' lang='grc' dir='ltr'><em>κτλ.</em></span> <span class='ocrx_word' id='word_1_315' title='bbox 1295 2827 1530 2866; x_wconf 81' lang='lat' dir='ltr'><strong>Eustathius</strong></span> <span class='ocrx_word' id='word_1_316' title='bbox 1564 2827 1685 2874; x_wconf 83' lang='lat'>1282,</span> <span class='ocrx_word' id='word_1_317' title='bbox 1718 2827 1787 2865; x_wconf 88' lang='lat'><em>31.</em></span> 
     </span>
     <span class='ocr_line' id='line_1_40' title="bbox 223 2878 1789 2936; baseline 0.002 -17"><span class='ocrx_word' id='word_1_318' title='bbox 223 2880 267 2920; x_wconf 85' lang='grc' dir='ltr'><em>δὲ</em></span> <span class='ocrx_word' id='word_1_319' title='bbox 296 2878 441 2936; x_wconf 71' lang='grc' dir='ltr'><em>ἀργὴν]</em></span> <span class='ocrx_word' id='word_1_320' title='bbox 476 2882 620 2935; x_wconf 82' lang='grc' dir='ltr'><em>διαρκῆ</em></span> <span class='ocrx_word' id='word_1_321' title='bbox 649 2884 802 2924; x_wconf 80' lang='lat' dir='ltr'><strong>Iacobs.</strong></span> <span class='ocrx_word' id='word_1_322' title='bbox 835 2884 974 2924; x_wconf 86' lang='lat' dir='ltr'><strong>Addit.</strong></span> <span class='ocrx_word' id='word_1_323' title='bbox 1007 2885 1102 2925; x_wconf 85' lang='lat'><strong>249.</strong></span> <span class='ocrx_word' id='word_1_324' title='bbox 1135 2884 1186 2923; x_wconf 84' lang='lat' dir='ltr'><em>cf.</em></span> <span class='ocrx_word' id='word_1_325' title='bbox 1218 2883 1374 2923; x_wconf 86' lang='lat' dir='ltr'><strong>Alexid.</strong></span> <span class='ocrx_word' id='word_1_326' title='bbox 1407 2884 1503 2936; x_wconf 87' lang='lat'><strong>162,</strong></span> <span class='ocrx_word' id='word_1_327' title='bbox 1536 2885 1576 2923; x_wconf 85' lang='lat'><em>2.</em></span> <span class='ocrx_word' id='word_1_328' title='bbox 1634 2881 1789 2922; x_wconf 85' lang='grc' dir='ltr'><em>λύσασα</em></span> 
     </span>
    </p>
   </div>
  </div>
 </body>
</html>
