1872 3224
175 179 260 220 410
779 175 1173 210 ΑΡΙΣΤΟΦΑΝΟΤΣ

179 281 381 335 ῥητορική.
418 280 619 334 ταράττων
647 279 715 319 καὶ
746 278 981 331 ἐμποδίζων.
1034 277 1142 318 ἐστιν
1172 293 1251 319 om.
1284 279 1331 321 V.
1381 280 1471 331 quis
1502 279 1753 332 significetur

176 354 339 392 prorsus
370 342 569 380 incertum
601 341 673 378 est.

942 450 998 493 70

291 548 522 586 Athenaeus
556 548 619 594 11,
651 545 771 585 494d
810 540 888 583 κάν
923 547 1005 591 τοῖς
1043 543 1318 595 Βαβυλωνίοις
1355 537 1432 583 οὖν
1470 547 1551 592 τοῖς
1579 540 1751 612 Ἀριστοὸ

179 603 336 654 φάνους
366 599 629 654 ἀκουσόμεθα
649 600 840 654 ποτήριον
870 595 912 640 τὸ
931 599 1163 653 ὀξύβαφον,
1197 599 1297 640 ὅταν
1326 597 1348 639 ὁ
1373 599 1624 649 Διόνυσος
1654 598 1722 654 λέγ
1697 616 1750 656 γῃ

174 659 264 713 περὶ
295 675 375 699 των
402 656 603 712 Ἀθήνησι
632 659 884 712 δημαγωγῶν
913 654 975 706 ὥς
1005 654 1162 698 αυτὸν
1193 656 1353 728 ᾔτουν
1383 656 1466 698 ἐπὶ
1496 674 1589 710 την
1608 657 1755 711 δίκην

174 715 459 757 (ἐπελθόντα
490 714 727 770 ὀξυβάφω
757 712 960 756 δύο.οὐ
990 731 1066 769 γαρ
1096 713 1192 755 ἄλλο
1231 730 1267 755 τι
1295 712 1465 769 ἡγητέον
1501 710 1664 756 elaeae*
1634 731 1660 768 η
1693 712 1754 756 ὅτι

175 773 388 825 ἐκπώματα
418 773 557 829 ᾔτουν.
607 777 745 826 itaque
783 775 960 814 Bacchus
999 788 1021 813 a
1053 774 1199 814 Cleone
1231 774 1292 814 vel
1331 774 1409 814 alio
1446 774 1628 825 principe
1659 774 1755 815 civi-

174 834 267 872 tatis
299 834 350 871 ob
380 833 513 872 nescio
544 847 663 883 quam
694 845 854 872 causam
893 832 1051 871 videtur
1080 832 1122 870 111
1161 832 1222 871 ius
1255 834 1417 871 vocatus
1448 844 1547 873 esse.
1597 831 1754 871 Aristo·

174 890 344 940 phanem
391 890 597 941 scripsisse
643 890 818 929 arbitror
861 886 1020 943 ᾔτουν
1063 884 1104 927 δ’
1154 885 1236 940 ἐμὲ
1275 889 1281 939 Ι
1331 885 1409 927 ἐπὶ
1464 885 1556 940 τὴν
1605 886 1755 940 δίκην

172 945 384 999 ἄγοντες
415 943 653 999 ὀξυβάφω
684 945 784 989 δυό.

943 1048 995 1090 71

853 1143 907 1182 A.
940 1139 1014 1181 δεῖ
1039 1139 1287 1181 διακοσίων
1317 1139 1544 1194 δραχμῶν.

224 1211 271 1252 Β.
304 1208 452 1251 πόθεν
484 1202 571 1252 οὖν
601 1206 796 1264 γένοιντ’
829 1205 910 1256 ἅν;
973 1211 1028 1250 Α.
1062 1207 1145 1250 τὸν
1174 1206 1372 1250 κότυλον
1401 1208 1567 1250 τοῦτον
1598 1206 1722 1263 φέρε.

288 1304 431 1343 Pollux
467 1306 536 1352 10,
570 1304 624 1343 85
667 1303 708 1342 οἵ
739 1301 898 1342 κότυλοι
936 1299 995 1343 ὅτι
1033 1301 1114 1341 καὶ
1152 1298 1365 1355 ἀργυροῖ
1399 1299 1576 1355 ἐγίνοντο
1613 1299 1752 1350 ἱκανὸς

172 1365 352 1411 μηνῦσαι
385 1355 676 1412 Ἀριστοφάνης
716 1358 760 1400 ἐν
796 1359 1077 1413 Βαβυλωνίοις
1116 1357 1241 1399 εἰπών
1280 1361 1362 1399 κτλ.
1419 1360 1652 1401 Athenaeus
1686 1362 1750 1408 11,

172 1419 290 1458 4780
321 1416 388 1457 καὶ
419 1416 592 1458 Πλάτων
623 1416 667 1457 ε’ν
700 1416 767 1457 Διὶ
796 1415 1030 1471 κακουμένῳ
1062 1415 1156 1456 τὸν
1191 1415 1360 1456 κότυλον
1390 1414 1523 1469 φέρει’
1556 1414 1656 1469 φησὶ
1685 1414 1753 1456 καὶ

169 1471 460 1545 Ἀριστοφάνης
499 1473 543 1514 ἐν
582 1475 856 1544 Βαβυλωνίοις
897 1505 905 1513 .
950 1508 958 1515 .
1001 1506 1008 1514 .
1047 1472 1262 1526 Πάμφιλος
1307 1472 1351 1513 δὲ
1396 1473 1589 1527 ποτηρίου
1627 1472 1754 1525 φησιν

173 1526 277 1571 εἶναι
306 1530 440 1584 γένος,
473 1531 581 1572 ἴδιον
610 1529 650 1571 δ’
683 1526 786 1572 εἶναι
819 1535 909 1571 Διο
927 1548 982 1572 νυ
995 1542 1092 1571 σου
1132 1533 1270 1583 itaque
1299 1532 1396 1572 haec
1425 1545 1583 1583 quoque
1613 1532 1752 1572 viden·

175 1594 242 1629 tm
273 1591 322 1629 ad
362 1591 506 1630 Bacchi
544 1603 704 1630 causam
733 1592 949 1642 pertinere.
988 1587 1128 1642 φέρε,
1167 1591 1192 1632 1.
1223 1604 1256 1629 e
1296 1591 1522 1641 oppiynera.
1575 1590 1652 1630 Av.
1685 1590 1751 1629 78.

175 1647 335 1687 Thesm.
369 1649 450 1687 262
482 1648 654 1687 contulit,
682 1648 940 1688 Fritzschius.

889 1794 956 1837 72.
990 1795 1044 1837 73

377 1887 552 1937 πόσους
583 1887 672 1942 ἔχει
703 1888 966 1942 στρωτῆρας
996 1883 1182 1941 ἀνδρῶν
1212 1884 1374 1929 οὑτοσί
1381 1904 1391 1937 ;

446 1972 470 1998 *
743 1972 766 1997 *
1041 1972 1065 1998 *
1338 1972 1362 1998 *

381 2040 441 2074 ως
473 2039 525 2067 ευ
558 2025 883 2079 καλυμματίοις
912 2021 993 2066 τὸν
1023 2018 1153 2066 οἶκον
1181 2021 1370 2079 ἤρεφεν.

290 2118 430 2158 Pollux
467 2119 532 2166 10,
570 2120 648 2158 173
679 2111 776 2156 ἄλλα
805 2110 886 2168 μὴν
916 2123 968 2172 τῷ
1000 2123 1234 2171 στεγαστῆρι
1265 2114 1402 2172 ὀρόφῳ
1426 2116 1668 2170 προσήκοιεν
1697 2114 1751 2157 ἂν

176 2172 243 2213 καὶ
286 2175 328 2213 οἰ
361 2179 581 2226 στρωτῆρες
626 2173 692 2214 καὶ
722 2173 768 2214 τὰ
806 2174 1090 2243 καλυμμάτια,
1112 2174 1236 2227 α’μφω
1275 2172 1320 2214 δὲ
1358 2173 1403 2214 ἕν
1437 2171 1749 2227 Ἀριστοφάνους

175 2231 467 2284 Βαβυλωνίοις·
499 2230 651 2280 πόσους
674 2255 726 2260 -
750 2229 894 2271 οὑτοσί.
939 2231 1006 2271 καὶ
1035 2226 1090 2272 αὖ
1120 2231 1260 2272 πάλιν
1293 2229 1348 2280 ὡς
1369 2235 1451 2276 κτλ
1482 2233 1750 2285 Harpocratio

175 2287 391 2341 στρωτὴρ.
471 2320 478 2327 .
511 2304 557 2327 τα
590 2286 725 2329 ε’πάνω
756 2293 835 2328 τῶν
857 2283 1112 2341 δουροδόκων
1142 2286 1332 2341 τιθέμενα
1352 2295 1578 2342 στρωτῆρας
1599 2287 1748 2342 ἔλεγον,

175 2344 230 2393 ω’ς
261 2356 361 2397 φησι
396 2344 585 2397 Δίδυμος.
632 2344 712 2385 ἔστι
742 2344 914 2396 τοῦνομα
946 2344 1012 2385 καὶ
1046 2345 1090 2385 ἐν
1121 2346 1392 2398 Βαβυλωνίοις
1420 2343 1748 2400 Ἀριστοφάνους.

174 2404 343 2444 Photius
381 2401 616 2454 καλύμματα
658 2404 921 2452 (Fritzschius
958 2400 1231 2473 καλυμμάτια)
1266 2402 1294 2442 δι’
1332 2418 1436 2451 τινες
1481 2401 1746 2455 φατνώματα’

174 2458 299 2506 οὕτως
325 2457 627 2512 Ἀριστοφάνης.
658 2461 826 2501 Photius
857 2459 1051 2512 στρωτήρ·
1082 2458 1193 2500 αλλοι
1222 2457 1266 2499 δὲ
1296 2459 1447 2513 πλέγμα
1486 2459 1650 2513 λέγουσι
1678 2458 1749 2501 τὸν

175 2522 377 2570 στρωτῆρα
405 2514 486 2556 άπὸ
507 2516 684 2570 ῥάβδων
724 2518 779 2566 εἰς
817 2513 1022 2570 ὀρόφωσιν
1059 2515 1338 2569 πεποιημένον.
1388 2518 1559 2557 Bekker.
1591 2519 1746 2559 Aneod.

176 2577 271 2623 302,
304 2577 328 2613 5
360 2574 579 2625 στρωτῆρές
611 2575 687 2614 εἰσι
715 2573 762 2614 τὰ
793 2589 915 2644 μικρα
945 2574 1102 2614 δοκίδια
1133 2574 1188 2622 εἰς
1219 2570 1369 2626 ὀροφὰς
1399 2572 1672 2626 πεποιημένα·
1710 2575 1753 2615 οἱ

175 2629 219 2669 δέ
250 2642 349 2681 φασι
381 2628 581 2683 πλέγματά
613 2646 700 2672 τινα
731 2629 811 2672 άπὸ
841 2631 1007 2685 ράβδων
1037 2632 1092 2679 εἰς
1123 2628 1325 2683 ὀρόφωσιν
1354 2630 1614 2698 πεποιημένα,
1645 2632 1687 2671 οἶ
1702 2630 1747 2672 δὲ

175 2688 344 2735 σανίδας
375 2687 497 2726 πάλιι
527 2689 581 2736 εἰς
613 2683 766 2741 ὀροφὴν
796 2687 1055 2740 ἐπιτηδείους.
1089 2683 1196 2736 οἶκος
1218 2689 1281 2728 hic
1301 2690 1479 2730 conclave
1499 2693 1572 2739 est,
1604 2691 1647 2729 in
1666 2703 1746 2740 quo

175 2746 382 2785 conabant.
434 2744 592 2786 laudat
630 2748 777 2798 aliquis
816 2747 1059 2814 elegantiam
1095 2747 1308 2786 lacunaris.
1357 2746 1744 2797 cf.Vesp.1215.’
1812 2795 1818 2801 .

174 2803 320 2854 Bergk.
412 2803 450 2840 2.
480 2796 526 2841 εὖ
557 2801 775 2856 Bergkius]
809 2797 869 2843 οὖ.
919 2806 1055 2854 potest
1085 2806 1221 2843 tamen
1249 2805 1369 2854 poeta
1397 2803 1518 2843 etiam
1541 2804 1745 2854 scripsisse

175 2864 260 2907 πως
292 2855 339 2899 οὐ
362 2881 411 2888 ——
439 2857 603 2917 ἤρεφεν;
635 2863 703 2910 qui
731 2862 880 2909 faotwm
910 2864 965 2901 est
992 2864 1036 2901 ut
1066 2863 1141 2900 oet.
1438 2879 1441 2882 ·
