1872 3224
2 1418 5 1428 ⁷
0 1174 27 1270 &fs-⁴11„

638 237 850 273 ΑΔΗΛΩΝ
888 238 1159 273 ΔΡΑΜΑΤῼΝ
1616 239 1692 282 197

866 341 945 383 168

342 417 487 474 μηδὲν
518 420 786 473 κοτυλίζειν,
819 417 935 462 ἄλλα
967 420 1270 465 καταπάττειν
1302 420 1459 478 χύδην.

223 502 368 542 Pollux
384 504 430 553 7,
457 503 536 572 195
568 500 611 541 τὸ
641 501 890 550 κοτυλίζειν.
915 535 925 545 .
950 533 959 542 .
983 502 1090 543 ι’διον
1120 502 1159 543 δ’
1193 501 1247 544 ἂν
1277 504 1340 556 εἴη
1372 510 1453 544 τῶν
1483 502 1553 545 τὸν
1583 500 1696 545 οἶνον

42 566 45 572 “
107 557 431 628 πιπρασκόντων.
463 557 532 599 καὶ
561 558 813 612 Φερεκρατης
845 558 919 611 μὲν
949 560 1105 613 εἴρηκε·
1137 560 1263 614 μηδὲν
1293 565 1374 603 κτλ.
1406 561 1673 603 καταπάττειν

23 627 34 636 ’·
105 613 455 668 καταπιπράσκειν
485 618 536 657 A.
570 617 930 658 Bekker.Anecd.
961 619 1106 668 46,14
1138 619 1355 668 κοτυλίζειν
1378 620 1570 686 σημαίνει
1599 635 1674 660 κατ

106 672 219 730 ὀλίγα
246 670 493 728 πιπράσκειν
523 673 590 714 καὶ
620 673 757 728 μικρά.
798 677 932 726 itaque
963 676 1127 716 iubetur
1156 678 1289 718 nescio
1320 679 1409 728 quis
1439 692 1520 718 non
1552 679 1696 730 exigua

35 746 40 780 J
73 734 75 739 ⁴
106 734 297 784 frustula,
330 733 401 774 sed
432 735 562 773 totam
592 746 714 784 quam
743 733 893 773 habeat
921 735 1079 784 nopiam
1109 735 1221 774 humi
1253 736 1434 775 fundere.

867 868 948 911 169

379 949 507 992 τουτὶ
537 950 583 992 τι
613 949 760 1005 ἐστιν;
793 964 854 1000 ως
884 946 1050 1000 ανεκὰς
1079 947 1130 992 τό
1162 950 1394 1005 κρίβανον.

221 1044 355 1085 Schol.
387 1044 596 1095 Aristoph.
627 1043 801 1084 Acharn.
836 1045 889 1085 86
921 1041 1137 1114 οὐδετέρως
1170 1042 1210 1083 τὸ
1250 1043 1465 1097 κρίβανον,
1503 1040 1558 1092 ὥς
1595 1059 1690 1097 μαρ-

106 1105 223 1173 τυρεῖ
235 1100 510 1171 Φερεκράτης·
543 1099 652 1141 τουτὶ
672 1100 713 1140 τί
729 1099 839 1141 ἐστιν
858 1104 941 1142 κτλ.
975 1097 1122 1150 ἀνεκὰς
1144 1100 1187 1141 τὸ
1207 1103 1400 1142 Valcken.
1434 1103 1561 1142 Diatr.
1586 1101 1688 1154 285]

103 1156 158 1200 ὁῖν
188 1157 342 1199 ἑκάστω
381 1157 438 1200 τὸ.
491 1160 539 1199 de
579 1161 746 1199 accentu
786 1160 834 1199 cf.
877 1160 1027 1200 O1Qatet
1063 1163 1129 1201 10.
1182 1160 1372 1200 formula
1410 1162 1471 1199 est
1508 1161 1692 1199 mirantis

104 1215 214 1258 τουτὶ
243 1216 284 1256 τί
308 1199 381 1271 ἦν,
421 1219 610 1268 frequens
649 1218 691 1256 in
729 1218 957 1257 comoedia'
963 1247 973 1258 .
1015 1218 1209 1259 Valcken.
1249 1219 1299 1258 cf.
1342 1218 1549 1268 Aristoph.
1591 1217 1690 1256 Ran.

105 1277 202 1316 438.
236 1276 333 1317 658.
365 1276 465 1316 Aah.
500 1277 595 1315 733.
628 1275 827 1315 sententia
857 1276 1040 1317 obseura.

859 1410 941 1452 170
999 1419 1001 1421 ’

366 1488 542 1534 Ἀδώνι’
575 1487 746 1545 ἄγομεν
777 1488 851 1532 καὶ
882 1488 964 1532 τὸν
985 1488 1183 1533 ’Ἄδωνιν
1215 1488 1427 1545 κλάομεν.

221 1587 366 1627 Suidas
397 1587 438 1626 et
466 1586 597 1628 Draco
629 1586 806 1625 Straton.
832 1586 883 1624 11
903 1580 1075 1624 Ἀδώνια
1096 1581 1423 1636 συνεσταλμένως
1444 1580 1489 1638 (i.
1513 1599 1546 1624 e.
1566 1580 1689 1623 Ἀδώ-

106 1658 187 1695 νια,
217 1657 298 1685 non
319 1640 550 1696 Ἀδώνεια)’
578 1639 744 1682 'Adam'
767 1640 919 1695 ἄγομεν
938 1665 993 1672 —-
1013 1641 1198 1694 κλάομεν.
1230 1639 1495 1694 Φερεκράτης.
1515 1642 1686 1683 Bekker.

105 1702 257 1744 Anecd.
278 1703 373 1750 345,
399 1703 451 1740 29
471 1697 667 1740 Ἀδώνια
689 1698 924 1754 βραχεῖαν’
909 1699 986 1752 ε’χει
1007 1698 1081 1752 τὴν
1100 1699 1441 1769 παραλήγουσαν,
1443 1696 1499 1746 ὡς
1515 1694 1688 1751 Ἀριστο-

106 1757 241 1811 φάνης
270 1757 339 1798 καὶ
367 1756 622 1811 Φερεκράτης
653 1756 720 1797 διὰ
751 1773 834 1798 των
862 1755 1017 1811 μέτρων
1046 1761 1249 1811 μαρτυρεῖ.
1278 1753 1441 1796 Ἀδώνι’
1475 1754 1687 1809 Kusterus]

104 1812 317 1856 Ἀδωνίαν.

860 1928 935 1969 171

379 2004 580 2050 ὑπέλυσε
612 2003 842 2077 δήμαρχός
872 2022 938 2056 τις
970 2004 1123 2049 ε’λθων
1155 2006 1218 2056 εἰς
1247 2001 1400 2061 χορόν.

221 2102 366 2143 Suidas
394 2100 618 2154 δήμαρχος·
650 2099 923 2154 Φερεκράτης·
954 2096 1129 2140 ὑπέλυσε
1159 2102 1241 2140 κτλ.
1272 2099 1314 2139 οἰ
1338 2097 1438 2138 κατὰ
1461 2099 1590 2151 δῆμον
1618 2097 1688 2152 ἅρ-

106 2169 260 2212 χοντες·
291 2153 405 2199 ουτοι
434 2157 479 2198 δὲ
509 2157 750 2210 διεκόσμουν
780 2157 854 2211 τὴν
884 2156 1025 2210 ἑορτὴν
1054 2163 1136 2197 τῶν
1166 2157 1491 2208 Παναθηναίων.
1542 2158 1590 2196 de
1622 2159 1686 2197 de-

105 2218 277 2257 marchis
316 2218 367 2257 cf.
399 2217 570 2257 Boeekh.
610 2216 702 2257 Oec
735 2217 824 2256 ΑΗ,
836 2215 852 2239 ²
882 2217 902 2255 I
925 2217 1019 2256 664.
1060 2216 1260 2255 sententia
1298 2228 1463 2266 plorsus
1504 2215 1686 2254 obscura.

106 2289 200 2315 nam
231 2276 280 2315 de
311 2275 453 2315 calceis
484 2274 674 2314 exuendis
705 2274 875 2326 eogitari
905 2287 987 2314 non
1017 2275 1165 2324 potest.

863 2408 944 2451 172

405 2489 596 2532 δεῖπνον
627 2487 956 2544 παρασκεύαζε,
988 2486 1047 2531 σύ
1077 2487 1128 2530 δὲ
1161 2488 1389 2539 καθίζανε.

223 2575 397 2613 Zonaras
417 2575 524 2613 1169
537 2569 706 2625 ,λέγουσι
726 2569 770 2611 δὲ
791 2570 859 2611 καὶ
878 2570 1086 2621 καθίζανε.
1117 2564 1369 2622 Φερεκράτης
1382 2579 1390 2588 ·
1414 2568 1580 2607 δεῖπνον
1603 2571 1683 2609 κτλ.

863 2706 945 2749 173

454 2785 750 2843 ἀνεμολύνθη
780 2784 864 2843 τὴν
893 2783 1078 2841 ὑπήνην
1107 2785 1169 2839 τῷ
1199 2783 1338 2839 γάρῳ.

222 2871 453 2911 Athenaeus
486 2873 523 2920 2,
557 2872 608 2910 67
619 2883 639 2910 e
667 2864 931 2921 Φερεκράτης.
969 2864 1056 2907 ἀλλ’
1089 2867 1205 2906 initio
1243 2866 1406 2916 supplet
1443 2866 1680 2905 Meinekius.

108 2928 249 2979 quidni
280 2923 302 2967 ὁ
334 2924 375 2967 δ’
407 2929 472 2969 vel
502 2928 660 2979 quidvis
693 2927 832 2966 aliud?
