1872 3224
182 193 236 235 66
826 181 1077 218 ΚΡΑΤΙΝΟΤ

181 294 317 348 μέχρι
345 292 431 345 μὲν
459 290 575 343 ’ἥβης
597 287 616 328 ὁ
639 290 784 341 δῆμος
814 285 984 339 ἔτρεφε
1013 282 1181 338 (ἔθρεψε
1203 281 1333 332 Cob.),
1356 279 1450 348 νυνὶ
1470 279 1515 319 δὲ
1536 278 1737 320 καθοπλί-

184 363 254 399 σας
284 351 375 405 τῇδε
406 354 454 403 τῇ
480 346 677 400 πανοπλίᾳ
707 342 874 395 ἀφίησιν
900 339 1038 395 ἀγαθῇ
1059 339 1156 395 τύχῃ
1178 336 1394 389 τρέπεσθαι
1414 335 1480 377 επὶ
1499 335 1546 376 τὰ
1579 334 1738 376 ἑαυτῶν

182 407 248 447 καὶ
276 409 414 446 καλεῖ
440 405 507 451 εἰς
538 401 821 455 προεδρίαν..
846 401 989 439 addere
1009 401 1166 449 poterat
1186 397 1308 436 Thuo.
1334 397 1372 444 2,
1393 396 1447 434 46
1480 391 1595 442 τοὺς
1625 408 1689 433 πα
1703 395 1740 434 ῖ-

183 466 264 511 δας
298 465 361 514 (ab
381 463 556 501 hostibus
578 455 797 512 caesorum)
819 455 860 496 τὸ
880 450 958 495 οἷπὸ
979 455 1095 494 τοῦδε
1125 453 1342 507 δημοσία
1372 449 1398 503 ἡ
1429 449 1570 500 πόλις
1600 448 1742 504 μέχρι

181 520 300 573 ἥβης
330 516 519 571 θρέψει.
551 518 618 557 sed
640 516 745 567 quod
773 516 844 554 hos
874 515 981 564 ipsos
1011 514 1053 552 in
1083 514 1168 552 loco
1189 511 1336 551 theatri
1368 509 1582 560 conspicuo
1603 509 1742 549 seden-

182 582 240 617 tes
270 578 458 626 novisque
488 575 606 614 armis
644 574 843 624 fulgentes
875 585 898 610 a
926 573 1044 621 poeta
1080 570 1284 608 admoneri
1323 568 1544 607 arbitratur
1579 568 1628 606 ut
1663 578 1738 617 pro

183 636 301 673 tantis
331 631 528 672 beneficiis
566 632 708 670 fortem
737 643 780 669 ac
818 631 1020 668 strenuam
1060 626 1298 676 reipublicae
1339 637 1502 675 operam
1531 625 1740 675 praestent

183 689 338 742 (scribit
368 690 469 728 enim

992 759 1026 817 [ὅ
1061 760 1215 815 Δῆμος]

381 822 498 872 αὐτὸς
530 820 763 863 ἐπαίδευσεν
792 818 832 860 σ’
864 817 1069 873 ἆνέθρεψὲ
1099 834 1139 859 τε
1169 817 1390 870 δημοσίοισι

381 881 571 934 χρήμασιν
600 880 653 927 εἰς
682 877 801 932 ἥβην,
832 877 900 918 ἵνα
931 872 972 916 οἷ
996 890 1089 917 ποτε
1120 874 1259 930 λοιγὸν
1288 871 1481 927 ἀμύναις)

183 976 222 1014 id
252 987 497 1025 nequaquam
527 972 729 1023 probabile
760 972 836 1011 est:
868 983 959 1009 nam
990 970 1168 1020 singulos
1199 982 1245 1008 ex
1277 967 1570 1019 spectatoribus
1600 966 1743 1008 comici

182 1045 262 1071 non
300 1033 378 1070 fere
414 1031 680 1080 adloquuntur
713 1029 789 1067 nisi
834 1027 937 1067 risus
976 1027 1161 1066 movendi
1200 1039 1330 1066 causa.
1389 1025 1646 1066 scribendum
1683 1024 1742 1065 vi·

184 1090 296 1128 detur
326 1085 556 1126 ε’παίδευσέν
575 1082 610 1124 τ’
634 1082 782 1136 ἔθρεψέ
811 1098 850 1123 τε
873 1106 924 1113 -—
946 1081 1078 1136 λοιγὸν
1107 1079 1258 1135 ἀμῦναι
1284 1083 1289 1134 l
1316 1079 1576 1136 το[λμήσωσι]
1589 1110 1614 1140 ,ι
1633 1082 1741 1123 unde

184 1146 300 1184 simul
339 1144 482 1183 codicis
535 1144 572 1182 A
618 1143 736 1182 lectio
786 1142 1214 1193 grammaticorumque
1260 1142 1577 1182 commentorum
1627 1139 1741 1191 origo

189 1203 413 1251 explicatur.
1686 1198 1691 1202 “

916 1286 995 1329 172

295 1367 462 1423 ἄνδρας
492 1367 661 1423 σοφοὺς
691 1366 773 1423 χρὴ
805 1367 855 1409 τὸ
885 1365 1035 1421 παρὸν
1055 1368 1239 1423 πρᾶγμα
1270 1368 1420 1417 καλῶς
1450 1366 1515 1416 εἰς
1544 1365 1744 1423 δύναμιν

867 1434 875 1440 ’
1057 1436 1284 1478 τίθεσθαι.

295 1519 455 1558 Photius
485 1521 524 1558 et
554 1519 692 1558 Suidas
723 1516 765 1557 τὸ
793 1515 921 1570 παρὸν
950 1511 997 1557 εὖ
1027 1522 1175 1558 ποιεῖν·
1215 1517 1406 1571 παροιμία
1435 1548 1443 1557 .
1468 1549 1478 1559 .
1503 1549 1511 1558 .
1546 1519 1742 1571 Κρατῖνος

187 1574 357 1628 Πυλαία.
389 1576 491 1625 apud
530 1576 714 1614 Photium
753 1577 895 1615 desunt
931 1576 1051 1615 verba
1089 1575 1272 1630 Πυλαία·
1313 1574 1478 1628 ἄνδρας.
1537 1575 1587 1615 cf.
1619 1575 1744 1626 Soph.

187 1633 235 1673 fr.
268 1633 346 1671 862
384 1632 533 1689 Nauclz.
576 1630 748 1684 στέργειν
785 1630 828 1671 δὲ
865 1628 1110 1672 τᾶκπεσόντα
1149 1631 1216 1671 καὶ
1257 1631 1384 1686 (recte
1425 1633 1554 1673 Cobet
1591 1633 1742 1673 Mnem.

186 1689 303 1727 VIIII
336 1690 412 1726 144
443 1689 530 1740 κε’ὐ)
563 1687 714 1728 θέσθαι
733 1687 870 1740 πρέπει
896 1690 902 1743 Ι
927 1687 1054 1740 σοφὸν
1083 1687 1296 1743 κυβευτήν.
1328 1704 1410 1731 non
1438 1693 1545 1731 recte
1566 1688 1743 1730 Cobetus

185 1742 311 1796 ἄνδρα
349 1743 493 1795 σοφόνε
530 1760 619 1785 nam
650 1748 876 1797 saepissime
914 1748 1152 1788 choriambis
1190 1748 1360 1788 dimeter
1396 1748 1591 1788 iambicus
1631 1759 1743 1800 prae.-

187 1803 370 1844 mittitur.
403 1803 451 1841 cs.
482 1803 606 1842 Arist.
636 1804 730 1854 Lys.
763 1805 855 1844 329.
893 1806 989 1844 342.

919 1916 999 1960 173

300 1995 427 2035 Schol.
457 1996 577 2036 Arist.
598 1996 686 2036 Pac.
718 1999 797 2037 733
830 2000 1021 2051 Κρατῖνος
1053 1997 1097 2038 δὲ
1128 1997 1172 2039 ἐν
1201 2005 1249 2055 τῇ
1282 1998 1441 2054 Πυλαία
1472 1998 1593 2051 δηλοῖ
1615 1994 1674 2038 ὅτι
1701 1995 1743 2048 ἕξ

190 2047 267 2088 ἐστι
297 2048 390 2103 ζυγὰ
429 2057 496 2091 τοῦ
531 2058 660 2105 χοροῦ.
699 2055 859 2094 chorum
901 2057 998 2096 dicit
1035 2058 1240 2097 comicum.
1281 2058 1453 2098 conferri
1490 2057 1604 2097 iubet
1641 2057 1739 2096 Mei-

193 2108 329 2148 nekius
359 2109 458 2147 Poll.
489 2111 525 2157 4,
559 2112 650 2150 109.

921 2214 1000 2257 174

303 2301 427 2343 Schol.
456 2302 577 2344 Arist.
599 2305 672 2344 Av.
696 2307 775 2346 766
806 2304 866 2345 ὅτι
895 2306 938 2346 δὲ
969 2313 1048 2348 τῶν
1076 2308 1166 2348 λίαν
1194 2313 1384 2362 πονηρῶν
1412 2306 1521 2348 ἐστιν
1551 2305 1590 2360 (ὁ
1621 2309 1743 2348 Πει-

192 2355 459 2454 (ἐὶἶῖἒοὲηέοἶ
484 2361 672 2412 Κρατῖνος
703 2360 747 2401 ἐν
777 2363 960 2418 Χείρωσι,
994 2365 1170 2421 Πυλαία,
1187 2365 1350 2420 ’“Ὠραις.
1382 2367 1432 2407 cf.
1454 2367 1504 2408 fr.
1527 2367 1624 2407 233.
1647 2367 1743 2409 261.

920 2512 1001 2554 175

654 2589 863 2641 γλῶσσαν
895 2589 1064 2646 εὐέρων
1094 2594 1258 2648 βοτῶν.

275 2730 284 2742 Ι
307 2675 584 2745 Scllol;'Arist.
615 2681 689 2720 Av.
731 2684 805 2722 121
847 2686 887 2723 et
925 2684 1034 2724 Suid.
1073 2683 1230 2738 εὔερον·
1269 2681 1356 2726 οἷον
1389 2685 1575 2739 μαλακὴν
1610 2683 1744 2740 ὥσπερ

196 2740 362 2782 σισυραν
391 2746 551 2784 ευεριον.
611 2738 801 2789 Κρατῖνος
833 2740 1007 2795 Πυλαία.
1067 2740 1167 2794 λέγει
1203 2740 1247 2782 δὲ
1282 2742 1372 2795 περὶ
1401 2749 1483 2784 τῶν
1518 2742 1744 2798 προβάτων.

197 2787 380 2850 Πυὶλαιαν
420 2787 510 2844 (sic)
553 2794 635 2833 cod.
665 2796 700 2834 A
743 2796 852 2836 Suid.
898 2798 1311 2851 πυλαιαρχωγλώσσαν
1341 2802 1378 2840 V
1408 2802 1535 2842 Arist.
1565 2797 1744 2854 κατάρξω

195 2846 374 2894 γλωσσαν
402 2846 640 2901 Bernhardy.
679 2853 783 2901 quod
821 2855 888 2892 vix
925 2868 1109 2905 graecum
1149 2860 1222 2897 est.
1260 2855 1402 2912 εὐέραν
1438 2858 1594 2912 βροτῶν
1631 2856 1744 2899 Suid.

1862 627 1872 635 v
1855 514 1872 618 ‘iest'ffhi
