1872 3224
194 158 277 200 366
814 149 1125 188 ἘΤΠοΛῐΔοΣ

942 255 1028 297 435

399 314 652 368 neuayoc'nv

310 399 439 438 Schol.
461 398 580 438 Hom.
602 396 718 435 Iliad.
742 396 806 444 14,
831 396 909 434 241
934 408 981 434 ex
1002 395 1232 434 Alexandro
1255 394 1478 434 Cotiaensi:
1511 398 1567 449 τῷ
1587 391 1634 433 δὲ
1647 391 1770 447 χαρα-

194 462 307 507 κτῆρι
336 453 553 507 γενόμενον
581 450 718 504 όμοιον
748 457 801 507 τῷ
831 451 937 503 ἰοίην
965 450 1034 491 καὶ
1063 448 1259 504 ἅγαγοίην
1289 449 1395 503 παρὰ
1425 453 1600 502 Σαπφοῖ
1621 449 1690 491 καὶ
1718 455 1781 506 τῷ,

193 512 415 564 πεπαγοίην
451 507 548 563 παρ’
589 493 808 560 Εὐπόλιδι,
849 507 1015 556 εἰκότως
1054 504 1340 561 ἐβαρυτονηθη
1371 506 1414 547 τὸ
1448 507 1674 560 ἐπισχοίης,
1705 522 1772 562 γε-

183 567 364 621 νόμενον
395 566 587 619 ἐπισχοῖες
619 564 674 615 ὡς
706 564 911 606 Αἰολικόν.
953 568 1002 606 cf.
1037 567 1253 607 Herodian.
1276 567 1296 605 I
1317 567 1415 616 469,
1441 568 1495 606 10
1511 567 1602 607 adn.
1633 566 1773 606 Lontz.

193 641 238 666 ex
279 627 494 666 Helotibus
540 628 770 675 excerptum
815 638 901 664 esse
946 627 1063 675 putat
1106 625 1264 664 Abrens
1307 624 1412 663 Dial.
1445 624 1530 664 dor.
1563 623 1649 664 330
1679 623 1771 676 (pro

193 683 447 736 πεπηγοίην).

1864 521 1872 596 ἔ.

1864 612 1872 649 ἶ

944 748 1028 791 436

400 806 707 862 περιαμφίὸας

310 888 381 937 τὰς
428 893 498 928 τοῦ
538 888 725 936 δοίδυκος
763 886 807 927 ἐν
852 893 900 943 τῇ
937 888 1042 942 θυΐᾳ
1080 885 1330 941 περιαγωγὰς
1373 884 1644 941 περιαμφίδας
1687 883 1776 926 Eff-

195 949 308 995 πολις
339 944 517 997 κέκληκε.
578 947 721 986 Pollux
753 947 793 998 6,
827 947 893 986 90.

943 1058 1027 1101 437

400 1118 601 1166 πιθῶνες

310 1196 365 1246 ὡς
396 1196 576 1245 Εὔπολις
607 1195 797 1249 ὠνόμαζε.
857 1199 1002 1239 Pollux
1034 1200 1071 1246 9,
1103 1200 1169 1239 49.
1207 1198 1314 1238 idem
1347 1200 1384 1250 6,
1417 1198 1468 1238 15
1499 1195 1570 1245 τὰς
1599 1193 1644 1236 δὲ
1673 1191 1774 1236 dm-

195 1255 330 1308 θήκας
361 1256 431 1295 τοῦ
461 1255 577 1295 οἴνου
609 1255 807 1306 Ξενοφῶν
836 1252 910 1307 μὲν
940 1255 1110 1303 οἰνῶνας
1142 1254 1315 1306 εἴρηκεν,
1348 1253 1530 1302 Εὔπολις
1570 1251 1615 1294 δὲ
1645 1255 1776 1294 πιθοῦ-

197 1329 283 1361 νας.
315 1327 416 1364 quae
447 1326 529 1353 non
561 1314 750 1353 videntur
778 1314 982 1364 pertinere
1012 1313 1062 1352 ad
1092 1314 1142 1352 fr.
1179 1315 1274 1352 111.

944 1425 1030 1468 438

402 1484 451 1524 Π
451 1480 685 1538 ράστιλλος

313 1565 451 1616 Steph.
483 1565 577 1616 Byz.
611 1565 829 1605 Herodian.
863 1566 882 1604 I
918 1567 1015 1614 159,
1059 1567 1095 1604 1.
1137 1565 1177 1604 II
1208 1566 1304 1614 488,
1338 1566 1389 1605 27
1430 1562 1671 1617 Γράστιλλος
1707 1558 1774 1617 ἆρ-

198 1627 388 1673 σενικῶς,
425 1620 540 1669 πόλις
574 1621 858 1670 Μακεδονίας,
901 1620 924 1660 ὃ
959 1620 1029 1661 καὶ
1066 1619 1132 1660 διὰ
1170 1627 1240 1661 τοῦ
1277 1635 1307 1660 π
1335 1619 1531 1674 γράφεται
1569 1619 1674 1660 κατὰ
1702 1617 1777 1672 τὴν

197 1678 360 1731 πρώτην
398 1677 604 1732 συλλαβὴν
643 1675 911 1731 Πραστιλλος,
951 1676 1006 1727 ὥς
1046 1676 1239 1727 Εὔπολις.
1293 1678 1774 1745 Ηο3γο11.Πράστιλλος·

197 1734 310 1783 πόλις
345 1736 535 1791 Θρακίας.
568 1738 745 1787 proclive
787 1740 849 1777 est
880 1738 1059 1776 conicere
1089 1737 1265 1788 Eupolin
1302 1737 1378 1776 ioci
1410 1749 1530 1776 causa
1559 1749 1704 1776 nomen
1733 1736 1776 1776 in

200 1790 451 1846 Πρᾶστιλλον
480 1795 719 1843 mutavisse,
751 1798 954 1844 tamquam
987 1794 1250 1835 derivandum
1282 1796 1388 1833 esset
1418 1807 1440 1832 a
1471 1794 1594 1834 verbo
1625 1790 1774 1847 πιπρά-

198 1862 324 1891 σκειν.
357 1852 405 1893 cf
437 1851 643 1902 Aristoph.
676 1852 752 1901 Eq.
786 1853 852 1891 78.
887 1854 924 1891 9.

947 1963 1034 2006 439

404 2019 569 2070 σακτός

314 2103 459 2141 Pollux
491 2105 535 2151 6,
570 2103 621 2141 18
659 2101 826 2150 σακκίας
857 2096 1002 2156 (οἶνος)
1040 2098 1061 2142 ὅ
1091 2099 1362 2154 διυλισμένος,
1401 2101 1468 2142 καὶ
1499 2099 1644 2151 σακτὸς
1672 2097 1773 2153 παρ’

202 2154 413 2201 Εὐπόλιδι

947 2215 1033 2257 440

406 2272 596 2313 σαννίον

315 2346 357 2391 τὸ
386 2352 555 2402 αἰδοῖον,
585 2349 676 2392 αντὶ
706 2359 776 2393 τοῦ
798 2344 998 2417 κέρκιον.
1037 2353 1144 2424 παρὰ
1185 2352 1228 2395 τὸ
1267 2359 1315 2409 τῇ
1345 2352 1471 2409 κέρκω
1501 2353 1670 2394 σαίνειν.
1731 2350 1776 2392 τὸ

201 2407 275 2462 γὰρ
306 2409 462 2449 αἰδοῖον
491 2406 582 2449 ἔσθ
616 2408 680 2450 ὅτε
711 2403 836 2464 οὐρὰν
865 2409 1020 2464 ἔλεγον,
1061 2407 1115 2459 ὡς
1146 2410 1338 2459 Εὔπολις.
1382 2412 1622 2464 Hesychius.
1652 2411 1776 2451 verba

201 2465 307 2517 παρὰ
338 2465 380 2505 τὸ
412 2473 460 2521 τῇ
489 2465 614 2522 κέρκῳ
636 2467 791 2507 σαίνειν
811 2470 1034 2508 Meinekius
1056 2469 1276 2509 arbitratur
1297 2469 1347 2508 ad
1367 2470 1546 2521 glossam
1566 2466 1776 2520 σαίνουροι

201 2525 414 2573 pertinere.
475 2525 641 2565 Photius
672 2524 887 2565 σαννίονον
925 2523 1020 2580 (sic)
1058 2521 1101 2566 τὸ
1140 2525 1307 2568 αἰδοῖον.
1369 2527 1473 2566 conl.
1505 2525 1658 2565 eratin.
1690 2525 1774 2564 443

204 2593 294 2619 cum
324 2582 377 2622 M.
411 2581 634 2622 Schmidtio
665 2583 961 2623 emendandum
991 2596 1132 2623 censeo
1163 2582 1386 2623 σαυνίον.

944 2695 1024 2736 441

410 2750 545 2800 σοι’ξας

316 2826 405 2870 ἀντὶ
435 2836 510 2870 τοῦ
535 2829 711 2883 ἁμοῖξας·
742 2830 869 2881 οὕτως
900 2831 1100 2881 Εὔπολις.
1132 2834 1315 2875 Photius.
1345 2847 1420 2885 pro
1444 2830 1575 2892 νσοὶζ-,ας
1597 2831 1772 2872 Meinek.
