1872 3224
557 202 908 240 ΑΣΤΡΑΤΕΤΤΟΙ
943 207 1256 245 ΑΤΤΟΛΤΚΟΣ
1615 215 1697 258 267

2 334 4 345 .
64 324 80 354 3
112 304 346 376 npocfcxste
366 305 608 361 Hermann]
639 309 858 362 προΐσχετε.
929 314 968 353 3.
992 313 1284 368 ξυνεγιγνόμην
1305 317 1577 373 Hermannus]
1602 322 1693 370 ξυν-

6 374 10 378 ’
113 377 321 419 εγινομκην,
372 378 536 406 versum
575 369 598 406 3
637 368 811 419 inperite
850 370 900 410 ab
939 371 1237 423 Hephaestione
1277 388 1367 415 cum
1406 377 1569 428 reliquis
1608 393 1697 420 con-

114 422 228 474 iungi
265 422 534 473 Hermannus,
576 425 677 465 duos
724 427 879 476 priores
909 430 1116 470 exordium
1147 435 1492 484 esse—parabasis‚
1532 437 1694 478 tertium

3 487 38 536 ‘J
113 485 165 521 ex
197 480 470 531 epirrhemate
507 483 644 533 potius
675 497 795 534 quam
834 499 881 525 ex
920 500 968 526 ea
1005 501 1106 538 quae
1146 491 1307 540 proprie
1338 491 1485 532 dicitur
1512 495 1696 544 parabasi

50 583 55 591 2
113 539 346 590 excerptum
377 552 463 580 esse
493 540 693 591 Bergkius
723 542 876 583 iudicat
906 545 953 584 R.
985 558 1016 585 c.
1048 546 1136 585 Att.
1168 548 1261 588 339.
1302 549 1351 589 cf.
1383 550 1434 589 fr.
1470 551 1561 590 159.
1654 555 1690 596 2,

52 640 55 642 ,
110 591 421 650 πράττουσα,
451 593 476 649 ἡ
507 596 648 650 γνώμη
678 598 874 649 δηλονότι.
972 603 1008 644 3.
1039 603 1410 656 ξυγγίγνεσθαι
1441 620 1693 661 cognoscere,

42 696 43 699 ,
93 654 140 706 >i.
169 667 204 694 e.
235 656 440 695 comedere.
481 656 531 695 cf.
562 657 613 696 fr.
647 658 742 697 108.
784 658 990 710 Aristoph.
1020 661 1093 712 Eq.
1126 663 1222 702 806.
1273 663 1459 704 Teleclid.
1491 666 1558 704 38.
1599 667 1695 717 φά-

112 713 494 811 ygvpolt5ffilpiscibus
525 714 836 756 delicatissimis.
875 716 1023 758 Athen.
1057 720 1100 768 7,
1135 720 1326 760 327cde.
1374 722 1544 763 Aristot.
1576 724 1628 764 H.
1661 740 1696 766 a.

144 800 154 820 ,
245 801 255 821 ,
318 801 328 811 .

891 864 948 906 39

230 943 365 985 801101.
397 945 564 985 Lucian.
596 946 712 986 Alex,
743 948 770 986 4
801 944 990 996 ὡσαύτως
1022 946 1087 1001 (ut
1116 949 1363 1001 Eurybatus)
1404 949 1470 990 καὶ
1501 948 1522 991 ὁ
1556 954 1692 1006 Φρυ-

9 1018 39 1055 ⁷¹.
114 999 315 1050 νῶνδας
352 999 415 1041 ἐπὶ
452 1002 627 1058 πονηρίᾳ
659 1002 908 1057 (δια)βοᾶται
964 1002 1164 1046 Εὐπόλιδι
1205 1005 1249 1046 ἐν
1284 1004 1590 1060 Ἀστρατεύτοις.
1643 1013 1692 1052 cf.

112 1060 162 1100 fn
196 1061 291 1102 127.
342 1060 555 1112 Aristoph.
595 1062 644 1102 fr.
680 1063 746 1102 26.
779 1064 876 1103 468.
914 1076 1001 1103 cum
1045 1065 1253 1116 Eurybato
1284 1067 1543 1118 coniungitur
1572 1069 1694 1108 etiam

113 1116 216 1158 Plat.
249 1117 415 1170 Protag.
449 1120 532 1159 327
544 1120 582 1158 d.
617 1120 668 1160 cf.
700 1120 876 1162 Lobeck.
907 1121 1107 1174 Aglaoph.
1143 1124 1265 1162 1306.

887 1244 946 1288 40

228 1325 359 1369 Schol.
389 1326 602 1378 Aristoph.
633 1328 725 1370 Pac.
760 1329 841 1368 347
872 1326 1067 1380 μέμνηται
1100 1326 1430 1382 (Φορμίωνος)
1465 1327 1485 1370 ὅ
1517 1329 1691 1383 κωμικὸς

113 1380 158 1423 ἐν
182 1379 369 1424 Ἱππεῦσι
398 1382 467 1424 καὶ
496 1382 702 1434 Νεφέλαις
745 1384 813 1425 καὶ
844 1386 1141 1438 Βαβυλωνίοις,
1173 1385 1353 1435 Εὔπολις
1383 1384 1692 1440 Ἀστρατεύτοις.

114 1441 166 1481 cf.
203 1442 411 1494 Aristoph.
443 1443 520 1494 Eq.
552 1444 634 1483 562
667 1457 759 1483 cum
789 1445 959 1495 interpr.

886 1555 939 1598 41

228 1638 359 1678 Schol.
390 1638 601 1689 Aristoph.
633 1639 727 1679 Pac.
760 1640 843 1680 808
889 1637 949 1678 ’ὅτι
987 1637 1062 1692 γὰρ
1093 1636 1114 1678 ὁ
1146 1639 1444 1688 Μελάνθιος
1483 1638 1693 1694 ὀψοφάγος

113 1694 357 1748 προείρηται.
396 1694 464 1735 καὶ
493 1693 589 1748 παρ’
624 1692 824 1736 Εὐπόλιδι
855 1695 898 1736 ἐν
931 1693 1238 1748 Ἀστρατεύτοις.
1289 1699 1314 1737 i.
1347 1713 1380 1738 e.
1421 1699 1557 1738 ‘etiam
1589 1700 1692 1750 apud

111 1753 292 1804 Eupolin
322 1756 659 1794 commemoratur
688 1756 730 1794 in
758 1750 907 1806 Ἀστρ.’
940 1755 1198 1794 incidendum
1227 1769 1314 1795 esse
1344 1758 1438 1806 post
1466 1755 1694 1807 προείρηται

111 1811 339 1851 Meinekius
371 1812 672 1852 animadvertit.
720 1812 770 1851 cf.
803 1813 986 1852 Pherecr.
1023 1814 1116 1852 139.

227 1869 441 1908 Praeterea
476 1869 748 1919 fragmentum
788 1870 1008 1920 adespoton
1038 1870 1143 1920 apud
1186 1870 1317 1909 Schol.
1350 1869 1451 1909 Ven.
1492 1870 1612 1909 Hom.
1643 1871 1691 1910 Il.

112 1927 179 1978 13,
212 1927 292 1966 291
327 1926 412 1966 sine
442 1926 586 1965 idonea
616 1939 734 1966 causa
764 1927 814 1966 ad
841 1922 1149 1976 Ἀστρατεύτους
1179 1927 1377 1966 referebat
1407 1927 1641 1967 Runkelius.

641 2073 953 2108 ΑΤΤΟΛΤΚΟΣ
978 2074 1010 2106 A
1035 2072 1121 2107 ΚΑΙ
1145 2075 1173 2107 Β

225 2155 383 2196 Nomen
412 2156 572 2195 fabulae
602 2155 714 2194 dedit
734 2155 908 2206 Lyconis
929 2157 971 2195 et
990 2155 1170 2196 Rhodiae
1200 2155 1306 2195 filius
1336 2156 1573 2207 Autolycus,
1607 2169 1690 2196 cor-

109 2214 220 2264 poris
259 2214 472 2253 venustate
510 2212 695 2264 insignis.
742 2212 874 2253 Schol.
910 2213 1115 2263 Aristoph.
1156 2214 1254 2265 Lys.
1288 2213 1371 2252 270
1403 2209 1563 2252 Ῥοδίαν
1594 2246 1602 2254 .
1638 2244 1646 2252 .
1681 2243 1690 2251 .

110 2265 352 2310 Αὐτολύκου
389 2266 465 2321 μὲν
500 2267 669 2322 μητέρα,
708 2273 883 2323 γυναῖκα
922 2266 966 2309 δὲ
1002 2268 1215 2318 Λύκωνος.
1268 2270 1402 2310 801101.
1434 2270 1535 2310 Plat.
1568 2271 1689 2321 Apol.

111 2330 196 2369 23e
227 2323 383 2367 Λύκων
411 2325 546 2379 μέντοι
574 2325 706 2379 πατὴρ
734 2321 789 2379 ἦν
819 2323 1076 2377 Αὐτολύκου,
1098 2325 1198 2367 Ἴων
1227 2324 1362 2380 γένος,
1400 2321 1539 2378 δήμων
1571 2326 1690 2376 Θορί-

108 2399 208 2433 κιος.
241 2386 340 2425 Xen.
374 2385 513 2437 Symp.
548 2387 584 2434 1,
619 2386 643 2425 9
675 2382 809 2437 ὥσπερ
839 2382 939 2424 ὅταν
977 2382 1123 2438 φέγγος
1166 2399 1201 2423 τι
1233 2382 1276 2424 ἐν
1305 2382 1420 2423 νυκτὶ
1450 2389 1562 2439 φανῇ
1592 2379 1690 2423 πάν-

73 2480 75 2482 ,
110 2457 190 2483 των
227 2442 468 2496 προσάγεται
503 2440 550 2482 τὰ
588 2440 770 2494 ὄμματα,
815 2440 922 2481 οὕτω
961 2440 1028 2481 καὶ
1067 2440 1152 2481 τότε
1189 2439 1231 2480 τὸ
1271 2437 1510 2480 Αὐτολύκου
1548 2439 1690 2488 κάλλος

108 2498 275 2540 πάντων
306 2494 410 2540 εἷλκε
441 2498 510 2546 τὰς
540 2498 659 2548 ὄψεις
689 2498 788 2552 πρὸς
818 2497 956 2540 αὐτόν.
987 2501 1021 2540 is
1044 2513 1134 2539 cum
1156 2499 1218 2539 Ol.
1242 2500 1308 2546 89,
1333 2501 1356 2537 3
1378 2499 1538 2550 magnis
1560 2499 1689 2538 Pana-

108 2559 290 2599 thenaeis
320 2559 526 2609 pancratio
558 2558 721 2598 vicisset
751 2558 876 2609 (Plin.
909 2557 960 2598 N.
993 2558 1031 2596 h.
1065 2558 1132 2606 34,
1166 2553 1261 2609 79),
1294 2554 1440 2595 Callias
1472 2555 1688 2606 Hipponici

108 2617 151 2663 f.,
181 2617 251 2667 qui
281 2629 450 2667 puerum
481 2616 651 2663 amabat,
682 2616 725 2655 in
755 2616 946 2655 honorem
974 2615 1059 2654 eius
1080 2614 1309 2654 convivium
1329 2612 1551 2663 adparavit,
1583 2613 1689 2663 quod

107 2673 331 2724 Xenophon
361 2673 583 2724 descripsit.
634 2673 761 2723 captis
792 2686 815 2711 a
845 2671 1053 2723 Lysandro
1090 2670 1260 2710 Athenis
1291 2670 1461 2721 triginta
1491 2672 1683 2721 tyranno-

107 2743 199 2769 rum
227 2731 341 2770 iussu
370 2731 523 2771 occisus
554 2732 626 2770 est.
671 2730 779 2771 Plut.
811 2729 908 2780 Lys.
942 2729 995 2768 15
1033 2731 1134 2767 extr.
1166 2727 1329 2767 Diodor.
1365 2727 1429 2774 14,
1463 2727 1502 2766 5.
1553 2727 1688 2777 Eupo·

105 2787 199 2827 lidis
228 2787 367 2827 fabula
397 2790 488 2828 acta
517 2790 579 2828 est
617 2787 681 2827 01.
713 2789 781 2835 89,
812 2788 852 2826 4.
898 2786 1044 2826 Athen.
1079 2786 1115 2832 5,
1149 2784 1266 2824 216d
1300 2779 1383 2834 (ἐπ’
1411 2780 1686 2835 Ἀριστίωνος)

107 2841 289 2892 Εὔπολις
310 2842 380 2883 τὸν
400 2840 645 2884 Αὐτόλυκον
664 2842 829 2892 διδάξας
851 2840 932 2883 διὰ
956 2837 1326 2893 Δημοστράτου,
1347 2841 1374 2880 i.
1387 2854 1420 2880 e.
1435 2841 1687 2880 Demostrati
1742 2883 1744 2885 r

107 2914 240 2953 opera,
271 2905 318 2941 ut
347 2902 635 2954 Aristophanes
666 2902 772 2941 haud
803 2901 926 2941 semel
962 2899 1186 2939 Philonidis
1225 2900 1267 2939 et
1305 2897 1526 2939 Callistrati
1556 2910 1677 2948 opera
