1872 3224
196 161 284 203 432
799 157 1184 190 ΑΡΙΣΤΟΦΛΝΟΤΣ

197 268 265 306 sed
304 267 465 306 videtur
502 265 676 304 narratio
715 263 856 303 similis
897 275 982 301 esse
1020 262 1104 300 eius
1143 275 1244 312 quae
1274 263 1317 301 in
1349 262 1530 302 Platonis
1563 262 1777 315 Symposio
1844 316 1846 318 v

197 324 459 374 Aristophani
491 323 696 363 tribuitur.

948 408 1030 451 165

309 495 540 533 Athenaeus
565 495 630 542 11,
652 494 768 532 485a
798 489 994 542 λεπαστη·
1030 521 1039 531 .
1076 524 1083 531 .
1117 521 1128 532 .
1161 496 1277 530 τοῦτο
1307 488 1351 530 δὲ
1381 489 1423 530 τὸ
1456 487 1651 543 ποτήριον
1678 488 1777 532 ὠνο-
1847 514 1853 518 >

194 548 330 603 μάσθη
360 547 440 589 άπὸ
472 556 552 589 τῶν
582 550 636 597 εἰς
668 548 738 597 τὰς
768 547 899 601 μέθας
929 547 996 588 καὶ
1027 546 1095 595 τὰς
1114 544 1288 596 ἀσωτίας
1309 547 1433 588 πολλοὶ
1455 545 1774 602 ἀναλισκόντων,

195 606 265 655 οὓς
295 605 501 679 λαφύῗκτας
532 611 746 659 καλοῦμεν.
777 604 935 654 κύλικες
967 603 1006 644 δ’
1030 607 1135 658 ἡσαν
1155 606 1340 659 μεγάλαι·
1371 604 1663 676 Ἀριστοφάνης
1697 637 1707 648 .
1731 637 1741 648 .
1765 638 1775 648 .

197 664 429 720 Γηρυτάδῃ·
461 667 521 717 ἠν
551 662 603 704 δὲ
634 663 684 703 τὸ
717 660 901 717 πρᾶγμ’
942 662 1108 717 ἑορτή
1148 661 1418 716 περιέφερε
1455 660 1494 702 δ’
1529 662 1581 703 έν
1609 661 1776 720 κύκλῳ

194 722 449 775 λεπαστὴν
478 720 597 774 ’ἱμῐν
627 720 750 774 ταχὺ
788 719 1089 774 προσφέρων
1127 724 1246 769 παῖς
1287 718 1452 773 ἐνέχει
1489 735 1538 761 τε
1577 704 1777 775 σφόδρα

195 781 538 833 κυανοβενθῆ.
579 778 622 819 τὸ
642 779 775 832 βάθος
797 775 1076 831 παρίστησιν*
1057 793 1077 817 ο
1100 773 1276 829 κωμικὸς
1297 784 1368 819 τοῦ
1389 777 1599 850 ποτηρίου.
1630 779 1777 821 Pollux

200 840 263 888 10,
285 841 339 908 75
372 835 433 878 ὅτι
464 835 508 877 δὲ
529 834 554 888 ἡ
585 835 757 888 λεπαστὴ
789 833 862 876 οὐκ
894 835 1058 888 ἔκπωμα
1078 834 1207 888 μόνον
1228 834 1357 888 ἐστίν,
1388 833 1486 876 ἄλλα
1507 834 1576 876 καὶ
1601 834 1776 890 οἰνοχόη,

195 892 320 946 σαφὲς
347 892 636 965 Ἀριστοφάνης
668 893 712 934 ἐν
743 899 795 949 τῷ
828 893 1043 964 Γηρυτάδῃ
1072 897 1194 933 ποιεῖ·
1231 891 1499 947 περιέφερε
1530 890 1583 933 δὲ
1613 892 1778 950 κύκλῳ

194 951 448 1004 λεπαστὴν
468 950 593 1004 ἡμῖν
614 949 730 1003 ταχὺ
755 935 1058 1003 προσφέρων
1077 954 1218 1002 παῖς,
1243 949 1400 1003 ἐνέχει
1423 966 1481 994 τε.
1513 951 1778 1004 κυανοβενθῆ

195 1012 313 1051 etiam
347 1011 532 1050 Eustath.
566 1012 691 1060 1246,
723 1011 788 1051 34.
830 1010 923 1049 hinc
961 1009 1216 1049 Hermannus
1255 1010 1404 1049 Annal.
1443 1010 1505 1049 lit.
1543 1009 1628 1049 Ion.
1663 1010 1772 1050 1842

195 1083 235 1119 p.
269 1071 352 1109 509
389 1083 446 1131 ην
475 1065 519 1106 δὲ
547 1067 552 1119 Ι
579 1064 621 1106 τὸ
662 1062 811 1119 πρᾶγμ’
853 1064 988 1120 ἑορτή·
1029 1064 1237 1136 περιέφερε
1278 1063 1313 1105 δ’
1355 1063 1454 1118 ἡμῖν
1492 1061 1625 1121 κύκλῳ
1654 1068 1776 1106 λεπα-

196 1118 294 1177 στὴν
319 1125 325 1176 l
351 1119 449 1177 ταχὺ
480 1122 722 1176 προσφέρων
750 1126 846 1171 παῖς
878 1121 1031 1175 ἐνέχεεν
1062 1120 1098 1162 τ’
1133 1122 1276 1174 ἐφόδια
1315 1124 1582 1176 κυανοβενθῆ
1599 1106 1778 1176 (ἐφόδια

197 1184 295 1232 ‘auf
316 1185 378 1223 die
406 1183 567 1234 Reise’.)
601 1182 896 1222 Herwerdenus
926 1194 1027 1233 quos
1059 1179 1176 1236 (obs.
1199 1182 1285 1222 crit
1310 1179 1384 1235 39)
1415 1181 1572 1221 effinxit
1602 1181 1776 1222 dochmii

194 1241 266 1281 tali
295 1240 521 1280 narrationi
550 1240 716 1280 minime
747 1240 1003 1279 conveniunt.
1034 1240 1241 1279 adsentior
1270 1239 1523 1288 Hermanno,
1562 1239 1640 1279 nisi
1669 1239 1778 1290 quod

166 1332 169 1336 .
197 1296 340 1348 ἐφόδια
371 1298 635 1350 κυανοβενθῆ
666 1298 745 1337 dici
774 1310 856 1336 non
876 1298 1056 1347 potuisse
1086 1299 1128 1336 et
1155 1293 1280 1348 ἐνέχει
1309 1300 1474 1348 propter
1493 1298 1624 1336 cetera
1643 1296 1777 1348 inper-

195 1356 301 1395 fecta
329 1356 585 1395 retinendum
617 1355 804 1394 arbitror.
826 1355 997 1394 fortasse
1028 1350 1235 1405 κᾶνέχει
1264 1353 1467 1406 μάρωνα
1496 1353 1772 1406 κυανοβενθῆ.

950 1466 1030 1509 166

338 1549 600 1604 χαριεντίζει
632 1547 707 1590 καὶ
739 1549 1022 1600 καταπαίζεις
1051 1544 1183 1603 ἡμῶν
1214 1544 1289 1589 καὶ
1319 1544 1640 1603 βωμολοχεύει.

311 1631 574 1683 Harpocratio
602 1626 894 1683 Ἀριστοφάνης
917 1627 1147 1684 Γηρυτάδῃ.
1179 1630 1330 1682 eadem,
1351 1630 1420 1670 sed
1443 1630 1590 1670 omisso
1611 1630 1776 1670 nomino

197 1688 356 1728 fabulae
388 1688 477 1741 (aut
506 1688 664 1740 poetae)
696 1689 833 1740 Etym.
863 1703 915 1728 m.
945 1689 1042 1736 807,
1077 1691 1139 1728 16.
1174 1688 1304 1728 Schol.
1347 1688 1528 1727 Platonis
1557 1688 1655 1728 403.
1687 1687 1776 1727 Sui-

198 1747 280 1796 das,
313 1747 487 1786 Zonaras
520 1744 864 1798 χαριεντιζόμενοι,
895 1748 936 1786 et
957 1745 1174 1785 Grammat.
1197 1745 1405 1784 Nanianus
1426 1746 1523 1784 497.
1554 1742 1776 1799 χαριεντίζῃ

196 1801 416 1856 Harpocr]
449 1803 715 1856 χαριεντίζεις.

950 1893 1028 1936 167

404 1971 603 2029 ψίθυρός
632 1988 680 2016 τε
711 1975 857 2016 καλοῦ
886 1972 962 2016 καὶ
993 1970 1275 2030 ψωμοκόλαξ.

137 2088 139 2091 .
311 2058 543 2097 Athenaeus
575 2059 613 2107 6,
647 2058 759 2096 261f
788 2052 1076 2107 ψωμοκόλακος
1117 2053 1162 2096 δὲ
1200 2054 1444 2109 μνημονεύει
1478 2051 1772 2122 Ἀριστοφάνης

198 2111 243 2154 ἐν
264 2112 479 2168 Γηρυτάδῃ
500 2111 628 2160 οὕτως
649 2116 730 2152 κτλ.
770 2113 1010 2166 ψωμοκόλαξ
1031 2113 1082 2167 C]
1105 2110 1236 2163 κόλαξ.
1275 2108 1565 2166 Ἀριστοφάνης
1586 2113 1755 2154 casaub.
1757 2110 1771 2166 ]

195 2169 451 2222 Ἀντιφάνης.
497 2174 622 2210 καλοῦ
652 2172 678 2210 i.
709 2186 743 2211 e.
774 2173 859 2212 sine
889 2176 924 2212 te
951 2174 1096 2219 vocari,
1133 2174 1179 2212 in
1207 2175 1411 2212 aeternum
1449 2183 1593 2212 nomen
1623 2171 1772 2211 habeto.

199 2230 346 2269 imitati
377 2230 472 2268 sunt
503 2229 814 2279 Aristophanem
854 2229 1054 2280 Sannyrio
1090 2231 1154 2270 10.
1198 2229 1420 2269 Philemon.
1455 2229 1494 2268 8.
1535 2228 1686 2280 Diphil.
1718 2227 1772 2267 49

199 2282 512 2338 ψωμοκόλαφον,
543 2286 762 2337 Philippid.
797 2287 823 2325 8
853 2284 1224 2337 ψωμοκολακεύων.

952 2398 1033 2441 168

1860 827 1872 850 «η
1860 793 1872 811 Α.
1851 653 1872 784 Μυῧὶιὶαι

315 2483 446 2523 Schol.
468 2482 654 2534 Sophocl.
675 2483 825 2522 Electr.
848 2483 930 2522 289
962 2474 995 2521 ὦ
1025 2476 1202 2521 δύσθεον
1230 2480 1382 2533 μίσημα
1413 2478 1475 2520 σοὶ
1503 2477 1610 2535 μόνῃ
1639 2476 1775 2534 πατὴρ
1855 2469 1858 2470 ⁷

199 2536 412 2591 τέθνηκεν;
443 2539 511 2579 καὶ
541 2545 666 2579 ταῦτα
692 2534 982 2591 Ἀριστοφάνης
1011 2535 1252 2594 παρῴδηκεν
1282 2536 1326 2578 ἐν
1357 2535 1586 2592 Γηρυτάδη.

951 2650 1032 2693 169

315 2735 446 2774 Schol.
479 2736 644 2775 Lucian.
679 2737 759 2774 222
791 2735 922 2775 Iacob.
959 2730 1003 2771 Ἀ
1011 2748 1079 2799 γα
1059 2729 1109 2771 ’θ
1119 2748 1149 2772 ω
1160 2748 1205 2782 ν,
1246 2731 1465 2803 τραγῳδίας
1496 2727 1663 2784 ποιητὴς
1694 2731 1739 2772 εἰ
1752 2747 1773 2781 ς

200 2807 227 2843 μ
237 2793 289 2830 αλ
299 2807 323 2830 α
333 2807 356 2830 κ
367 2791 414 2830 ία
427 2807 448 2830 ν
479 2802 502 2842 σ
514 2806 535 2830 κ
545 2807 576 2830 ω
588 2791 677 2831 πτό
686 2809 713 2844 μ
724 2807 740 2831 ε
752 2806 806 2831 νο
818 2807 836 2840 ς
865 2786 1142 2843 Ἀριστοφάνει
1172 2786 1406 2844 Γηρυτάδῃ·
1438 2784 1493 2841 ἦν
1522 2787 1567 2829 δὲ
1601 2791 1771 2841 Τισαμε·

202 2854 276 2889 νοῦ
307 2847 392 2897 υἱὸς
419 2846 643 2900 Ἀθηναίου
673 2845 841 2888 παιδικα
870 2845 1042 2902 γεγονὼς
1074 2846 1315 2887 Παυσανίου
1336 2847 1405 2886 τοῦ
1425 2852 1617 2901 τραγικοῦ
1627 2875 1640 2898 ,
1670 2842 1767 2900 μεθ’
