1872 3224
619 208 832 242 ΑΔΗΛΩΝ
870 207 1142 242 ΔΡΑΜΑΤῼΝ
1589 208 1671 250 109

195 314 452 366 Phrynichus
482 314 677 354 1901110
706 309 961 382 ἀσπάραγος·
994 310 1062 352 καὶ
1093 313 1209 352 τοῦτο
1240 311 1358 352 δυοῖν
1387 309 1672 383 ἁμαρτήμασιν

70 369 277 427 ’ἔχεται,”
253 385 316 412 οτι
345 386 386 412 τε
417 369 462 411 ἐν
492 371 545 426 τῷ
574 384 605 409 π
636 369 704 410 καὶ
734 367 810 410 οὐκ
848 369 893 410 ἐν
930 376 985 426 τῷ
1015 386 1046 422 φ
1077 368 1258 440 λέγεται,
1291 369 1359 410 καὶ
1397 368 1458 410 ὅτι
1495 369 1606 410 ἴδιόν
1636 384 1672 410 τι

59 426 213 484 ,φυτόν
242 427 352 470 ἔστιν
380 427 524 482 ἄγριον
554 425 575 468 ὅ
606 424 866 482 ἀσφαραγος,
907 427 975 468 καὶ
1011 424 1087 468 οὐκ
1118 427 1163 468 ἑν
1194 431 1274 476 τοῖς
1305 425 1466 481 ἡμέροις
1505 431 1670 468 καταλε-

77 487 266 560 γόμενον.
298 484 320 527 ὁ
349 489 451 541 γοῦν
479 488 681 555 Κρατῖνος
714 484 758 525 ἐν
787 484 922 534 ἄλλοις
951 483 1105 539 ἀγρίοις
1136 482 1236 525 αὐτὸ
1274 484 1503 540 καταλέγων
1544 486 1673 538 φησίν

78 543 283 599 αὐτομάτη
315 568 367 574 -
400 547 482 592 τοῖς
512 541 708 598 ἀγροῖσιν.
739 541 902 583 α’παντα
932 542 1008 597 γὰρ
1040 542 1087 583 τὰ
1118 542 1432 597 καταλελεγμένοι
1462 543 1596 598 ἄγρια.
1636 544 1678 584 οἵ

79 601 126 644 δὲ
163 609 242 644 νῦν
284 601 471 643 τιθέασιν
511 601 576 642 ἐπὶ
611 600 763 650 παντὸς
803 599 1019 655 (λαχάνου)
1066 598 1255 654 ἀμαθῶς.
1315 603 1462 642 Athen.
1501 605 1547 655 2,
1581 604 1673 642 62e

80 660 286 717 (Eustath.
328 658 539 714 899,18)
577 662 777 718 Κρατῖνος
816 657 861 699 δὲ
900 658 967 698 διὰ
1014 665 1087 699 του
1128 675 1160 710 φ
1197 656 1440 727 ἀσφάραγον
1475 633 1671 711 ὀνομαζει.

84 723 122 761 1.
161 718 230 759 καὶ
276 720 433 759 addidit
471 711 844 772 Pauwius.a131:55
883 713 1157 773 Hermannus]
1203 713 1316 757 αὐτό.
1406 720 1442 759 2.
1479 714 1673 758 νάπαισιν

27 779 40 830 ξ’
79 777 356 847 Hermannus]
390 775 434 817 ἐν
453 774 623 816 α’πασιν.
681 779 718 819 3.
750 758 908 827 φλόμον
937 775 1144 828 Pauwius]
1177 771 1317 825 φλόον.
1356 771 1541 828 ἀγροῖσιν
1571 777 1672 816 Her-

79 833 268 889 mannus]
299 831 465 889 ἀγρίοις.
499 835 751 875 simillimum
789 839 852 874 est
890 835 1102 885 Eupolidis
1134 834 1183 873 fr.
1218 835 1285 872 14.
1346 835 1396 872 ad
1426 834 1569 874 Plutos
1599 835 1671 874 hos

21 906 23 911 ⁴
79 908 220 935 versus
250 895 414 934 rettulit
443 893 644 946 Bergkius
674 893 724 932 R.
757 905 789 932 0.
822 893 907 932 Att.
944 893 1038 932 198.
1071 894 1311 943 παρεῖναι
1348 892 1413 931 hie
1443 895 1490 932 ut
1518 905 1673 944 παρου-

22 975 23 979 =
81 951 147 991 σία
178 951 331 992 Cratet.
365 953 416 992 16
458 953 752 992 abundantiam
790 950 1004 1002 significat.
1054 963 1127 1000 pro
1159 946 1257 1002 πρὸς
1288 942 1387 988 αὐτὸ
1416 951 1674 990 restituerem

13 1022 39 1052 1,
81 1008 240 1064 πράσον
270 1024 321 1060 τε,
355 1011 389 1050 si
421 1010 700 1049 demonstrare
730 1022 891 1060 possem
921 1009 1042 1048 etiam
1073 1017 1231 1060 πρασον
1259 1008 1384 1047 fuisse
1406 1012 1488 1047 των
1507 1004 1672 1060 ἀγρίων.

0 1123 18 1165 ι’·
838 1120 924 1164 326

196 1207 328 1248 Schol.
363 1207 604 1257 Theocr.9,
640 1208 691 1246 19
724 1203 899 1245 εἰώθασι
937 1202 1012 1275 γὰρ
1050 1202 1196 1257 ἔγκατα
1233 1199 1457 1257 πλήσαντες
1495 1202 1564 1244 καὶ
1605 1205 1674 1255 ξη

83 1264 290 1318 ραίνοντες
338 1236 626 1319 (ξηράναντες)
671 1260 822 1313 ὀπτᾶν,
862 1257 946 1302 εἶτα
985 1261 1170 1302 ἐσθίουσι
1210 1278 1357 1314 ταυτα,
1395 1260 1423 1302 ἃ
1458 1261 1525 1302 καὶ
1562 1262 1675 1316 χόρια

7 1330 10 1331 ’
81 1321 428 1378 προσαγορεύουσι
466 1321 592 1389 Κρατι
632 1319 935 1374 νεοτρόφοιο
979 1318 1127 1373 γένας
1167 1319 1312 1372 χόριά
1356 1317 1392 1360 τ’
1442 1319 1677 1374 ἐμβρύων

80 1395 129 1421 τε
158 1380 370 1433 πλήθη.
429 1376 615 1432 ,χόρια
653 1378 698 1419 δὲ
736 1378 904 1418 καλοῦσι
933 1377 1026 1426 τοὺς
1057 1374 1232 1430 ὑμένας,
1273 1375 1345 1426 οὕς
1375 1381 1573 1432 πληροῦσι
1604 1383 1676 1418 τοῦ

78 1435 347 1492 ἀμελχθὲντος
385 1437 593 1492 γάλακτος.
657 1434 865 1487 νεοστέφοι
902 1438 957 1491 (ει
995 1437 1039 1488 3)
1078 1434 1224 1488 γέννας
1262 1437 1357 1477 Vat.
1399 1439 1438 1479 3.
1479 1439 1519 1475 4.
1560 1435 1676 1488 κρατὶ

82 1495 314 1550 νεοτρόφοιο
357 1492 493 1552 γένας]
539 1497 739 1549 Κρατῖνος
790 1493 1010 1549 Τροφωνίῳ
1048 1495 1392 1536 Hemsterhusius.
1451 1496 1672 1546 Κρατῖνος·

80 1552 204 1607 ἀρνὸς
235 1551 439 1607 εὐτρόφου
469 1551 588 1607 κρέας
619 1554 813 1605 Toupius.
875 1554 1096 1605 Κρατῖνος·
1136 1552 1370 1604 νεοτρόφοιο
1399 1548 1545 1605 γέννας
1577 1553 1673 1592 Mei-

81 1613 237 1654 nekius.
268 1613 440 1653 fortasse
469 1613 729 1653 scribendum
758 1612 979 1664 Κρατῑνος·
1012 1607 1280 1662 εὐτρεφεῖς
1309 1607 1507 1663 ἀγέλας,
1549 1624 1675 1661 eaque

80 1672 204 1712 verba
233 1671 284 1710 ad
315 1670 548 1723 Cyclopem,
580 1671 606 1709 i.
639 1683 674 1710 e.
706 1670 756 1708 ad
789 1669 927 1709 Ulixes
959 1669 1136 1708 fabulam
1166 1669 1389 1708 referenda.

198 1858 314 1907 ἀλλὰ
343 1862 442 1907 τάδ’
479 1861 572 1907 ἔστ’
605 1861 842 1906 ἀνεκτέον·
875 1862 952 1906 καὶ
982 1861 1069 1918 γὰρ
1099 1861 1224 1919 ἡνίκ’
1257 1860 1438 1906 εὐθένει
1462 1895 1472 1905 .
1498 1897 1506 1905 .
1533 1896 1543 1905 .

200 1960 374 2000 Zonaras
395 1961 478 1999 919
510 1955 701 1998 εὐθενεῖν
730 1958 772 1997 οἷ
794 1954 984 1997 Ἀττικοί·
1016 1958 1058 1997 οἱ
1083 1956 1127 1997 δὲ
1150 1957 1292 2006 Ἴωνες
1324 1954 1531 2010 εὐθηνεῖν.
1563 1959 1674 2010 Κρα-

83 2019 192 2065 τῖνος
222 2020 305 2057 κτλ.
336 2013 526 2056 ἀνεκτέον
553 2039 597 2045 —-
622 2012 785 2055 εὐθένει
814 2017 912 2057 Lob.
937 2017 1088 2068 Phryn.
1111 2017 1195 2057 466
1217 2016 1362 2068 Bergk.
1387 2013 1457 2069 27]
1479 2011 1676 2055 ἀνακτέον

89 2100 137 2144 3-
170 2071 346 2145 εὐβενεῖ.
390 2079 565 2114 metrum
596 2078 660 2114 est
690 2074 935 2113 Oratineum.
981 2073 1075 2113 τάδε
1107 2087 1236 2114 accus.
1283 2077 1345 2113 est
1375 2087 1594 2124 suspensus
1625 2074 1674 2112 ab

83 2146 285 2172 ανεκτεον.

836 2197 921 2241 328

201 2284 434 2323 Athenaeus
463 2285 500 2332 1,
535 2283 596 2322 7f
629 2279 718 2334 περὶ
756 2279 1000 2333 Περικλέους
1042 2280 1171 2333 φησὶν
1203 2276 1427 2347 Ἀρχίλοχος
1465 2277 1487 2320 ὅ
1519 2278 1675 2352 Πάριος

35 2379 44 2389 ,
84 2339 252 2393 ποιητὴς
291 2337 347 2389 ὦς
383 2336 558 2392 ἀκλήτου
599 2337 901 2386 ἐπεισπαίοντος
948 2339 1004 2386 εἰς
1042 2338 1089 2378 τὰ
1130 2337 1353 2391 συμπόσια,
1395 2338 1677 2378 Μυκονίων

86 2398 239 2450 δίκην
275 2398 344 2452 (ef.
386 2399 435 2438 de
472 2399 536 2438 his
571 2397 706 2439 verbis
743 2398 894 2449 Bergk.
932 2398 1160 2437 Archiloeh.
1201 2398 1322 2449 103)
1354 2396 1520 2435 δοκοῦσι
1558 2393 1596 2434 δ’
1640 2395 1682 2434 οἷ

89 2455 300 2496 Μυκόνιοι
330 2448 398 2495 δια
428 2453 472 2495 τὸ
501 2453 702 2495 πένεσθαι
731 2453 800 2494 και
829 2453 989 2508 λυπρὰν
1019 2460 1147 2506 νῆσον
1177 2454 1303 2494 οἰκεῖν
1334 2452 1399 2493 ε’πι
1427 2452 1676 2507 γλισχρότητι

85 2512 154 2554 καὶ
192 2513 399 2568 πλεονεξία
438 2512 743 2582 διαβαλλεσθαι.
805 2510 876 2552 τὸν
918 2518 1020 2566 γοῦν
1052 2509 1283 2564 Ἰσχόμαχον
1326 2513 1562 2563 Κρατῖνος
1576 2513 1675 2550 Μυ-

88 2570 230 2612 κόνιον
264 2574 398 2611 καλεῖ·
436 2576 536 2618 πως
574 2567 628 2609 ἂν
668 2566 1015 2622 Ἰσχομαχου
1051 2568 1310 2623 γεγονὼς
1355 2568 1676 2607 Μυκονίου

88 2644 120 2680 φ
139 2643 154 2668 ι
168 2631 190 2668 λ
207 2627 228 2667 6
244 2628 269 2668 δ
284 2643 316 2668 ω
332 2644 354 2681 ρ
372 2642 393 2667 ο
410 2644 429 2676 ς
474 2625 503 2667 α’
515 2644 541 2667 ν
580 2642 598 2667 ε
615 2627 636 2666 ἴ
645 2642 670 2679 η
689 2643 730 2675 ς;
775 2629 962 2668 Eustath.
1005 2621 1675 2679 1828,8.Ρ1101;.Μυκω(ό)νιος

87 2686 250 2740 γείτων·
282 2685 386 2756 αὐτη
417 2684 598 2726 τάττεται
632 2699 734 2724 κατα
767 2699 848 2724 των
878 2684 1208 2738 διαβεβλημένων
1238 2683 1302 2724 ἐπὶ
1331 2682 1580 2756 γλισχρότητι
1610 2682 1677 2722 καὶ

90 2744 418 2798 σμικροπρεπεία.
449 2742 556 2796 παρὰ
587 2740 663 2794 τὴν
683 2742 925 2795 σμικρότητα
955 2747 1026 2804 τῆς
1057 2739 1182 2793 νήσου
1208 2740 1363 2782 ..και
1392 2738 1606 2781 εὐτέλειαν.
1636 2744 1678 2780 et

92 2800 331 2841 Μυκόνιον·
365 2801 435 2841 τὸν
462 2800 668 2865 γλίσχρον·
698 2798 931 2839 πλεονέκται
960 2815 1035 2852 γαρ
1067 2798 1110 2838 ἐν
1139 2803 1297 2850 μικροῖς
1328 2799 1370 2838 οἱ
1396 2797 1618 2838 Μυκόνιοι.
1649 2795 1678 2849 η’

90 2858 157 2899 δια
188 2857 231 2898 τὸ
262 2857 427 2911 λυπρὰν
456 2853 559 2898 εἶναι
580 2853 654 2910 την
676 2857 890 2898 Μύκονον.
922 2859 1070 2899 similia
1096 2857 1457 2910 paroemiographi.
1480 2858 1531 2896 ef.
1553 2857 1676 2896 etiam

90 2918 278 2958 Bursian.
318 2916 623 2969 Geog1agr.11
662 2917 757 2957 148
790 2918 828 2958 9.
874 2917 1172 2966 IschomachuS,
1210 2916 1279 2967 qui
1318 2915 1577 2967 septuaginta
1615 2916 1674 2953 ta-
