1872 3224
194 189 278 232 598
775 181 1163 217 ΑΡΙΣΤΟΦΑΝΟΤΣ

940 283 1025 326 944

402 346 705 399 πτωχίστερον

311 428 379 468 καὶ
416 426 687 478 ψευὸίστατον
722 422 914 477 ἆριστοφα
946 423 1038 465 πλῖ,
1068 425 1202 476 Etym.
1243 439 1297 464 m.
1341 425 1391 464 31
1433 424 1519 464 cod.
1552 425 1600 466 D.
1633 424 1683 464 cf.
1715 424 1767 463 fr.

201 490 296 530 890.
328 487 504 538 pertinet
534 486 703 545 fortasse
734 483 785 522 ad
815 483 913 522 Aah.
946 483 1042 521 425.

945 594 1029 637 945

404 654 572 710 ῥήτορα

320 736 386 777 καὶ
407 735 481 789 τὴν
500 740 684 790 γυναῖκα
704 730 1007 788 Ἀριστοφάνης.
1032 703 1214 774 Photius.
1232 734 1316 774 veri
1337 734 1468 773 simile
1488 735 1551 774 est
1572 733 1772 793 pertinere

115 764 119 767 ·
201 797 250 835 ad
282 796 444 835 Thesm.
477 797 574 835 292.
605 795 652 834 cf.
687 794 844 833 Thesm
877 794 975 832 433.

947 903 1030 947 946

408 965 621 1018 σίλουρος

316 1062 331 1086 ι
357 1044 662 1100 Ἀριστοφάνης.
697 1046 873 1086 Cramer.
906 1045 1057 1086 Aneod.
1089 1045 1180 1084 Par.
1213 1044 1294 1083 IIII
1328 1045 1421 1095 190,
1457 1045 1521 1082 12.
1553 1043 1681 1094 magis
1711 1044 1770 1083 in-

202 1107 305 1146 clino
337 1108 382 1144 ut
412 1107 552 1156 poetae
583 1118 701 1154 quam
733 1106 780 1142 ut
808 1103 1069 1154 grammatico
1101 1102 1291 1141 tribuam.
1329 1114 1457 1151 neque
1488 1101 1639 1151 recepit
1667 1101 1774 1140 Nau-

203 1164 327 1202 ckius.
361 1176 432 1201 eur
463 1162 662 1201 addiderit
693 1174 706 1198 ι
738 1159 781 1212 (i.
814 1175 846 1200 e.
879 1173 960 1199 non
989 1173 1061 1210 per
1099 1156 1152 1213 ει)
1192 1158 1445 1223 cognoscitur
1484 1172 1530 1197 ex
1567 1157 1773 1198 Athenaeo

205 1222 271 1325 {2
281 1220 412 1314 28Z5b.
434 1219 659 1325 oduinum
690 1218 797 1269 pisce
834 1218 941 1256 amni
978 1218 1159 1267 malique
1196 1216 1395 1255 communi
1433 1215 1616 1257 ef.P1in.
1654 1215 1705 1255 N.
1737 1215 1776 1254 h.

310 1279 329 1314 1

950 1362 1032 1405 947

412 1422 695 1476 στρουθίζων

322 1505 507 1545 must-ath.
541 1505 622 1543 228
654 1506 754 1543 extr.
786 1500 848 1542 ὅτι
878 1499 922 1541 δὲ
958 1499 1037 1541 ἀπὸ
1076 1507 1145 1554 τῆς
1184 1504 1388 1555 στρουθοῦ
1423 1499 1490 1540 καὶ
1527 1499 1780 1554 στρουθίζειν

207 1560 249 1602 τὸ
280 1557 447 1609 εὐτελῶς
478 1575 562 1608 πως
594 1559 722 1616 ᾀδειν,
753 1560 874 1610 δηλοῖ
895 1557 963 1598 καὶ
992 1555 1013 1598 ὁ
1043 1558 1228 1611 κωμικός.
1260 1562 1301 1599 et
1334 1560 1542 1607 1411,15
1574 1556 1617 1597 τὸ
1645 1555 1779 1610 μέντοι

206 1619 470 1671 στρουθίζειν,
499 1616 522 1656 ὅ
553 1630 679 1669 φησιν
708 1613 729 1656 ὁ
759 1613 945 1667 κωμικός,
977 1614 1021 1655 ἐκ
1051 1621 1121 1668 τῆς
1147 1613 1360 1668 Ὁμηρικῆς
1400 1621 1600 1668 παρῆκται
1637 1626 1776 1668 στρου-

205 1674 1089 1728 9015.Ph0t.6190vffl'ng·vqt'gmv.quod
1119 1675 1204 1714 veri
1234 1675 1364 1714 simile
1394 1674 1448 1713 sit
1476 1675 1663 1714 comicum
1692 1686 1779 1713 esse

208 1734 543 1784 Aristophanem,
580 1734 688 1772 inter
726 1732 1023 1782 Alistophanea
1059 1732 1201 1782 recipit
1240 1731 1484 1770 Βὶηάοιίίυε.
1545 1731 1651 1769 idem
1690 1743 1780 1769 cum

207 1793 249 1831 in
279 1791 419 1830 multis
451 1790 539 1829 aliis
571 1790 765 1829 eiusmodi
794 1790 928 1836 faciat,
961 1789 1035 1828 hoc
1070 1790 1275 1838 tamquam
1309 1788 1533 1838 exemplum
1572 1787 1776 1839 proposui,

207 1845 375 1899 reliquis
405 1848 512 1886 inter
542 1847 733 1897 adespota
770 1847 922 1886 relatis.
971 1859 1063 1884 nam
1102 1845 1257 1885 etiamsi
1294 1845 1423 1884 multa
1459 1845 1507 1884 ad
1541 1843 1776 1896 Aristopha-

208 1919 299 1945 nem
329 1905 528 1956 pertinere
557 1904 728 1955 possint,
761 1905 913 1944 certum
944 1903 984 1942 id
1015 1905 1078 1942 est
1107 1903 1149 1942 in
1178 1902 1304 1942 nullo.

958 2013 1042 2056 948

415 2073 657 2127 συνθήκην

209 2215 241 2254 L
323 2155 485 2253 εἷὲνὲκῗν
534 2151 874 2208 (Ἀριστοφάνης).
907 2155 1006 2194 Poll.
1050 2157 1096 2203 6,
1137 2156 1228 2194 159.
1271 2143 1485 2205 συνθήκας
1524 2153 1615 2193 Pae.
1658 2152 1778 2193 1065.

245 2228 307 2266 ys.
456 2244 464 2252 .

955 2300 1039 2343 949

415 2357 526 2413 mm]
578 2413 583 2416 Ι

325 2439 367 2481 τὸ
401 2440 464 2481 ἐπὶ
493 2445 575 2480 τῶν
595 2439 791 2480 τενόντων
811 2445 939 2492 φῦμα.
968 2436 1267 2492 Ἀριστοφάνης.
1298 2440 1479 2479 Photius.
1501 2439 1669 2479 fortasse
1690 2451 1779 2489 per-

212 2500 314 2539 tinet
344 2500 393 2538 ad
424 2500 523 2539 th.
556 2500 650 2539 860.
685 2499 778 2538 954.
1400 2495 1406 2499 ’

956 2587 1041 2629 950

417 2666 563 2722 μάτην
595 2665 685 2722 ἄρα
716 2665 799 2722 τὴν
830 2665 940 2709 ὁδὸν
971 2663 1199 2721 ἆνύτομεν

328 2750 494 2801 Gregor.
527 2750 706 2790 Corinth.
741 2751 793 2789 69
824 2749 866 2788 οἱ
888 2744 1054 2788 Ἀττικοὶ
1084 2746 1125 2788 τὸ
1166 2745 1311 2788 ἀνύειν
1347 2743 1510 2786 ἀνύτειν
1546 2745 1693 2797 φασὶν,
1723 2743 1778 2794 ὥς

212 2803 501 2859 Ἀριστοφάνης
541 2804 585 2845 ἐν
613 2805 799 2858 Ὄρνισιν
836 2808 917 2846 κτλ.
978 2819 1078 2858 quae
1117 2819 1206 2846 cum
1244 2805 1452 2844 Dindorfio
1494 2817 1549 2843 ex·
1579 2804 1654 2844 Av.
1687 2805 1723 2844 3.
1754 2804 1781 2842 4

215 2865 372 2904 detorta
403 2877 501 2903 esser
518 2864 715 2903 existimo.
