1872 3224
196 201 282 244 490
790 198 1176 232 ΑΡΙΣΤΟΦΑΝΟΤΣ

945 299 1032 342 374

404 359 593 408 συκίδας

312 440 359 481 τὰ
391 438 640 492 φυτευτήρια
671 445 755 479 τῶν
784 436 921 479 σύκων
953 425 1160 493 (συκῶνῖ)
1188 434 1480 490 Ἀριστοφάνης
1509 436 1554 479 ἕν
1573 442 1659 487 ταῖς
1687 432 1775 491 Λη·

195 500 341 551 μυίαις.
376 499 519 538 Pollux
552 499 589 546 7,
626 498 720 536 152.
751 498 803 537 cf.
832 498 933 537 Ach.
967 498 1064 537 996.

942 608 1027 651 375

402 665 554 722 φανόν
1314 721 1322 728 ⁶

309 751 440 792 Sehol.
473 751 554 801 Lys
538 751 645 789 istr.
690 752 771 790 308
811 747 947 800 φανὸν
983 747 1058 800 μὲν
1094 753 1181 787 πᾶν
1218 746 1261 788 τὸ
1299 751 1450 800 φαῖνον
1487 746 1671 789 ἐκάλουν.
1731 745 1775 788 ἐκ

194 805 237 846 δὲ
270 812 350 846 τῶν
379 803 609 858 ἆμπελίνων
638 805 708 854 τὰς
739 802 950 858 λαμπάδας
980 803 1268 854 κατεσκεύαζον
1306 806 1361 853 εἰς
1402 804 1571 857 ἔξαψιν,
1611 802 1667 854 ὦς
1706 803 1775 845 καὶ

197 863 241 904 ἐν
272 863 475 931 Λημνίαις
505 863 620 915 φησί.
662 865 829 904 Photius
859 860 1035 911 πανός·
1066 860 1191 915 δέσμη
1220 862 1493 916 κληματίδων.
1533 863 1575 903 οἱ
1599 859 1644 902 δὲ
1675 861 1774 902 νεώ-

195 937 299 974 τεροι
327 916 493 961 Ἀττικοι
533 919 680 972 φανόν.
738 918 1039 974 Ἀριστοφάνης.
1100 934 1235 961 secum
1272 922 1357 972 ipse
1394 934 1573 974 pugnare
1615 921 1774 960 videtur

194 980 375 1020 Photius.
407 981 450 1019 in
487 980 713 1031 Lysistrata
751 976 882 1029 φανός
921 979 1006 1019 sine
1042 979 1258 1028 varietate,
1299 992 1344 1019 ac
1381 991 1528 1018 nomen
1565 977 1773 1034 proprium

197 1035 335 1085 Φανός
369 1034 543 1090 (Φᾶνος)
574 1037 651 1088 Eq.
686 1038 809 1076 1256.
842 1035 965 1087 Vesp.
1000 1037 1124 1076 1220.
1162 1038 1303 1076 contra
1342 1036 1561 1076 Menander
1600 1031 1694 1089 (63)
1732 1031 1775 1075 e‘t

197 1095 384 1145 Diphilus
415 1094 479 1147 (6)
511 1091 652 1143 πανός,
684 1107 924 1144 quamquam
955 1093 1196 1144 aliquotiens
1217 1094 1341 1133 etiam
1362 1094 1603 1134 recentiores
1624 1089 1771 1144 φανός.

202 1152 414 1192 discrimen
445 1152 588 1191 statuit
618 1152 765 1191 Athen.
800 1153 866 1203 15,
899 1151 1030 1190 700b.

731 1286 953 1322 ΝΕΦΕΛΑΙ
979 1286 1232 1321 ΠΡΟΤΕΡΑΙ

314 1381 476 1420 Praeter
506 1381 682 1420 Nubium
715 1381 886 1420 editores
917 1380 966 1419 cf.
997 1380 1230 1420 Dindorfius
1261 1380 1385 1420 Arist.
1407 1381 1457 1420 fr.
1483 1380 1534 1419 15
1551 1392 1610 1431 sq.
1642 1379 1771 1420 Fritz-

197 1438 329 1478 schius
364 1438 413 1485 Q.
445 1438 572 1477 Arist.
608 1440 686 1476 117
720 1441 820 1478 extr.
856 1438 1079 1478 141-143
1111 1439 1152 1476 et
1181 1438 1241 1477 De
1272 1437 1418 1477 fabulis
1455 1439 1616 1477 retract.
1648 1436 1770 1476 Wila-

202 1496 373 1559 moyvitz.
409 1494 505 1535 Obs.
537 1496 625 1534 crit.
660 1497 712 1535 10
743 1498 784 1534 et
812 1508 911 1546 quos
942 1496 983 1534 in
1014 1495 1192 1535 Nubium
1223 1496 1351 1546 praef.
1378 1507 1410 1535 c.
1439 1495 1501 1534 ΙΙΙ
1531 1504 1771 1535 commemo-

198 1565 386 1594 ravimus.

944 1643 1029 1685 376

400 1718 627 1779 Εὐριπίδῃ
659 1720 700 1764 δ’
734 1721 757 1765 ὁ
789 1721 862 1772 τὰς
890 1722 1142 1779 τραγῳδίας
1170 1724 1317 1765 ποιῶν

398 1788 478 1840 τοὶς
508 1789 842 1845 περιλαλούσας
872 1784 1006 1843 σῦτός
1037 1791 1132 1835 ἐστι
1162 1786 1239 1841 τὰς
1270 1791 1428 1845 σοφάς.

307 1873 508 1924 Diogenes
538 1874 585 1912 L.
619 1876 656 1923 2,
693 1876 756 1914 18.
790 1874 839 1916 cf.
873 1874 1062 1915 Teleclid.
1095 1875 1162 1914 39.
1194 1874 1265 1913 40.

944 1986 1026 2029 377

400 2065 644 2107 κείσεσθον
675 2064 828 2122 ω’σπερ
859 2067 1006 2121 πηνίω
1036 2066 1308 2121 βινουμένω.

316 2147 485 2187 Photius
515 2151 556 2187 et
586 2148 732 2188 Suidas
762 2147 929 2200 πηνίον·
961 2150 1062 2203 ζῷον
1091 2145 1228 2201 όμοιον
1257 2145 1439 2188 κώνωπι·
1473 2143 1767 2212 Ἀριστοφανης

196 2201 423 2253 Νεφέλαις·
455 2203 669 2244 κείσεσθον
706 2208 787 2245 κτλ.
825 2202 915 2244 ἀντὶ
955 2210 1026 2245 τοῦ
1063 2204 1192 2258 ξηροί·
1231 2203 1403 2245 σκώπτει
1438 2219 1513 2257 γαρ
1549 2201 1641 2252 τούς
1678 2202 1769 2256 περὶ

195 2260 462 2313 Χαῖρεφῶντα
494 2261 549 2308 εἰς
581 2260 774 2314 ξηρότητα
804 2261 871 2301 καὶ
900 2255 1137 2302 ἀσθένειαν·
1169 2261 1230 2302 ὅτι
1260 2259 1304 2301 δὲ
1324 2259 1518 2309 κώνωπος
1549 2255 1653 2309 εἶδός
1685 2257 1768 2300 ἔστι

194 2316 457 2365 Σπεύσιππος
489 2316 534 2357 ἐν
563 2318 617 2373 τῷ
648 2316 688 2371 β’
716 2325 797 2358 τῶν
826 2316 1067 2372 ὁμοιοτήτων
1097 2317 1223 2369 φησὶν
1252 2332 1399 2367 ουτως·
1437 2317 1604 2370 πηνίον·
1636 2315 1766 2370 ἐμπίς,

194 2372 358 2422 κώνωψ.
399 2374 630 2438 κείσεσθον]
662 2375 902 2415 κείσαισθον
933 2377 1018 2418 cod
1049 2378 1166 2416 Phot.
1207 2375 1340 2427 πηνίω
1370 2373 1596 2428 βινουμένω
1628 2372 1765 2428 Suid.]

195 2431 340 2482 πηνίωι
370 2446 598 2484 κινουμενοι
628 2435 713 2473 eod.
744 2434 860 2475 Phot.
894 2434 1238 2484 Ghaerephontem
1264 2438 1304 2474 et
1325 2433 1527 2474 Socratem
1548 2432 1764 2484 significari

196 2490 436 2531 existimant.
467 2491 516 2530 cf.
548 2491 653 2530 Nub.
696 2491 790 2532 104.
835 2491 954 2530 fidem
998 2492 1142 2531 Photio
1191 2491 1418 2542 Suidaeque
1462 2490 1635 2541 denegat
1667 2489 1764 2528 Din-

197 2546 345 2585 dorfius
379 2549 444 2586 18.
480 2549 552 2597 19„
575 2548 625 2586 ad
656 2551 872 2588 extremam
906 2549 1134 2588 comoediae
1173 2550 1330 2598 partem
1367 2548 1491 2587 refert
1526 2546 1765 2587 Fritzschius

197 2602 242 2647 Q.
275 2604 400 2642 Arist.
435 2605 533 2643 164.
562 2605 622 2644 De
653 2605 734 2644 fab.
764 2608 859 2666 retr.
890 2605 911 2644 I
941 2607 1007 2648 20.

942 2716 1026 2759 378

401 2793 469 2842 δὶς
499 2797 650 2844 παῖδες
679 2796 726 2838 οἶ
751 2797 959 2851 γέροντες

314 2875 445 2915 Schol.
477 2860 581 2916 Plat.
614 2879 696 2918 465
736 2879 863 2918 Bekk.
903 2876 1097 2930 μέμνηται
1132 2875 1176 2917 δὲ
1211 2874 1339 2930 αὐτῆς
1378 2908 1386 2917 .
1412 2908 1419 2917 .
1445 2908 1453 2917 .
1493 2875 1558 2916 καὶ
1591 2872 1762 2930 Ἀριστο-
