1872 3224
638 226 905 262 ΜΑΛΘΑΚΟΙ
930 227 1152 261 NEMESIS
1635 226 1690 268 47

106 333 300 373 Blochius
333 333 596 380 Μαλθακοῖς.
631 333 858 372 ‘recensum
888 333 1206 381 luxuriosorum,
1238 332 1280 371 in
1310 331 1457 382 quibus
1489 332 1553 371 1110
1574 331 1690 372 Clau-

107 403 293 431 samenus
330 390 472 440 fuerit,
518 390 562 429 in
604 390 704 440 ipsis
742 389 897 430 Cratini
943 390 1153 429 Malthacis
1198 390 1321 429 fuisse
1360 389 1478 429 facile
1519 390 1687 430 credas.'

106 449 234 488 Lehrs
265 449 332 487 21.
371 447 442 488 sed
472 460 562 487 cum
586 443 872 498 Ἀκεσαμενός,
899 443 1136 499 Τισαμενός,
1161 442 1408 498 Δεξαμενός,
1436 443 1689 499 Ἀγχομενός,

107 507 187 546 alia
217 505 257 545 id
287 519 415 557 genus
444 506 609 544 nomina
639 505 851 570 participia
872 505 954 544 sint
975 507 1130 545 mutato
1152 508 1331 553 accentu,
1364 506 1471 544 recte
1493 505 1691 557 Bergkius

106 564 155 603 R.
188 576 218 603 0.
257 564 344 603 Att.
387 563 467 602 129
514 563 722 614 scripsisse
773 562 934 602 videtur
974 558 1282 614 Κλαυσομενός,
1328 563 1354 601 1.
1387 577 1420 605 e.
1462 539 1596 602 11011100
1621 564 1690 614 qui

106 634 256 672 poenas
295 622 439 661 solvet.
486 621 673 660 similiter
710 621 867 660 iocatur
904 621 1028 662 Arist
1074 621 1162 659 Pac.
1210 621 1316 660 1293
1354 615 1503 671 ἀνδρὸς
1534 622 1690 660 Βουλο-

106 676 235 730 μᾶχου
265 676 332 717 καὶ
365 676 648 730 Κλαυσιμοὶχου
680 669 787 725 τινὸς
818 672 915 725 υἱός.

865 767 945 809 105

224 850 399 891 Cramer.
417 853 567 892 Anecd.
589 851 714 893 Oxon.
732 851 815 889 IIII
836 852 934 890 416.
955 851 1081 890 Bekk.
1105 851 1254 892 Anecd.
1280 852 1387 889 1295
1405 854 1505 890 extr.
1529 849 1693 905 εὕρηται

27 938 30 939 ⁷
107 904 153 947 δὲ
182 906 250 947 καὶ
278 907 374 961 μετὰ
406 915 478 949 τοῦ
508 919 532 947 σ
563 904 765 958 οἶσθας,
803 909 858 956 ὥς
889 906 997 960 παρὰ
1036 907 1223 962 Κρατίνῳ
1255 906 1299 947 ἐν
1330 910 1592 957 Μαλθακοῖς.
1642 912 1691 950 cf.

110 966 264 1006 Alexid.
296 968 446 1007 Athen.
479 969 517 1016 3,
543 969 655 1006 117e
678 963 785 1020 (11).
816 967 987 1005 Philem.
1011 967 1159 1005 Athen.
1182 967 1222 1015 4,
1249 967 1365 1005 175d
1391 964 1470 1021 (5).
1502 968 1692 1008 Menand

109 1025 258 1065 Athen.
291 1027 356 1074 11,
378 1027 494 1065 4740
516 1027 595 1076 (5).
627 1025 733 1075 apud
764 1025 952 1074 antiquae
985 1024 1213 1063 comoediae
1251 1026 1390 1074 poetas
1422 1027 1573 1064 certum
1605 1027 1692 1066 eius

111 1082 262 1121 formae
293 1084 519 1133 exemplum
547 1096 629 1122 11011
659 1084 804 1122 exstat.

863 1160 945 1203 106
979 1207 981 1209 ,

223 1229 400 1283 Cramer.
432 1244 584 1285 Anecd.
623 1243 750 1284 Oxon.
782 1245 802 1283 I
834 1245 936 1292 363,
981 1244 1032 1282 21
1073 1235 1182 1295 παρὰ
1221 1240 1265 1282 δὲ
1301 1239 1493 1291 Ἀττικοῖς
1523 1242 1693 1295 μάλιστα

108 1298 172 1340 ἐπὶ
201 1299 361 1353 πρώτου
380 1296 610 1353 ’προσώπου
641 1298 666 1353 ἡ
697 1296 826 1353 παρὰ
858 1298 1028 1354 (πάρα)
1059 1296 1149 1340 ἀντὶ
1179 1306 1251 1340 τοῦ
1281 1300 1455 1353 πάρειμι.
1491 1303 1691 1355 Κρατῖνος

109 1360 370 1406 Μαλθακοῖς.
401 1360 487 1399 sine
517 1359 640 1399 dubio
672 1360 775 1399 dixit
805 1355 871 1398 ὅδ’
906 1356 980 1411 ἐγὼ
1012 1356 1145 1411 πάρα,
1177 1362 1223 1398 ut
1253 1360 1464 1410 Hermipp.
1498 1362 1566 1403 50.

783 1474 814 1507 Ν
819 1472 1008 1506 ΕΜΕΣΙΣ

225 1543 334 1591 Quae
365 1544 526 1595 vulgari
557 1544 746 1594 opinione
776 1543 884 1584 Iovis
917 1546 957 1582 et
987 1543 1119 1582 Ledae
1149 1543 1233 1582 filia
1263 1544 1489 1583 habebatur
1518 1545 1688 1594 Helena,

110 1614 196 1640 eam
227 1601 296 1640 alii
327 1602 490 1641 Nemesi
519 1607 656 1640 natam
696 1614 782 1640 esse
812 1601 1019 1649 dicebant,
1059 1603 1278 1651 praeeunte
1310 1602 1492 1651 Stasino,
1525 1602 1691 1654 Cyprio-

108 1672 199 1698 rum
236 1661 411 1698 auctore.
450 1659 595 1700 Athen.
635 1660 679 1707 8,
721 1659 882 1698 3340d.
923 1659 1127 1698 Eratosth.
1170 1658 1320 1699 Catast.
1355 1661 1407 1698 25
1447 1659 1514 1712 (cf
1558 1661 1691 1700 Schol

112 1715 300 1755 German.
331 1716 480 1755 Phaen.
504 1714 605 1782 273)
637 1713 790 1768 λέγεται
811 1710 879 1755 τὸν
902 1715 981 1754 Δία
1010 1712 1260 1783 ὁμοιωθέντα
1284 1713 1458 1771 (κύκνῳ)
1481 1715 1692 1767 Νεμέσεως

109 1771 345 1826 ἐρασθῆναι,
369 1771 453 1813 ἐπεὶ
473 1767 574 1825 αὐτὴ
595 1778 737 1813 πασαν
737 1772 891 1840 '’wal—‘38
906 1769 1066 1842 μορφὴν
1085 1772 1156 1813 ἵνα
1177 1788 1251 1824 την
1265 1773 1497 1837 παρθενίαν
1518 1774 1692 1844 φυλαξῃ,

109 1829 175 1870 καὶ
205 1829 293 1870 τότε
323 1826 473 1878 κύκνος
493 1829 675 1884 γέγονεν
708 1845 813 1871 Ουτω
834 1846 902 1871 καί
922 1826 1049 1871 αὐτον
1069 1827 1319 1895 ΟμΟιωθένΐᾱ
1342 1832 1395 1887 τῷ
1417 1846 1542 1886 Ορνέῳ
1565 1831 1691 1888 τούτῳ

108 1889 361 1940 καταπτῆναι
392 1889 447 1936 εἰς
472 1885 723 1940 Ῥαμνοῦντα
754 1894 823 1941 τῆς
850 1887 1030 1941 Ἀττικῆς
1058 1887 1180 1928 κάκεῖ
1199 1882 1272 1940 τὴν
1300 1888 1481 1941 Νέμεσιν
1501 1894 1690 1943 φθεῖραι·

108 1944 183 1997 τὴν
212 1943 257 1985 δὲ
287 1949 416 1986 τεκεῖν
445 1942 546 2001 ῳόν,
578 1944 618 1995 ἐξ
657 1947 704 1986 οὑ
744 1945 1051 1998 ἐκκολαφθῆναι
1081 1981 1088 1989 ,
1121 1977 1129 1985 .
1163 1944 1237 1995 τὴν
1271 1943 1458 1998 Ἑλένην,
1497 1945 1550 1994 ὥς
1591 1959 1692 1999 φησι

109 2004 308 2056 Κρατῖνος
345 2000 366 2043 ὁ
408 2003 589 2055 ποιητής.
627 2006 684 2044 ita
721 2018 794 2055 pro
834 2003 996 2057 Κράτης
1035 2004 1226 2046 Valcken.
1266 2005 1362 2043 Eur.
1403 2006 1552 2044 Phoen.
1593 2007 1690 2045 447.

109 2064 224 2101 erant
264 2063 385 2101 etiam
423 2063 493 2112 qui
532 2075 653 2102 ovum
691 2076 713 2100 a
750 2062 914 2102 Nemesi
953 2062 1118 2110 editum,
1160 2062 1302 2101 deinde
1341 2063 1528 2102 Mercurii
1570 2077 1692 2113 opera

111 2119 296 2169 Spartam
317 2121 556 2158 translatum
580 2133 603 2158 a
624 2119 732 2158 Leda
760 2120 963 2160 exclusum
986 2132 1070 2159 esse
1086 2120 1318 2159 narrabant.
1350 2120 1505 2171 Hygin.
1525 2122 1690 2160 Astron.

110 2178 135 2216 8
168 2175 225 2228 (p.
257 2176 324 2215 44.
357 2178 381 2215 5
415 2175 566 2229 Bunte)
598 2177 780 2226 Iuppiter
809 2190 897 2217 cum
925 2211 933 2219 .
965 2208 974 2216 .
1002 2177 1191 2217 Nemesin
1221 2179 1378 2228 dili-clere
1408 2175 1587 2227 coepisset
1624 2192 1691 2218 we-

110 2246 182 2282 que
212 2235 262 2273 ab
292 2246 338 2274 ea
367 2238 412 2274 ut
439 2246 569 2274 secum
606 2236 871 2274 concumberet
899 2237 1099 2284 inpetrare
1131 2237 1323 2283 potuisset
1353 2266 1362 2275 .
1388 2264 1397 2274 .
1429 2237 1534 2275 iubet
1573 2236 1691 2276 70110-

109 2303 192 2331 rem
222 2293 378 2340 aquilae
406 2293 633 2331 simulatam
662 2304 702 2332 se
730 2295 840 2341 sequi
848 2307 863 2339 ,·
900 2295 982 2342 ipse
1018 2295 1064 2332 in
1093 2294 1235 2332 olorem
1265 2305 1471 2332 conversus
1499 2297 1544 2333 ut
1579 2296 1691 2342 aqui-

110 2349 191 2394 lam
224 2349 382 2399 fuyiens
418 2351 471 2389 ad
510 2349 699 2389 Nemesin
729 2350 904 2400 confuyit
935 2381 943 2390 .
969 2380 978 2389 .
1002 2380 1011 2389 .
1043 2363 1163 2399 quam
1201 2351 1455 2390 dormientem
1490 2353 1691 2400 oppressit.

110 2406 288 2446 Nemesis
317 2410 449 2446 autem
481 2437 489 2446 .
514 2440 522 2448 .
553 2419 668 2446 ovum
690 2410 925 2457 procreavit,
959 2409 1062 2456 quod
1090 2408 1317 2447 Mercurius
1347 2408 1534 2455 auferens
1554 2409 1690 2447 detulit

109 2463 298 2512 Spartam
327 2468 362 2504 et
381 2465 516 2504 Ledae
543 2465 693 2506 sedenti
721 2467 766 2504 in
793 2468 988 2516 yremiam
1014 2467 1188 2514 proiecit.
1226 2478 1271 2504 ex
1296 2478 1370 2513 quo
1400 2467 1582 2505 wascum
1610 2467 1690 2505 Hc-

52 2563 55 2566 ,
110 2521 209 2560 lena.
256 2521 445 2572 Apollod.
478 2523 522 2570 3,
559 2524 631 2570 10,
666 2524 702 2562 7.
748 2523 796 2561 cf.
837 2523 1035 2562 Welcker.
1076 2522 1188 2573 Cycl.
1226 2536 1289 2572 ep.
1328 2522 1370 2560 II
1403 2524 1552 2573 130sq.
1600 2536 1690 2562 cum

111 2580 246 2617 autem
265 2578 462 2618 Periclem
486 2579 565 2620 hac
595 2579 733 2618 fabula
753 2580 926 2619 maxime
957 2580 1205 2631 exagitatum
1237 2593 1322 2619 esse
1343 2580 1546 2619 Plutarchi
1578 2581 1689 2620 testi-

110 2636 244 2675 monio
285 2635 352 2687 (fr.
388 2633 488 2690 111)
529 2639 704 2683 constet,
744 2638 1009 2687 probabiliter
1044 2637 1241 2688 Bergkius
1282 2633 1348 2690 (R.
1388 2650 1420 2676 0.
1460 2638 1550 2676 Att.
1589 2635 1689 2688 130)

113 2695 239 2732 totam
272 2694 518 2733 comoediam
551 2709 573 2734 a
605 2694 770 2734 Cratino
801 2695 991 2735 adversus
1013 2694 1209 2733 Periclem
1241 2694 1431 2744 scriptam
1453 2695 1576 2734 fuisse
1599 2709 1688 2735 con-

110 2750 217 2792 iecit.
248 2751 410 2790 videtur
439 2752 565 2803 igitur
584 2753 692 2792 Iovis
722 2753 886 2791 nomine
907 2752 1102 2804 Pericles,
1133 2752 1315 2791 Nemesis
1336 2753 1498 2791 nomine
1517 2753 1690 2803 Aspasia

112 2807 341 2858 significari.
373 2809 479 2848 bello
509 2810 850 2860 Peloponnesiaco
881 2810 961 2848 iam
994 2811 1132 2848 exorto
1173 2809 1364 2859 scriptam
1402 2822 1487 2849 esse
1526 2823 1688 2849 consen-

113 2866 276 2903 taneum
314 2867 376 2905 est
411 2867 515 2906 conl.
556 2868 607 2907 fr.
642 2869 734 2906 110.
771 2869 863 2906 112.
906 2865 972 2917 (cf.
1005 2867 1127 2905 etiam
1165 2866 1433 2906 Wilamowitz
1473 2866 1568 2906 Obs.
1601 2868 1687 2906 crit.

114 2923 181 2961 28.
215 2921 271 2973 9).
309 2936 552 2974 quamquam
590 2938 692 2975 quae
729 2925 786 2963 ibi
826 2925 873 2963 de
914 2924 1058 2973 Sparta
1089 2924 1295 2973 dicuntur,
1335 2937 1417 2963 non
1447 2925 1505 2963 ita
1534 2925 1689 2964 intelle-
