1872 3224
213 211 299 253 560
798 211 1186 245 ΑΡΙΣΤΟΦΑΝΟΤΣ

962 313 1047 355 684

489 390 591 434 ἀλλ’
625 384 659 434 ὦ
692 391 892 447 Δελφῶν
922 394 1134 443 πλείστας
1164 391 1347 437 ἀκονῶν

493 462 633 515 Φοῖβε
662 462 883 516 μαχαίρας

490 528 565 571 καὶ
596 529 922 585 προδιδάσκων
950 526 1056 579 τούς
1085 528 1196 580 σούς
1225 531 1488 585 προπόλους

327 613 559 652 Athenaeus
590 614 630 661 4,
665 613 782 651 173d
814 608 1104 663 Ἀριστοφάνης
1142 611 1220 665 ἔφη
1249 615 1332 652 κτλ.
1365 645 1374 654 .
1407 644 1416 652 .
1450 645 1460 654 .
1491 610 1789 654 ἐπισκώπτουσι

212 669 287 723 γὰρ
319 702 328 709 .
362 700 371 709 .
404 662 494 716 τοὺς
527 666 712 718 Δελφοὺς
746 665 799 716 ὡς
829 667 920 722 περὶ
952 669 1021 717 τὰς
1060 669 1212 717 θυσίας
1248 669 1316 710 καὶ
1354 668 1424 719 τὰς
1459 670 1606 719 θοίνας
1637 671 1787 725 διατρί-

214 729 375 780 βοντας.
409 728 460 767 ef.
492 727 679 767 Eustath.
716 727 838 775 1560,
864 729 928 767 16.
961 728 1011 766 ad
1041 727 1346 768 Aeolosiconem
1375 729 1500 769 refert
1528 725 1738 782 Bergkius.

961 861 1048 905 685

488 940 728 984 διάλεκτον
757 942 917 996 ἔχοντα
946 940 1089 996 μέσην
1118 942 1292 993 πόλεως

488 1008 588 1053 οὔτ’
619 1008 804 1052 ἀστείαν
834 1006 1184 1066 ὑποθηλυτέραν

488 1076 585 1122 οὔτ’
619 1078 931 1134 ἀνελεύθερον
961 1077 1355 1135 ὑπαγροικοτέραν

329 1163 472 1203 Sextus
503 1163 656 1213 Empir.
689 1163 795 1202 Adv.
827 1166 1027 1214 grammat
1059 1165 1095 1211 1,
1121 1165 1173 1203 10
1193 1177 1233 1213 p.
1257 1164 1339 1203 264
1369 1161 1514 1210 πολλαὶἼ
1535 1161 1632 1216 γάρ,
1665 1163 1791 1215 φασίν

214 1220 272 1270 (οἱ
297 1216 595 1274 γραμματικοί),
626 1218 702 1259 εἰσὶ
731 1218 971 1271 συνήθειαι,
1006 1217 1074 1258 καὶ
1102 1217 1201 1271 άλλη
1237 1217 1313 1271 μὲν
1337 1215 1583 1273 Ἀθηναίων,
1611 1218 1713 1274 άλλη
1743 1219 1815 1262 δὲ.

214 1276 563 1329 Λακεδαιμονίων.
620 1275 688 1316 καὶ
724 1275 847 1316 πάλιν
883 1273 1116 1328 Ἀθηναίων
1161 1274 1410 1330 διαφέρουσα
1447 1275 1522 1325 μὲν
1560 1275 1586 1330 ἡ
1626 1275 1789 1331 παλαιά,

215 1333 481 1386 ἐξηλλαγμένη
511 1331 556 1372 δὲ
585 1330 610 1385 ἡ
633 1339 724 1374 νῦν.
773 1332 840 1372 καὶ
870 1330 942 1385 οὐχ
972 1330 997 1385 ἡ
1029 1330 1132 1385 αὐτὴ
1161 1331 1236 1386 μὲν
1257 1339 1338 1374 τῶν
1367 1328 1468 1374 κατὰ
1487 1333 1561 1387 τὴν
1580 1332 1791 1389 ἀγριῃίαν

212 1389 237 1443 ἡ
271 1388 374 1442 αὐτὴ
405 1389 450 1430 δὲ
489 1397 569 1430 τῶν
600 1389 644 1430 ἕν
679 1389 791 1432 ἄστει
829 1389 1129 1443 διατριβόντων.
1179 1389 1283 1444 παρὸ
1319 1390 1387 1430 καὶ
1427 1389 1449 1442 ᾇ
1479 1391 1653 1445 κωμικὸς
1686 1391 1791 1446 λέγει

212 1445 501 1501 Ἀριστοφάνης
547 1451 628 1489 κτλ,
687 1463 768 1489 non
808 1449 1059 1500 neglegenda
1103 1450 1253 1500 dactyli
1296 1462 1386 1489 cum
1430 1453 1647 1501 anapaesto
1696 1463 1788 1491 con-

216 1508 365 1546 iunctio
396 1521 435 1548 v,
467 1508 506 1546 3.

964 1594 1049 1637 686

491 1671 571 1716 τὸν
602 1673 836 1729 σαπέρδην
868 1671 1076 1718 ἀποτῖλαι
1106 1671 1189 1731 χρὴ

489 1737 590 1799 κᾷτ’
624 1743 850 1785 ε’κπλῦναι
880 1743 956 1785 καὶ
987 1744 1250 1786 διαπλῦναι.

330 1827 477 1866 Pollux
508 1828 547 1875 6,
578 1827 633 1865 49
662 1823 953 1878 Ἀριστοφάνης
982 1828 1066 1866 κτλ.

964 1949 1047 1992 687

490 2030 672 2085 χορδαί,
705 2032 903 2085 φῦσκαι,
935 2030 1124 2084 πασταί,
1155 2028 1318 2086 ζωμός,

490 2097 666 2153 χ’όλικες

329 2182 473 2221 Pollux
504 2182 541 2229 6,
567 2182 620 2221 56
651 2179 798 2220 πασταὶ
829 2179 874 2220 δέ
903 2181 976 2221 εἰσι
1007 2174 1131 2233 ζωμὸς
1160 2177 1341 2232 ἀλφίτων
1371 2213 1381 2221 .
1416 2217 1424 2225 .
1459 2213 1469 2222 .
1498 2179 1788 2235 Ἀριστοφάνης

215 2236 261 2277 δέ
291 2250 391 2290 φησι
420 2239 502 2277 κτλ.
534 2239 704 2278 fortasse
735 2240 868 2278 omnia
898 2240 1090 2279 continua
1119 2240 1329 2280 scribenda
1357 2242 1403 2279 ut
1431 2253 1526 2290 pars
1547 2241 1786 2282 tetrametri.

963 2362 1047 2405 688

424 2442 474 2484 ἐν
504 2442 555 2484 δὲ
586 2443 819 2491 Κλεωναῖς
849 2438 993 2493 ὀξίδες
1023 2442 1154 2484 εἰσίν.

330 2526 563 2564 Athenaeus
595 2526 632 2573 2,
664 2525 754 2564 67d
789 2520 1029 2576 μνημονεύει
1065 2522 1111 2564 δέ
1146 2538 1226 2563 που
1255 2521 1583 2591 (Ἀριστοφάνης)
1619 2522 1687 2564 καὶ
1715 2530 1787 2564 τοῦ
1826 2544 1831 2558 ·

217 2580 259 2620 ἐκ
291 2583 493 2621 Κλεωνῶν
521 2579 641 2630 ὄξους
672 2578 728 2630 ὦς
758 2580 978 2635 διαφόρου·
1018 2580 1063 2620 ἐν
1092 2578 1137 2620 δὲ
1174 2583 1258 2622 κτλ.
1316 2581 1445 2630 οξίδες
1474 2580 1665 2634 casaub]
1698 2578 1786 2630 ὀξύ-

216 2638 317 2685 τιδες
348 2640 432 2681 VL.
482 2635 648 2689 ὀξίτιδες
679 2641 727 2680 Β.

964 2727 1048 2770 689

421 2808 762 2863 εἰκοβολοῦντες
791 2807 866 2851 καὶ
896 2805 1167 2856 πλάττοντες

332 2891 476 2932 Pollux
496 2894 535 2942 9,
562 2894 641 2931 154
669 2889 982 2945 Ἀριστοφάνους
1014 2888 1194 2938 εἰπόντος
1224 2891 1305 2930 κτλ.
1337 2890 1506 2930 Bekker.
1538 2890 1690 2931 Anecd.
1713 2891 1779 2941 39,
