1872 3224
627 199 951 235 ΚΡΑΠΑΤΑΛΟῙ
991 200 1151 235 AHPOI
1607 202 1688 245 173

137 306 286 356 .,320
320 305 360 344 2.
419 303 538 347 Phot.
572 299 812 358 ὄχθοίβους·
853 303 932 344 ἔστι
964 303 1013 346 δὲ
1042 305 1132 360 περὶ
1161 301 1205 346 τὸ
1225 309 1389 374 στῆθος
1421 312 1493 347 τοῦ
1523 312 1688 359 χιτῶνος

55 359 286 421 ὁὲουργὲς
323 357 580 416 πρόσραμμα.
641 363 816 415 Hesych.
863 361 1067 418 ὄχθοιβοι·
1118 360 1353 419 περιάπτειν
1391 361 1689 419 (περιρραπτειν

141 420 372 473 .8011.*1111(11;)
404 418 494 460 τινὰ
526 418 698 460 εἰώθασι
728 419 819 474 περὶ
848 420 941 470 τοὺς
963 427 1149 475 χιτῶνας,
1180 420 1208 461 ἁ
1229 426 1424 463 καλοῦσιν
1447 420 1685 476 ὀχθοίβους·

21 503 28 535 j
68 477 177 521 3ζέὢῖ
201 477 251 519 δὲ
277 476 324 518 τὰ
355 475 547 532 λεγόμενα
577 472 753 530 λῶματα.
812 480 949 531 Etym.
979 494 1033 520 m.
1067 483 1170 529 311,
1205 483 1229 520 4
1263 477 1515 546 ε’γκόμβωμα·
1547 478 1567 520 ὁ
1599 481 1687 520 δεσ-

46 536 173 592 ’μὺς
201 541 284 578 τῶν
311 535 514 589 χειρίδων,
536 533 558 575 ὃ
579 533 733 589 λέγεται
763 533 863 589 παρ’
893 533 1129 588 Ἀθηναίοις
1161 536 1363 592 ὄχθοιβος,
1389 531 1470 578 ὑπὸ
1491 535 1536 578 δὲ
1555 536 1690 578 ἄλλων

52 593 299 658 :mocfffassm
355 595 405 637 ef.
440 596 536 644 570,
570 596 637 634 53.
673 596 770 640 645,
803 596 871 634 22.
905 595 950 637 O.
982 596 1014 635 Ι.
1046 596 1067 635 Ι
1100 597 1195 648 150,
1229 598 1284 637 50
1315 612 1355 648 p.
1389 599 1469 637 237
1503 594 1586 650 (Ol.
1621 598 1687 646 95,

52 652 142 707 3)
173 650 219 694 ἓν
247 647 304 724 τῷ
334 651 509 706 κιβωτίῳ
548 649 609 691 ἔνι
639 649 900 705 ἐγκυλιόμενα
933 683 942 693 .
973 683 981 691 .
1015 684 1023 692 .
1058 650 1249 704 ὅχθοιβος
1287 653 1430 707 χρυσία
1469 652 1579 706 ἔχων
1608 652 1687 693 δώ-

28 713 47 750 i
93 711 216 752 δέκα·
249 708 380 764 ετερος
411 707 602 763 ὄχθοιβος
633 709 778 763 χρυσία
810 707 912 761 έχων
936 711 1006 748 AI
1008 711 1045 749 l
1078 709 1270 764 ὄχθοιβος
1301 711 1443 765 χρυσία
1466 725 1566 763 εχων
1591 712 1688 751 ΓΙΙ.

23 773 65 801 i
95 767 258 823 χρυσία
289 771 384 810 sunt
412 781 561 820 parvae
592 782 640 808 ex
670 781 766 808 auro
797 769 969 808 laminae
1000 769 1065 809 vel
1094 769 1310 809 bracteae&
1341 770 1518 809 Boeokh.
1676 788 1680 792 ·

856 904 934 947 101

430 986 568 1042 ἔστην
599 985 650 1029 δὲ
680 983 953 1029 κάκέλευον·
989 985 1211 1041 ἐγχέασθε
1242 987 1339 1042 νῷν

429 1055 694 1112 βρένθειον,
726 1054 804 1098 ἵνα
835 1061 928 1105 τοῖς
960 1054 1186 1098 εἰσιοῦσιν
1219 1054 1372 1110 ἐγχέω.

14 1167 17 1169 —
212 1139 443 1181 Athenaeus
491 1142 562 1190 15,
611 1141 694 1180 690
711 1140 737 1179 d
781 1137 978 1192 βρενθίου
1025 1135 1069 1177 δὲ
1114 1136 1244 1192 μύρου
1285 1134 1526 1190 μνημονεύει
1566 1137 1690 1191 Φερε-

3 1211 10 1231 1
147 1213 246 1251 ατης
285 1196 329 1238 ἐν
365 1197 523 1252 Λήροις
569 1194 697 1245 οὕτως
746 1199 829 1237 κτλ.
897 1193 1087 1249 ἐγχέασθε
1127 1219 1182 1225 --
1221 1193 1438 1268 βρένθειον
1476 1218 1528 1224 ——
1570 1193 1691 1248 ἐγχέω

0 1254 17 1368 ἓ
96 1213 297 1310 ffeinek]
337 1253 553 1310 ἕγχέασθαι
594 1279 645 1284 -
685 1251 816 1307 μύρον
853 1252 1052 1307 βρένθιον
1088 1277 1145 1283 -
1183 1251 1309 1324 ἐγχέῃ,
1376 1253 1568 1293 εἰσιοῦσιν
1606 1253 1690 1293 eod.

98 1315 222 1356 Mare
253 1313 328 1370 (A)
352 1315 493 1357 Cobet.
515 1314 627 1355 Orat.
654 1310 752 1366 127]
786 1311 930 1352 ἰοῦσιν.
991 1308 1110 1364 ἐγχέω
1135 1315 1228 1363 post
1248 1309 1441 1365 ἐγχέασθε
1463 1314 1692 1362 suspecssum

0 1369 14 1424 ξ
97 1375 174 1414 est.
237 1370 368 1426 ἐγγυῶ
403 1373 590 1412 Bothius
631 1385 682 1411 an
721 1370 889 1410 εἰσιοῦσι
926 1368 1083 1420 μεταδ
1093 1369 1141 1408 ιδ
1152 1369 1214 1409 ωῬ
1254 1371 1444 1410 audacius
1483 1369 1690 1410 Herwerd.

0 1425 7 1449 '⁸‘
97 1430 248 1472 Mnem.
279 1444 374 1472 nov.
407 1430 467 1470 VI
498 1431 550 1470 57
585 1422 794 1482 ἐγκερασαι
825 1426 956 1481 μύρον
983 1426 988 1480 Ι
1014 1423 1231 1480 βρένθειον
1260 1450 1316 1456 -
1347 1424 1489 1480 ἐγχέαι.

865 1564 946 1606 102

356 1644 438 1698 ὡς
469 1644 571 1702 οὐχὶ
602 1645 730 1689 τουτὶ
761 1644 929 1702 ῥύγχος
960 1638 1159 1700 ἀτεχνῶς
1191 1640 1291 1686 ἔσθ’
1324 1640 1417 1693 ὑός.

216 1731 450 1772 Athenaeus
482 1733 521 1781 3,
556 1729 652 1770 956
682 1727 935 1782 Φερεκράτης
967 1725 1135 1782 Λήροις.
1198 1727 1415 1767 antecessit
1453 1727 1597 1777 opinor
1634 1723 1689 1778 μὴ

99 1786 199 1843 λέγε.
261 1802 404 1830 scaena
434 1788 579 1829 similis
609 1787 773 1828 videtur
803 1787 1012 1837 Aristoph.
1046 1786 1146 1825 Aah.
1181 1787 1263 1825 768
1281 1799 1340 1835 sq.

864 1921 946 1964 103

377 2002 430 2047 τὸ
463 2001 506 2046 δ’
528 1979 687 2060 ’ὄνομα
715 2017 791 2058 μοι
822 2001 1006 2045 κάτειπέ
1037 2002 1085 2043 τί
1110 2011 1161 2044 σε
1191 2002 1382 2056 χρῆσται
1413 2001 1585 2042 καλεῖν.

220 2089 364 2129 Suidas
394 2085 487 2141 χρή·
519 2084 678 2140 λέγουσι
707 2082 753 2124 δέ
782 2099 877 2125 ποτε
906 2084 974 2125 καὶ
1004 2087 1183 2139 χρῆσθαι
1211 2081 1303 2123 ἀντὶ
1332 2088 1404 2123 τοῦ
1433 2083 1506 2123 δεῖ.
1565 2083 1693 2135 Φερε-

101 2145 251 2199 κράτης
283 2143 438 2199 Λήροις
468 2147 552 2184 κτλ.
598 2148 765 2197 χρῆσται
795 2143 844 2183 G.
877 2143 1096 2183 Hermann.
1119 2143 1254 2208 Soph.
1296 2141 1416 2182 OCol.
1460 2138 1562 2194 504]
1601 2140 1692 2193 χρῆ-

102 2207 233 2314 {ZZZ
266 2204 464 2302 ΐξηὴιὲιὲηᾷη
502 2205 584 2253 est,
625 2202 949 2254 conglutinatum
981 2215 1028 2242 ex
1059 2192 1131 2285 χρὴ
1163 2197 1285 2240 ἔσται.
1317 2200 1470 2250 Phryn.
1504 2199 1568 2239 34.
1602 2199 1692 2237 Ari-

860 2371 943 2414 104

382 2453 472 2498 απὸ
502 2452 707 2511 τηγάνου
737 2450 777 2495 τ’
809 2453 1011 2508 ἔφασκεν
1043 2448 1197 2507 ἀφύας
1228 2456 1406 2505 φαγεῖν.

220 2539 454 2580 Athenaeus
487 2540 533 2588 6,
566 2539 687 2578 2280
718 2535 894 2589 τήγανον
923 2531 964 2574 δ’
998 2533 1160 2588 είρηκεν
1197 2531 1242 2572 ἐν
1278 2530 1354 2585 μὲν
1373 2527 1549 2601 Λήροις
1568 2530 1691 2583 Φερε-

106 2595 257 2666 κρατης
288 2594 416 2644 οὕτως
446 2590 829 2641 κτλ.Ε1131;ε.1;111115
853 2594 1068 2643 1862,18.
1100 2590 1332 2631 Dindorfius
1362 2581 1499 2640 αφύας
1529 2584 1583 2627 ἂν
1613 2602 1692 2638 φα-

105 2658 206 2708 γεῖν.
239 2655 314 2695 sed·
339 2657 435 2696 sunt
462 2655 635 2694 fortasse
665 2652 895 2692 tetrametri
932 2646 1013 2689 ἀπὸ
1045 2662 1220 2702 τηγανου
1251 2644 1289 2687 τ’
1322 2645 1500 2721 εφασκεν
1525 2646 1530 2698 Ι
1557 2641 1693 2697 ἀφύας

107 2715 266 2766 φαγεῖν.
298 2713 355 2754 sic
385 2712 622 2752 Meinekius.

860 2821 949 2864 105

231 2905 439 2959 λαβοῦσα
469 2902 554 2960 μὲν
584 2904 664 2958 τῆς
692 2903 894 2958 χοίνικος
923 2895 1004 2942 τὸν
1034 2894 1237 2941 πύνὸακ’
1273 2896 1575 2951 εἰσέκρουσεν.
