1872 3224
213 199 297 241 678
601 197 669 231 AM
677 197 858 230 ΕιΨΙοΤ
897 195 1106 229 ΑΔΗΛῼΝ
1134 194 1401 230 ΔΡΑΜΑΤΩΝ

982 297 1035 339 31

419 354 574 411 ἀνήκω

326 431 537 490 Αμειψίας
575 431 664 476 ἀντὶ
703 441 774 475 τοῦ
809 433 1044 488 ἀναβέβηκα
1083 434 1150 474 καὶ
1186 434 1444 488 προελήλυθα
1481 434 1570 488 ε’φη.
1624 436 1790 477 Bekker.
1850 435 1852 437 ’

218 497 367 536 Anecd.
400 497 494 544 403,
530 497 554 534 5
586 498 626 534 et
658 495 814 535 Suidas.
859 495 927 534 sed
960 494 1105 534 Suidas
1135 489 1282 543 ἀνῆκα.

984 605 1039 648 32

425 661 594 706 ἀνίστω

336 743 425 786 ἀντὶ
456 745 526 785 τοῦ
555 742 759 785 ἀνίστασο.
799 742 925 793 οὕτως
953 741 1178 797 Ἀμειψίας.
1220 746 1391 786 Bekker.
1424 746 1576 786 Anecd.
1608 746 1707 798 405,
1741 747 1792 786 15

226 807 267 844 et
298 805 440 844 Suidas
470 800 626 855 ἀνίστη.

985 892 1041 934 33

426 947 793 992 ἆποσέσυκασται

334 1030 578 1085 τετρύγηται.
623 1028 849 1083 Ἀμειψίας.
904 1031 1073 1072 Bekker.
1106 1031 1256 1071 Aneod
1289 1032 1392 1081 435,
1426 1034 1465 1071 9.
1513 1031 1648 1097 paullo
1679 1032 1796 1072 aliter

217 1091 446 1199 ξὲζξιένῗὲ.
479 1090 573 1142 125,
594 1090 646 1128 49
679 1092 720 1129 et
750 1089 925 1140 Hesych.
958 1084 1299 1128 ἇποσεσύκασται·
1332 1083 1378 1127 τὰ
1409 1093 1515 1128 σῦκα
1544 1082 1796 1142 ἀποβέβληκε

554 1291 563 1303 Ι
986 1234 1042 1276 34

424 1307 653 1347 νεογυνην

335 1373 407 1414 τὸν
437 1373 633 1427 νεόγαμον
660 1371 871 1426 Ἀμειψίας
901 1370 1097 1427 ὠνόμασε.
1129 1375 1275 1415 Pollux
1305 1377 1342 1425 3,
1376 1376 1444 1414 48.

987 1487 1043 1529 35

427 1541 645 1599 ὀρίγανον

337 1623 553 1679 οὐδετέρως
579 1623 819 1678 Ἐπίχαρμος
849 1625 916 1666 καὶ
942 1623 1166 1678 Ἀμειψίας.
1217 1627 1446 1667 Athenaeus
1479 1628 1517 1675 2,
1552 1627 1655 1667 68b.

990 1738 1046 1780 36
1597 1713 1600 1717 ’

428 1792 675 1851 ὀφρυάζειν

338 1874 359 1916 ὁ
390 1875 564 1930 κωμικὸς
591 1874 801 1929 Ἀμειψίας
834 1875 876 1917 τὸ
909 1875 1044 1917 νεύειν
1074 1876 1222 1930 εἴρηκε.
1264 1878 1407 1918 Pollux
1440 1880 1479 1928 2,
1511 1881 1577 1919 50.
1625 1879 1672 1920 cf.
1701 1879 1798 1918 Por-

224 1949 308 1975 son.
334 1936 503 1976 Advers.
527 1937 622 1976 285.
656 1935 878 1987 Hesychius
900 1931 1108 1988 ὀφρυοὲζει·
1133 1939 1218 1983 ταῖς
1239 1932 1390 1987 ὀφρύσι
1410 1935 1531 1976 νεύει.
1564 1937 1682 1976 aliter
1697 1936 1798 1976 Pho-

222 1995 303 2033 tius
334 1989 570 2045 ὀφρυάζειν
603 1990 647 2031 τὸ
678 1991 870 2045 συναγειν
890 1990 960 2040 τὰς
982 1989 1121 2045 ὀφρῦς.
1163 2007 1209 2033 ac
1240 2007 1329 2032 cum
1361 1994 1502 2033 Pollux
1526 1994 1566 2044 2,
1587 1994 1641 2032 49
1672 1993 1796 2032 inter-

225 2053 407 2100 pretetm
435 2047 504 2097 τὰς
525 2046 654 2103 ὀφρῦς
682 2049 871 2103 συνάγων
901 2046 921 2090 ὁ
951 2048 1202 2102 φροντιστής,
1230 2051 1475 2090 Fritzsehius
1499 2049 1544 2097 Q.
1566 2050 1691 2090 Arist.
1716 2050 1797 2090 256

225 2108 275 2146 ad
310 2107 492 2147 Gonnum
522 2108 596 2147 hoc
626 2109 897 2159 fragmentum
927 2108 1096 2156 rettulit,
1130 2108 1358 2148 coniectura
1387 2108 1600 2147 admodum
1631 2108 1798 2147 incerta.

991 2220 1045 2262 37

432 2275 592 2326 σκότος
621 2276 690 2318 καὶ
720 2275 887 2319 σκότον

342 2355 547 2411 ἑκατέρως,
599 2356 728 2406 οὕτως
764 2355 985 2410 Ἀμειψίας.
1030 2359 1210 2399 Photius.
1257 2348 1534 2399 axdvov'casu
1570 2359 1797 2400 accusativo

230 2416 430 2466 Amipsias
460 2417 623 2457 videtur
653 2417 811 2456 dixisse.
863 2417 985 2467 Soph.
1019 2415 1100 2458 OC.
1137 2418 1230 2456 106.

991 2527 1047 2570 38

434 2585 838 2640 στρωματόδεσμον

346 2664 413 2705 καὶ
443 2663 661 2718 ἀρρενικῶς
691 2665 759 2706 καὶ
788 2659 1015 2718 ουδετέρως.
1051 2663 1275 2717 Ἀμειψίας.
1314 2666 1485 2706 Bekker
1518 2667 1669 2706 Anecd.
1705 2668 1796 2716 113,

233 2724 301 2762 26.
348 2724 500 2787 Phryn.
537 2725 647 2776 Epit.
678 2725 759 2764 401
798 2722 1145 2776 στρωματόδεσμος
1181 2720 1348 2774 ἀρχαῖον
1383 2721 1450 2762 καὶ
1487 2721 1663 2775 δόκιμον.
1715 2720 1800 2776 λέγε

230 2773 307 2819 οὖν
337 2773 556 2832 ἆρσενικως
588 2796 670 2820 και-
685 2778 913 2833 οὐδετέρως
963 2781 1033 2820 ubi
1064 2781 1111 2819 cf.
1142 2780 1315 2819 Lobeck.
