1872 3224
602 235 876 271 ΘΗΣΑΤΡΟΣ
901 254 944 261 -
970 235 1165 271 ΠΑΙΔΙΑΙ
1606 236 1684 279 137

866 363 920 406 21

298 441 323 487 ὁ
353 444 503 500 μῦθος
533 441 741 486 ἀπώλετο

187 526 371 600 Κράτης
402 526 559 596 Λαμίᾳ.
593 527 868 567 Schol.P1at.
904 529 986 567 382
1025 529 1151 570 Bekk.
1184 529 1463 594 Greg.Cyp1-.
1495 529 1609 568 Leid.
1640 530 1680 581 2,

7 599 10 601 ’
91 588 150 629 90
179 583 202 628 ὃ
231 588 368 640 μῦθος
397 581 599 625 ἀπώλετο·
634 581 698 624 ἐπὶ
728 584 810 624 τῶν
839 583 916 637 τὴν
946 584 1143 657 διήγησιν
1163 580 1218 638 μὴ
1249 583 1314 625 ἐπὶ
1343 583 1467 639 πέρας
1487 582 1685 651 ἆγόντων.

32 651 48 682 Σ
91 647 232 687 eontra
262 646 314 686 91
348 639 473 698 τούτῳ
504 649 558 699 τῷ
587 641 692 698 λόγῳ
723 642 896 696 χρῶνται
917 643 959 683 οἱ
985 641 1163 696 λέγοντές
1195 658 1231 683 τι
1251 641 1351 697 πρὸς
1374 641 1467 691 τοὺς
1487 636 1541 696 μὴ
1561 655 1684 695 προσ-

30 702 57 729 ³
91 700 267 756 ἔχοντας.
310 703 361 742 de
400 684 541 742 altera
568 702 906 753 interpretatione
943 702 1680 751 cf.Sch01.Plat.Theaet.164d‚

31 774 40 777 “
87 762 142 803 de
172 761 301 802 altera
331 760 1338 812 Sch01.P1at.Phileb.14e.Reip.10‚621b

761 909 1010 944 METOIKOI

148 995 155 1000 “
205 993 438 1034 Pherecrati
468 993 633 1033 ‘rectius
665 993 873 1045 adsignari
903 992 1066 1032 videtur
1095 992 1146 1032 ab
1177 992 1368 1045 Apollon.
1401 992 1485 1032 404
1496 992 1553 1034 b’.
1586 993 1684 1032 Mei·

91 1053 187 1094 nek.
218 1053 238 1093 I
270 1052 338 1092 64.
371 1052 414 1091 at
443 1051 495 1092 cf.
526 1051 650 1091 etiam
681 1051 701 1091 I
732 1053 799 1091 62.
834 1053 901 1092 70.
937 1051 1032 1090 175.

865 1175 923 1219 22

299 1235 623 1290 λιποπωγωνία

207 1319 390 1371 Etymol.
421 1332 474 1361 m.
509 1319 607 1367 698,
640 1320 664 1358 9
703 1315 991 1371 πωγωνιήτης·
1030 1315 1181 1370 πώγων
1209 1315 1417 1370 πώγωνος
1435 1315 1683 1369 πωγωνίτης.

92 1375 256 1430 λέγουσι
285 1373 330 1416 δέ
360 1390 465 1423 τινες
495 1373 557 1416 ὅτι
585 1369 667 1415 ἀπὸ
704 1381 787 1417 τῶν
824 1375 880 1424 εἰς
921 1391 980 1416 ων
1015 1373 1224 1429 ληγόντων
1259 1371 1333 1414 οὐκ
1371 1372 1449 1426 ἔχει
1478 1371 1686 1427 γεγονέναι

91 1434 297 1500 πωγωνιά.
356 1432 518 1492 Κράτης
562 1438 665 1487 γοῦν
710 1430 770 1489 (δ’
811 1427 907 1488 οὖν)
947 1432 992 1474 ἐν
1031 1432 1251 1480 Μετοίκοις
1296 1430 1685 1484 λειποπωγωνία

11 1522 14 1523 ⁷
91 1491 183 1545 ἔφη.
215 1487 388 1533 δύναται
418 1493 495 1532 οὐν
523 1490 660 1545 ω’σπερ
690 1491 796 1533 οἰκία
827 1489 1029 1545 οἰκιάτης,
1061 1489 1166 1532 οὕτω
1197 1489 1389 1543 πωγωνία
1419 1485 1683 1543 πωγωνιοὶτης

91 1550 161 1592 καὶ
188 1546 459 1619 ,πωγωνιήτης
496 1547 703 1603 γενέσθαι.
763 1550 1046 1604 λιποπωγωνία
1086 1550 1279 1602 Sylburg.
1321 1549 1516 1589 ‘iambico
1554 1549 1684 1588 metro

91 1610 221 1664 magis
252 1610 444 1662 congruit
474 1610 605 1661 prima
635 1611 852 1662 correpta.'

778 1757 1001 1794 ΟΡΝΙΘΕΣ

208 1831 381 1871 Meinek.
413 1831 434 1870 I
465 1830 531 1871 64.
561 1830 756 1870 Fritzsch.
788 1830 848 1870 De
868 1842 1027 1882 parops.
1063 1830 1128 1870 11.
1161 1828 1387 1880 fragmenta
1406 1840 1489 1867 non
1510 1828 1684 1867 exstant.

757 1977 984 2012 ΠΑΙΔΙΑΙ

212 2063 356 2103 Pollux
389 2062 546 2128 9,114
577 2057 740 2126 Κράτης
771 2059 816 2101 ἐν
847 2059 1063 2108 Παιδιαῖς·
1095 2056 1239 2111 σχεδὸν
1267 2055 1313 2098 δὲ
1342 2056 1433 2110 περὶ
1469 2056 1549 2112 τῷν
1577 2055 1685 2096 πλεί-

98 2131 204 2160 στων
233 2116 450 2175 (παιὸιων)
482 2112 504 2158 ὁ
533 2112 703 2171 ποιητὴς
732 2118 895 2172 εἴρηκεν
924 2111 1042 2166 ουτος
1081 2115 1125 2157 ἕν
1155 2116 1254 2172 τῷδε
1286 2115 1339 2171 τῷ
1369 2113 1552 2168 δράματι.
1594 2115 1684 2154 oho-

97 2181 233 2218 reutas
263 2179 376 2219 vaxia
403 2178 592 2218 ludorum
623 2191 772 2229 genera
802 2178 934 2228 speeie
965 2179 1006 2216 et
1032 2176 1315 2216 instrumentis
1342 2173 1508 2214 ludendi
1528 2185 1685 2224 reprae-

96 2237 320 2276 sentavisse
351 2236 540 2288 opinatur
567 2236 718 2288 Bergk.
750 2236 797 2275 R.
830 2248 862 2277 c.
894 2235 984 2274 Att.
1019 2234 1116 2274 131.

869 2358 925 2401 23

1096 2416 1203 2458 παί-

509 2489 603 2540 ζειν
634 2483 676 2528 δ’
713 2483 1032 2540 ἐν·οὲνδρικοῖς
1060 2491 1238 2540 χοροῖσι

509 2553 595 2611 τὴν
625 2552 881 2611 κυνητίνδ’,
913 2551 1069 2611 ὥσπερ
1102 2552 1236 2608 εἰκός,

511 2622 618 2675 τοὺς
648 2623 817 2675 καλοὺς
847 2619 1030 2680 φιλοῦσ’
1070 2619 1151 2665 ἀεί.

212 2721 358 2761 Pollux
380 2721 523 2770 9,114
552 2716 578 2771 ἡ
600 2716 645 2759 δὲ
665 2718 890 2770 κυνητίνδα
909 2715 990 2758 ἀπὸ
1011 2722 1082 2757 τοῦ
1102 2719 1263 2766 κυνεῖν,
1287 2713 1310 2756 ‘o'
1331 2713 1414 2756 ἔστι
1433 2718 1683 2766 καταφιλεῖν,

98 2774 393 2830 ὠνόμασται..
411 2775 603 2844 ,Κράτης
625 2775 671 2817 ἐν
692 2776 897 2824 Παιδιαῖς.
939 2771 1106 2826 φιλοῦσ’
1129 2771 1194 2814 dec
1212 2775 1384 2814 Meinek.
1390 2772 1408 2827 ]
1431 2775 1606 2824 φιλοῦσα
1627 2770 1683 2812 δέ.

99 2838 253 2876 mutato
275 2838 427 2888 χοροῖσι
456 2837 498 2876 in
528 2838 660 2888 χοροῖς
693 2835 846 2875 etiam
835 2848 879 2874 m
898 2835 1155 2874 tetrametros
1175 2833 1273 2872 haec
1291 2845 1408 2883 posse
1431 2833 1559 2883 digeri
1579 2832 1683 2870 idem

101 2894 260 2933 monuit
289 2894 465 2933 Meinek.
515 2895 695 2934 ceterum
725 2892 925 2944 quomodo
955 2892 1100 2931 mulier
1129 2892 1171 2930 in
1200 2891 1381 2930 virilibus
1418 2890 1551 2929 choris
1581 2889 1680 2927 ludi-

100 2951 240 2996 bunda
264 2951 553 3002 pulcherrimos
582 2963 761 3002 quosque
792 2949 1016 2991 exosculari
1046 2948 1236 3000 potuerit,
1268 2960 1350 2988 non
1380 2948 1476 2989 satis
1506 2947 1646 2998 liquet.
