1872 3224
221 189 304 231 638
870 186 1144 221 ΠΛΑΤῼΝΟΣ

335 294 571 334 Eustathius
606 293 730 344 1043,
763 293 815 331 32
849 291 1087 339 Παυσανίας
1119 288 1164 330 δὲ
1194 289 1366 343 παράγει
1404 289 1471 331 καὶ
1509 289 1668 343 χρήσεις
1709 289 1799 345 (τοῦ
1869 283 1872 298 ⁵

221 347 423 403 ἠδέσθην)
452 347 666 396 τοιαύτας.
729 347 905 388 Πλάτων
950 350 1134 403 Σοφιστῇ
1179 351 1261 388 κτλ.
1300 350 1468 389 Bekker.
1511 349 1663 390 Anecd.
1700 350 1799 400 424,
1869 358 1872 395 j

224 410 277 447 24
307 405 540 457 ἆπηδέσθη·
574 403 813 458 άπεβρώθη,
861 407 1002 446 dubito
1034 407 1082 445 de
1120 407 1427 457 praepositione·
1456 403 1505 445 ἐν>
1539 409 1579 445 et.
1617 405 1666 446 de
1702 419 1799 458 pro-

223 466 356 504 sodia:
390 465 587 514 siquidem
618 464 725 514 apud
765 464 936 503 comicos
974 466 1082 503 certe
1122 465 1271 503 vocalis
1302 465 1437 504 brevis
1477 465 1570 503 ante
1609 476 1748 504 vocem
1776 478 1801 504 a

222 537 244 575 ρ
274 522 534 571 incipientem
575 534 731 571 semper
768 521 1018 572 producitur.
1080 521 1249 560 fortasse
1289 521 1415 572 igitur
1452 522 1544 572 post
1582 516 1800 573 ἆπηδέσθη

221 580 286 620 vel
317 579 475 630 syllaba
503 579 569 618 vel
598 579 766 618 verbum
797 578 958 620 excidit.

971 689 1052 733 139

338 774 470 813 Schol.
510 774 718 823 Aristoph.
749 772 871 823 Vesp.
918 773 996 812 157
1037 771 1410 825 Δρακοντίδης·
1469 769 1644 825 πονηρὸς
1675 765 1790 820 οὗτος

220 830 288 870 καὶ
317 830 518 877 πλείσταις
550 829 782 876 καταδίκαις
815 827 1061 884 ἐνεχόμενος,
1083 826 1137 877 ὦς
1165 828 1336 869 Πλάτων
1369 831 1600 879 Σοφισταῖς.
1634 830 1683 869 ad
1706 843 1796 870 eum

222 889 397 928 Cobetus
430 887 526 928 Obs.
558 889 647 927 orit.
683 889 762 926 186
793 888 995 938 pertinere
1034 890 1169 927 censet
1199 888 1302 927 Plat.
1336 888 1447 937 Reip.
1481 888 1527 936 8,
1559 888 1678 926 558a
1707 884 1799 927 οὔτε

222 947 498 997 φροντίζοντος
529 943 621 984 οὔτε
651 941 821 997 ὁρῶντος
852 940 1019 991 οὐδενὸς
1049 947 1280 997 περινοστεῖ
1303 942 1436 996 ὥσπερ
1466 941 1585 996 ἥρως.

973 1079 1054 1121 140

339 1164 469 1203 Schol.
501 1163 712 1213 Aristoph.
744 1162 851 1202 Nub.
884 1163 964 1201 331
997 1165 1039 1201 et
1082 1162 1226 1202 Suidas
1265 1147 1476 1231 σοφιστής·
1515 1159 1690 1201 Πλάτων
1726 1159 1801 1228 γὰρ

222 1215 298 1260 οὖν
329 1217 349 1260 ὁ
380 1218 552 1272 κωμικὸς
593 1217 636 1258 ἐν
674 1217 846 1272 δράματι
882 1220 1101 1269 Σοφισταῖς
1138 1216 1206 1258 καὶ
1245 1216 1314 1258 τὸν
1348 1215 1586 1258 Ὀπούντιον
1623 1211 1802 1270 αὐλητὴν

222 1276 411 1332 (ποιητὴν
441 1274 574 1331 Suid.)
605 1276 933 1328 Βακχυλίδην
962 1276 1019 1324 εἰς
1050 1274 1225 1328 τοῦνομα
1255 1273 1440 1325 κατέταξε
1471 1281 1553 1316 των
1582 1281 1800 1327 σοφιστῶν,

224 1337 406 1377 diversus
438 1338 500 1375 est
530 1349 552 1374 a
582 1337 701 1386 poeta
730 1335 866 1386 lyrico*
886 1334 1138 1386 Bacchylide.

973 1457 1045 1499 141

337 1542 604 1592 Harpocratio
646 1542 719 1590 28,
762 1543 786 1580 3
829 1537 1087 1590 Ἀπόληξις
1133 1534 1190 1587 εἷς
1236 1545 1318 1579 τῶν
1362 1538 1388 1578 ι’
1425 1536 1713 1593 συγγραφέων,
1751 1536 1802 1580 ὃν

223 1596 396 1637 Πλάτων
435 1597 623 1652 κωμῳδεῖ
655 1595 699 1636 ἐν
742 1599 940 1652 Σοφιστῇ.
1006 1600 1251 1650 συγγραφεῖς
1296 1600 1391 1637 sunt
1434 1597 1664 1638 ‘decemviri
1709 1610 1799 1637 con-

222 1657 447 1696 stituendae
478 1656 719 1705 reipuincae
752 1655 817 1695 Ol.
851 1657 918 1704 92,
953 1657 976 1694 2
1009 1658 1168 1695 auctore
1202 1656 1396 1695 Pisandro
1428 1656 1562 1694 creati.
1615 1654 1798 1706 Thucyd.

215 1716 260 1764 8,
294 1715 360 1753 67.
393 1713 444 1752 ef.
476 1713 648 1752 Bekker.
681 1714 830 1752 Anecd.
864 1714 961 1763 301,
997 1713 1078 1752 13.'
1113 1712 1251 1753 Cobet.
1286 1711 1381 1752 Obs.
1414 1713 1502 1751 crit.
1537 1714 1630 1753 186.
1687 1711 1798 1762 Ap&

221 1773 315 1810 lewis
346 1772 482 1810 autem
522 1772 662 1820 postea
701 1770 991 1820 Antiphontem
1029 1770 1338 1820 Rhamnusium,
1377 1783 1494 1820 quem
1534 1770 1572 1808 in
1613 1769 1799 1821 quadrin-

221 1831 436 1879 gentorum
469 1827 638 1878 imperio
670 1827 951 1866 constituendo
984 1827 1211 1879 adiuverai,
1254 1827 1395 1877 capitis
1437 1828 1650 1867 accusavit.
1697 1826 1798 1866 Har-

223 1888 372 1936 pocrat.
405 1880 638 1934 στασιώτης.
672 1883 809 1924 Cobet.
845 1885 939 1924 187.

977 1995 1059 2038 142

429 2070 651 2119 ὀθόνινον
682 2074 932 2130 πρόσωπον

336 2161 481 2200 Pollux
499 2162 565 2210 10,
590 2161 669 2199 167
690 2163 772 2198 τῶν
792 2158 952 2198 σκευῶν
973 2156 1053 2197 ἐστι
1073 2156 1139 2197 καὶ
1159 2159 1408 2211 προσωπεῖον
1426 2189 1434 2198 .
1454 2187 1464 2197 .
1484 2188 1492 2198 ,
1508 2156 1576 2197 καὶ
1595 2155 1799 2210 προσωπὶς

221 2216 288 2256 καὶ
318 2213 373 2264 ὥς
405 2215 449 2256 ἐν
479 2220 560 2264 τοῖς
599 2217 823 2266 Σοφισταῖς
854 2213 1028 2255 Πλάτων
1069 2212 1136 2255 ὀθ.
1168 2229 1234 2267 πρ.
1277 2211 1472 2255 ὀθόνινον
1513 2212 1795 2267 Hoeschelius]

223 2271 417 2314 ὥθόνιον.
462 2275 667 2314 Bekkerus
698 2270 880 2313 ὀθόνιον.
918 2268 1134 2326 πρόσωπον
1163 2273 1269 2312 idem
1300 2273 1407 2323 quod
1436 2275 1699 2325 προσωπεῖον.

978 2385 1058 2427 143

430 2441 603 2497 άπαρτί

336 2522 425 2565 ἀντὶ
455 2530 528 2565 τοῦ
557 2523 648 2579 ἄρτι
685 2518 764 2564 άπὸ
800 2530 895 2565 νῦν.
935 2520 1110 2564 Πλάτων
1148 2525 1383 2575 Σοφισταῖς.
1443 2524 1614 2564 Bekker.
1644 2523 1796 2564 Anecd.

225 2585 292 2633 79,
324 2585 391 2624 30.

431 2727 725 2772 δεδειπνάναι
976 2670 1059 2713 144
1855 2660 1872 2818 ⁹}

339 2810 514 2850 Πλάτων
544 2813 776 2862 Σοφισταῖς.
808 2810 1039 2850 Athenaeus
1073 2812 1135 2858 10,
1168 2764 1296 2848 4221ἱ
1342 2809 1510 2848 Bekker.
1543 2809 1693 2848 Anecd.
1726 2809 1794 2858 89,

224 2872 277 2909 26
309 2866 588 2908 δεδειπνάναι·
622 2867 796 2907 Πλάτων
827 2869 1060 2918 Σοφισταῖς.
1092 2867 1143 2907 cf.
1173 2867 1381 2918 Hermipp.
1416 2867 1481 2906 60.
