1872 3224
641 182 902 217 nANon'rA1
954 182 1185 218 nAoTTo1
1654 183 1709 225 63

116 286 161 326 in
189 286 386 326 trimetris
418 287 560 326 comici
591 287 648 326 eis
679 288 819 327 formis
848 301 930 328 non
959 302 1032 339 pro
1072 289 1254 328 relativis
1286 290 1477 337 utuntur,
1519 289 1710 328 Cratinus

117 344 247 383 multa
265 344 388 384 habet
406 345 569 394 pristini
590 346 785 384 sermonis
803 346 981 396 propria,
999 346 1291 396 posterioribus
1308 347 1513 385 inusitata.
1536 346 1710 397 Diogen.

119 402 244 450 3,15
277 403 319 441 et
347 401 535 452 Apostol.
567 403 606 449 4,
641 403 693 441 37
733 398 938 454 αὐτόματα
971 399 1137 458 (-άτως)
1170 398 1191 441 ὃ
1220 401 1318 450 θεὸς
1359 399 1498 454 ἀνίησι
1527 398 1710 456 τάγαθά·

117 455 183 497 ἐπὶ
211 463 293 498 τῶν
322 454 591 516 ἀπραγμόνως
622 454 991 511 εὐδαιμονούντων.

863 573 956 614 4161

397 648 485 707 ἐγώ
520 651 607 708 γάρ
639 652 729 708 εἰμι
759 652 927 702 θυννὶς
956 648 984 708 ἢ
1014 650 1231 708 μελαινάς
1259 651 1291 708 ἢ

395 720 472 763 καὶ
502 720 692 776 θύννος,
727 719 895 777 ὀρφώς,
927 723 1141 777 γλαῦκος,
1174 722 1374 777 ἔγχελυς,
1409 721 1550 765 κύων.

231 817 464 856 Athenaeus
498 818 536 868 7,
568 817 694 856 303d
731 815 934 868 διίστησιν
969 810 1094 863 αὐτὰς
1135 813 1379 870 (θυννίδας)
1418 832 1500 856 των
1535 813 1711 857 θύννων

116 871 184 912 καὶ
209 869 451 926 Ἐπίχαρμος
482 871 527 913 ἐν
559 872 767 921 Μούσαις.
829 876 1025 927 Κρατῖνος
1057 871 1095 912 δ’
1130 871 1175 912 ἐν
1205 873 1406 922 Πλούτοις
1438 874 1586 926 φησίν·
1633 873 1708 926 ἐγώ

117 932 202 971 κτλ.
233 931 341 970 idem
374 932 411 980 7,
446 932 570 971 299b
601 931 671 972 καὶ
704 933 900 985 Κρατῖνος
942 929 986 971 ἐν
1016 929 1216 979 Πλούτοις
1254 930 1413 979 θύννος
1454 929 1588 984 ὀρφώς
1626 935 1707 973 κτλ.

115 986 305 1039 μελαινὰς
321 987 515 1042 Meinek]
539 989 743 1041 μελαίνας.
765 986 1008 1042 μελάνουρος
1033 990 1225 1039 Adamus,
1256 988 1483 1043 μελάνδρυς
1507 991 1709 1042 Schweig-

114 1046 248 1086 haeus.
280 1049 322 1086 at
350 1047 525 1086 nominis
555 1046 781 1100 μελάνδρυς
813 1049 956 1086 ultima
996 1048 1245 1097 producitur.
1307 1061 1396 1087 cum
1427 1061 1546 1088 nemo
1577 1049 1708 1099 possit

116 1104 245 1144 dicere
276 1117 318 1143 se
349 1117 436 1144 esse
467 1105 707 1156 thynnidem
738 1109 809 1146 aut
837 1105 1110 1144 melaenadem
1139 1108 1210 1143 aut
1241 1109 1275 1145 et
1306 1103 1390 1159 (vel
1421 1107 1557 1154 etiam)
1587 1107 1704 1157 thyn-

116 1175 226 1210 num,
260 1162 449 1212 orphum
464 1165 554 1212 cet„
589 1162 780 1203 Cratinus
811 1177 906 1212 non,
937 1165 984 1201 ut
1013 1162 1299 1212 Epicharmum
1331 1164 1429 1203 dicit
1464 1163 1707 1213 Athenaeus,

113 1219 356 1270 thynnidem
396 1233 419 1258 a
457 1220 612 1272 thynno
643 1221 807 1261 videtur
836 1220 1087 1269 distinxisse,
1128 1220 1197 1259 sed
1236 1221 1459 1260 dirimenda
1489 1221 1584 1260 haec
1615 1226 1710 1260 sunt

112 1276 192 1315 ita:
223 1277 421 1328 Κρατῖνος
452 1274 498 1316 δέ
528 1287 676 1328 φησιν·
711 1276 804 1331 ’ἐγὼ
835 1273 909 1331 γάρ
955 1276 1034 1328 εἰμι
1075 1299 1125 1305 -
1166 1274 1194 1330 ἢ
1230 1276 1420 1329 μελαινὰς
1466 1274 1492 1330 ἢ
1532 1281 1602 1306 -’
1641 1277 1708 1318 καὶ

121 1329 294 1381 εθύννος
328 1357 378 1362 -
411 1331 555 1386 κύων’,
554 1338 632 1375 ut
662 1337 741 1376 duo
774 1337 858 1376 sint
885 1336 1126 1387 fragmenta,
1158 1349 1240 1376 non
1272 1350 1412 1376 unum.

874 1447 956 1490 162

492 1526 619 1582 ἄρξει
649 1526 736 1584 γὰρ
768 1527 924 1580 αὐτοῖς
954 1530 1139 1572 διποδία
1170 1531 1336 1579 καλως.

230 1611 363 1651 Sehol
395 1611 520 1651 Arist.
553 1613 648 1663 Lys.
684 1614 793 1652 1243
825 1607 931 1661 εἶδος
961 1609 1162 1666 ὀρχήσεως
1183 1609 1208 1664 ἡ
1231 1611 1409 1663 διποδία,
1440 1628 1490 1660 vg
1542 1609 1704 1664 ε’μνηται

113 1665 181 1707 καὶ
220 1669 417 1719 Κρατῖνος
456 1666 502 1708 ε’ν
539 1665 748 1717 Πλούτοις.
810 1671 983 1723 Hesyeh.
1023 1670 1207 1710 διποδία·
1249 1666 1449 1722 ὀρχήσεως
1488 1627 1605 1718 εἶδος.
1670 1670 1712 1709 οἵ

114 1722 159 1764 δὲ
188 1720 436 1777 διποδισμός.
466 1724 577 1778 αρξει
598 1725 663 1780 R.]
697 1725 799 1780 α’ρξη
829 1742 969 1780 apogr.
1003 1728 1122 1768 Cant.
1169 1725 1347 1781 διποδία]
1381 1726 1567 1775 διποδίας
1597 1729 1705 1767 Run-

115 1782 425 1836 1ςοΙὶιι3.καλὴ
456 1783 586 1832 καλῶς
617 1786 791 1826 Meinek.
823 1787 875 1826 cf.
906 1787 1009 1827 Ach.
1044 1787 1142 1826 253.
1173 1786 1283 1826 Eecl.
1317 1787 1413 1826 730.

871 1899 952 1941 163

494 1977 597 2033 περὶ
629 1954 842 2032 σιαγόνος
872 1979 1028 2033 βοείας
1056 1977 1326 2034 μαχόμενος.

228 2071 460 2111 Athenaeus
492 2062 530 2120 3,
554 2073 607 2111 94
625 2085 646 2111 e
678 2071 864 2124 σιαγόνος
895 2070 940 2112 δὲ
960 2069 1239 2127 (μνημονεύει)
1261 2074 1461 2125 Κρατῖνος
1492 2071 1703 2119 Πλούτοις.

113 2128 288 2167 trimetri
318 2131 388 2167 aut
417 2130 644 2182 tetrametri
677 2129 839 2182 (troch.)
872 2131 1076 2182 reliquiae.

872 2267 952 2308 164

228 2337 304 2397 ἆρ’
337 2340 521 2399 ἀληθῶς
550 2351 643 2396 τοῖς
673 2344 871 2396 ξένοισιν
903 2347 1043 2400 ἔστιν,
1075 2342 1134 2395 ὥς
1165 2343 1360 2400 λέγουσ’,
1395 2344 1492 2387 ε’κεῖ

229 2415 340 2454 πᾶσι
368 2420 463 2463 τοϊς
494 2413 717 2456 ἐλθοῦσιν
750 2414 802 2457 ἐν
832 2416 887 2471 τῇ
919 2415 1072 2457 κοπίδι
1103 2417 1357 2456 θοινᾶσθαι
1388 2416 1558 2464 καλῶς;

232 2481 283 2523 ἐν
313 2481 363 2524 δὲ
393 2489 491 2532 ταῖς
521 2482 722 2537 λέσχαισι
754 2483 928 2538 φύσκαι
959 2482 1500 2538 προσπεπατταλευμέναι

229 2549 608 2606 κατακρέμανται,
640 2558 758 2594 τοῖσι
788 2553 1118 2607 πρεσβύταισιν
1149 2550 1428 2594 ἀποδάκνειν
1458 2548 1587 2602 ὀδάξ;

228 2646 460 2686 Athenaeus
490 2647 685 2695 4,138e
718 2643 912 2698 Πολέμων
952 2677 961 2686 .
985 2677 994 2686 .
1019 2678 1028 2686 .
1067 2650 1141 2685 τοῦ
1177 2643 1284 2698 παρὰ
1331 2644 1504 2684 Λάκωσι
1551 2647 1697 2684 καλουη

114 2699 238 2754 μένου
269 2701 436 2742 δείπνου
467 2701 631 2750 κοπίδος
661 2702 966 2755 μνημονεύοντα
1007 2705 1212 2771 Κρατῖνον
1252 2700 1296 2741 ἐν
1335 2701 1534 2750 Πλούτοις
1572 2700 1700 2755 λέγειν

113 2761 195 2798 κτλ.
255 2760 492 2800 Eustathius
525 2761 621 2810 759,
652 2763 705 2800 49
737 2759 837 2813 πρὸς
869 2758 914 2799 δὲ
953 2758 1164 2812 ὁμοιότητα
1203 2764 1274 2799 τοῦ
1313 2757 1533 2818 εκτῆσθαι
1549 2759 1702 2812 είρηται

114 2815 182 2856 καὶ
211 2815 254 2856 τὸ
284 2816 477 2867 φύσκαι
505 2816 984 2870 προσεπατταλευμε
999 2832 1082 2856 ναι
1111 2831 1219 2868 παρα
1252 2817 1449 2871 Κρατίνῳ,
1482 2818 1529 2856 οὐ
1552 2815 1595 2855 τὸ
1616 2831 1700 2855 κοι-

113 2871 188 2914 νὸν
217 2872 597 2926 πεπατταλευμέναι.
657 2874 812 2925 φύσκαι
843 2873 1031 2928 Casaub.]
1065 2873 1228 2925 φύσται.
1261 2871 1702 2926 προσεπατταλευμέναι
