1872 3224
208 190 291 232 728
841 186 1148 221 ΣΤΡΑΤΤΙΔΟΣ

971 287 1027 330 56

1030 367 1151 423 (εἴτε)
1184 365 1340 422 ρ”ιπίδα

415 429 504 468 εἰτε
535 422 768 468 σκιάδειον

320 510 463 549 Pollux
496 509 665 555 10,127
697 506 818 546 θολία
848 504 999 575 πλέγμα
1029 521 1065 545 τι
1094 504 1298 555 θολοειδὲς
1330 503 1393 547 ἐπὶ
1416 512 1536 579 σκιᾷ,
1556 505 1624 546 καὶ
1654 505 1779 560 ῥιπίς,

208 565 274 606 καὶ
303 564 507 615 σκιάδιον,
548 562 571 604 ὃ
607 563 674 604 καὶ
705 563 851 603 σκιάδα
889 560 943 604 ἂν
973 563 1122 612 είποις
1162 562 1267 603 ου’τω
1297 565 1373 617 γὰρ
1403 562 1471 603 καὶ
1501 556 1543 603 τὸ
1575 562 1780 604 Διονύσου

210 622 394 663 σκιάδιον
422 624 612 662 καλεῖται.
643 620 711 661 καὶ
730 620 877 674 πτερὸν
897 619 941 661 δὲ
962 620 1005 661 τὸ
1026 617 1209 661 σκιάδιον
1229 621 1270 661 οἵ
1285 619 1579 690 κωμῳδιοποιοὶ
1597 623 1778 662 καλοῦσι.
1787 662 1790 666 ,

209 678 230 720 ὁ
252 678 295 719 δὲ
318 678 508 730 Στράττις
539 678 583 718 ἐν
609 680 842 730 Ψυχασταῖς
872 677 1076 731 προειπὼν
1105 678 1245 731 ῥιπίδα
1277 676 1449 732 ἐπήγαγε
1479 677 1557 718 εἴτε
1587 677 1783 718 σκιάδιον.

211 739 322 789 prius
353 736 431 777 εἴτε
462 738 552 776 add.
586 738 633 776 Κ.
654 750 757 777 unus
788 750 835 776 ex
865 738 1182 789 refrigerationis
1212 737 1459 776 amatoribus
1490 739 1559 776 aut
1578 735 1782 776 flabellum

211 798 280 835 aut
309 795 587 835 umbraculum
618 795 766 834 adferri
794 795 916 834 iubet.
949 795 1106 833 fallitur
1136 794 1244 833 enim
1271 794 1429 844 Pollux,
1458 806 1547 833 cum
1579 790 1716 846 ῥιπίδα
1745 795 1787 832 et

212 850 415 892 σκιάδειον
444 852 550 892 idem
580 865 665 892 esse
697 852 807 891 dicit.

978 951 1032 994 57

1040 1066 1041 1069 ,
1103 1026 1232 1072 οἶνον
1262 1027 1350 1085 γαρ
1381 1032 1504 1072 πιεῖν

332 1098 432 1143 οὐδ’
465 1097 523 1142 ἂν
556 1092 618 1149 εἷς
648 1097 822 1150 δέξαιτο
851 1099 1053 1154 θερμόν,
1086 1096 1202 1141 ἄλλα
1232 1095 1352 1140 πολὺ
1382 1095 1653 1141 τούναντίον

329 1168 592 1224 ψυχόμενον
623 1166 675 1210 ἐν
705 1170 766 1222 τῷ
796 1166 958 1223 φρέατι
988 1167 1063 1209 καὶ
1093 1167 1212 1222 χιόνι
1244 1165 1534 1222 μεμιγμένον.

329 1252 558 1292 Athenaeus
604 1251 809 1300 3‚124d
855 1248 915 1290 ότι
953 1247 995 1289 δὲ
1032 1247 1099 1289 καὶ
1138 1247 1207 1289 τὸν
1245 1243 1356 1288 οἶνον
1393 1246 1549 1300 ἔψυχον
1586 1245 1687 1302 ὑπὲρ
1718 1253 1790 1288 τοῦ

218 1307 466 1361 ψυχρότερον
495 1305 620 1348 αὐτὸν
650 1307 785 1347 πίνειν
814 1303 1006 1361 Στράττις
1037 1305 1161 1358 φησιν
1191 1304 1236 1346 ἐν
1277 1308 1514 1358 Ψυχασταῖς
1544 1308 1626 1346 κτλ.
1686 1302 1788 1346 πολὺ

216 1363 471 1419 τούναντίον]
512 1371 597 1404 πᾶν
633 1360 868 1404 τούναντίον
906 1365 1077 1404 Meinek.
1120 1365 1239 1404 Anal.
1278 1364 1366 1404 crit.
1407 1365 1473 1403 57
1524 1366 1567 1403 at
1604 1364 1655 1403 cf.
1685 1363 1789 1404 Plat-

217 1425 333 1475 Apol.
366 1425 463 1463 390.
514 1421 581 1462 καὶ
611 1419 715 1474 χιόνι
744 1420 928 1475 Porson.]
960 1420 1078 1474 χιόνι.

982 1533 1038 1576 58

659 1613 711 1655 αἱ
735 1610 778 1655 δ’
811 1611 1114 1667 ἀλεκτρυόνες
1143 1609 1314 1654 ἅπασαι

659 1681 735 1724 καὶ
765 1679 820 1723 τὰ
849 1681 1044 1736 χοιρίδια
1075 1679 1270 1735 τέθνηκε

660 1750 735 1792 καὶ
765 1749 819 1792 τὰ
849 1746 973 1804 μίκρ’
1007 1744 1208 1804 ὀρνίθια.

334 1834 565 1874 Athenaeus
598 1836 644 1883 9,
668 1833 780 1873 373f
803 1825 872 1871 τὸν
902 1828 942 1870 δ’
974 1827 1219 1884 ἀλεκτρυόνα
1249 1831 1290 1870 οἱ
1314 1828 1472 1884 ἀρχαῖοι
1501 1829 1569 1871 καὶ
1597 1833 1791 1882 θηλυκῶς

224 1888 407 1944 εἰρήκασι
439 1922 447 1930 .
472 1920 482 1930 .
505 1921 513 1929 .
549 1888 745 1942 Στράττις
770 1891 1007 1941 Ψυχασταῖς
1027 1891 1109 1928 κτλ.
1140 1903 1176 1930 v.
1211 1891 1247 1928 1.
1273 1890 1297 1927 2
1319 1889 1555 1929 Eustathius
1579 1890 1702 1939 1479,
1725 1889 1793 1928 28.

554 2079 578 2125 ὁ
611 2081 664 2124 δέ
690 2096 757 2131 τις
786 2077 1001 2135 ψυκτῆρ’,
1033 2077 1057 2122 ὁ
1088 2078 1142 2122 δέ
1166 2094 1234 2130 τις
1263 2078 1443 2122 κύαθον

554 2151 756 2204 χαλκοῦν
786 2148 955 2201 κλέψας
985 2145 1172 2203 ἀπορῶν
1201 2154 1364 2202 κεῖται,

556 2216 723 2272 κοτύλη
757 2215 799 2259 δ’
833 2215 922 2259 ἀνα
953 2219 1131 2271 χοίνικα
1161 2215 1328 2272 μάττει.

338 2301 569 2340 Athenaeus
602 2302 669 2349 11,
692 2301 804 2340 502³
835 2297 1031 2351 Στράττις
1067 2299 1302 2350 Ψυχασταῖς
1331 2301 1412 2338 κτλ.
1502 2301 1540 2339 3.
1573 2295 1719 2349 κοτύλη
1749 2295 1792 2338 δ’

224 2357 278 2411 Β]
312 2351 504 2396 κοτυλίδῖ
535 2354 681 2411 κοτύλῃ
711 2353 752 2396 δ’
784 2357 992 2397 Dobraeus
1022 2357 1191 2396 Advers.
1212 2356 1254 2395 II
1275 2357 1357 2396 335
1389 2358 1500 2407 ‘prae
1525 2357 1663 2407 inopia
1682 2369 1793 2396 men-

228 2429 361 2455 suram
402 2416 463 2455 sui
500 2415 616 2465 panis
655 2414 752 2454 adeo
790 2414 1013 2462 contrahit,
1051 2415 1097 2452 ut
1125 2425 1199 2463 pro
1229 2426 1386 2464 quaque
1418 2413 1604 2453 choenice
1635 2414 1796 2453 tantum

228 2472 386 2523 cotylen
416 2472 570 2523 ponat'.
601 2485 684 2511 non
712 2471 918 2522 intellego.

763 2617 972 2651 ΑΔΗΑΩΝ
997 2615 1263 2650 ΔΡΑΜΑΤῼΝ

992 2706 1048 2748 60

399 2787 546 2840 γαλῆν
578 2783 682 2840 ὁρῶ.
732 2789 783 2828 Β.
815 2792 905 2841 ποῖ,
938 2783 1051 2840 πρὸς
1079 2789 1220 2837 θεῶν,
1252 2790 1333 2826 ποῖ
1359 2790 1440 2826 ποῖ
1464 2786 1634 2839 γαλῆν;

403 2858 457 2899 Α.
487 2852 664 2908 γαλήν’.
716 2857 768 2896 Β.
803 2851 890 2908 ἐγώ
922 2851 965 2895 δ’
1002 2850 1130 2910 ᾤμην
1159 2864 1211 2895 σε
1239 2853 1385 2910 γαλῆν
1415 2851 1564 2906 λέγειν
1594 2849 1699 2906 ὁρῶ.
1746 2880 1755 2887 -
