1872 3224
205 196 290 237 478
803 189 1194 224 ΑΡΙΣΤΟΦΑΝΟΤΣ

957 292 1045 335 324

412 378 532 430 οἴμοι
563 373 855 428 κακοδαίμων
885 373 964 428 τῆς
993 369 1097 414 τόθ’
1130 369 1315 427 ἡμέρας,
1348 369 1420 414 ὅτε

415 440 539 485 εἶπέν
568 439 616 496 μ’
649 440 674 485 ὁ
707 442 872 498 κῆρυξ,
907 434 1041 491 οὗτος
1071 438 1280 496 ἄλφάνει.

324 527 494 566 Bekker.
527 526 675 565 Anecd.
708 526 803 574 382,
837 527 861 565 8
900 526 940 564 et
972 524 1116 564 Suidas
1147 519 1340 573 άλφάνει·
1373 519 1563 576 εὑρίσκει.
1611 518 1789 576 'Aemo-
1852 551 1854 554 ι

209 569 341 635 φάνης
374 579 789 641 Θεσμοφοριαζούσαις
827 583 910 621 κτλ.
970 575 1107 634 ουτος]
1141 582 1258 628 οὖτος
1289 578 1403 632 ὠνὴν
1433 581 1604 622 Meinek.
1633 584 1789 634 πρᾶσιν
1851 590 1855 591 ’

211 643 328 689 οὖτος
359 641 724 692 Bergkius.025103
754 637 849 690 άλφ.
881 638 1027 690 πόσον,
1061 639 1106 687 C.
1133 639 1174 678 F.
1199 639 1419 678 Hermann.
1450 638 1596 679 Philol.
1623 638 1667 678 II
1687 638 1786 688 434,
1856 682 1863 694 -‚

209 713 311 750 quae
349 699 449 738 mira
486 700 548 738 est
585 698 799 738 verborum
838 698 881 737 in
918 698 1131 748 praeconio
1170 697 1408 736 conlocatio.
1455 692 1590 735 οὑτοσὶ
1620 693 1662 734 τί
1688 691 1788 746 ἅλφ.

211 757 351 796 Cobet.
384 756 533 796 Mnem.
564 769 656 796 nov.
689 755 730 794 II
763 756 856 795 18.5
890 755 941 795 cf
973 755 1117 805 Eupol.
1152 755 1247 793 258.

964 877 1049 920 325

417 956 500 1014 τὴν
531 958 732 1013 πτέρυγα
763 956 1066 1012 παραλύσασα
1096 958 1179 1000 τοῦ
1208 958 1425 1012 χιτωνίου

417 1025 492 1069 καὶ
523 1029 615 1069 τῶν
646 1024 933 1081 άποδέσμων,
968 1019 1034 1076 οἷς
1065 1025 1177 1081 ἐνῆν
1208 1023 1262 1067 τοὶ
1293 1027 1458 1068 τιτθία.

327 1111 471 1150 Pollux
503 1112 539 1157 7,
567 1111 617 1150 66
650 1106 694 1147 τὸ
725 1113 805 1148 νῦν
834 1104 1083 1160 καλούμενον
1112 1105 1192 1148 ὑπὸ
1233 1113 1313 1147 τῶν
1350 1113 1559 1161 γυναικῶν
1597 1101 1793 1159 στηθόδε-

213 1179 314 1220 σμον
343 1165 573 1218 ἀπόδεσμον
604 1164 786 1208 ἐκάλουν.
832 1163 964 1218 εὕροις
996 1161 1037 1204 δ’
1069 1181 1123 1205 αν
1152 1162 1448 1229 ὀνομαζόμενον
1476 1162 1707 1218 ἀπόδεσμον
1750 1162 1795 1206 ἐν

217 1222 633 1288 Θεσμοφοριαζούσαις
660 1220 972 1275 Ἀριστοφάνους
1003 1225 1085 1264 κτλ.
1143 1229 1224 1263 τῶν
1251 1217 1540 1279 ἀποδέσμων]
1547 1221 1614 1262 τὸν
1630 1180 1795 1263 μάπόδε·

212 1293 312 1334 σμον
342 1283 491 1334 Bergk.
524 1296 571 1320 τα
601 1280 734 1320 τιτθία
755 1278 952 1335 Brunck]
983 1279 1173 1330 τιτθίδια,
1195 1281 1303 1332 quod
1323 1282 1501 1320 retinent
1531 1283 1572 1321 et
1591 1280 1791 1333 Bergkius

214 1344 254 1380 et
282 1341 503 1379 Bekkerus.
534 1341 577 1378 at
605 1352 686 1378 non
717 1340 850 1378 nescio
882 1340 1006 1390 cuius,
1045 1339 1115 1378 sed
1147 1343 1216 1390 τῆς
1247 1336 1535 1391 παραλυσάσης
1565 1335 1613 1377 τὰ
1654 1336 1792 1377 τιτθία

214 1396 326 1449 ἐνῆν.
358 1397 437 1437 nisi
468 1397 573 1436 forte
603 1397 847 1448 sequebatur
877 1392 1113 1447 ὡραιότατα.

966 1507 1051 1550 326

420 1586 507 1631 καὶ-
527 1586 627 1630 κατ’
654 1581 880 1643 Ἀγάθων’
914 1585 1156 1630 ἀντίθετον
1188 1585 1480 1643 ἐξυρημένον.

328 1671 496 1713 Bekker
529 1671 680 1710 Aneod.
703 1671 799 1719 410,
824 1670 877 1709 14
907 1666 1142 1709 άντιθετον·
1173 1667 1216 1709 τὸ
1248 1669 1379 1721 σχῆμα
1410 1670 1479 1722 τῆς
1503 1667 1704 1740 φράσεως,
1735 1666 1790 1718 ὦς

216 1725 343 1781 ἡμεῖς.
373 1725 665 1793 Ἀριστοφάνης
697 1725 1114 1779 Θεσμοφοριαζούσαις
1135 1730 1216 1767 κτλ.
1249 1724 1338 1766 κατ’
1369 1723 1576 1780 Ἀγάθων’
1600 1727 1794 1780 Bekker.]

215 1783 303 1825 κατ’
337 1778 509 1838 ἀγαθὸν.
542 1781 784 1852 ἐξυρημένον
815 1784 864 1824 Ο.
882 1785 992 1825 Iahn.
1011 1785 1114 1825 Mus.
1130 1785 1257 1824 Rhen.
1281 1785 1364 1824 IIII
1386 1781 1483 1839 638]
1517 1781 1794 1836 ἐξευρημένον.

215 1844 325 1883 Pers.
350 1843 432 1883 Sat.
461 1845 494 1892 1,
518 1844 571 1882 85
603 1844 774 1883 crimina
802 1843 939 1882 rasis
968 1843 1087 1883 librat
1115 1855 1161 1882 m
1190 1843 1400 1883 antithetis.
1432 1842 1539 1893 quod
1567 1843 1673 1893 apud
1703 1842 1793 1882 Ari-

216 1901 452 1952 stophanem
481 1901 599 1939 aliam
630 1913 788 1951 quoque
818 1899 1025 1940 notionem
1059 1897 1313 1953 (obscaenam
1345 1900 1430 1940 sine
1454 1897 1597 1952 dubio)
1630 1900 1792 1940 subesse

217 1959 452 2008 suspicatur,
485 1958 525 1996 id
555 1958 646 2008 plus
677 1971 798 2008 quam
830 1957 996 1996 dubium
1028 1959 1102 1997 est.
1149 1958 1340 1998 antitheta
1370 1954 1462 2010 (pro
1492 1957 1705 2007 quibusvis
1736 1957 1793 1996 di-

217 2015 332 2054 cendi
361 2012 558 2066 artificiis)
589 2027 686 2055 rasa
717 2027 801 2054 esse
835 2014 1037 2062 dicuntur,
1067 2015 1094 2053 i.
1117 2028 1151 2054 e.
1180 2016 1308 2055 nimia
1327 2018 1412 2055 arte
1431 2014 1612 2064 expobita.
1643 2013 1793 2054 Athen.

217 2073 406 2122 5‚187e
435 2070 613 2123 χλευάζει
645 2068 858 2124 (Πλάτων)
891 2068 947 2109 τὰ
979 2069 1191 2110 ἰσόκωλα
1222 2069 1269 2110 τὰ
1287 2067 1524 2138 Ἀγάθωνος
1554 2068 1623 2110 καὶ
1651 2066 1795 2110 ἄντί-

217 2131 350 2168 θετα.
402 2142 572 2179 quorum
607 2129 779 2168 nimium
817 2129 997 2168 studium
1035 2141 1125 2168 eum
1163 2129 1296 2169 neseio
1334 2130 1425 2180 quis
1462 2129 1499 2168 ei
1530 2128 1716 2169 suaderet
1747 2129 1796 2167 ut

217 2187 472 2235 inminuerat,
505 2179 638 2237 εἶπεν,
669 2182 767 2224 ἀλλὰ
798 2183 851 2224 σύ
881 2199 946 2238 γε,
977 2187 1159 2238 γενναῖε,
1191 2183 1365 2237 λέληθας
1396 2182 1549 2224 σαυτὸν
1577 2182 1648 2224 τὸν
1672 2181 1795 2238 ’Ara'-

216 2245 335 2282 θωνα
367 2239 411 2282 ἐκ
441 2247 512 2282 τοῦ
539 2239 775 2295 Ἀγαθωνος
804 2238 1215 2293 ἆφανίζων.Α61ἰαῑι.
1247 2243 1298 2283 V.
1330 2243 1370 2284 h.
1405 2244 1568 2295 14,13.

970 2365 1053 2408 327

409 2443 648 2501 ’Ἀμφοδον
680 2445 818 2501 ἐχρῆν
848 2443 970 2501 αὐτῷ
999 2447 1238 2487 τεθεῖσθαι
1268 2442 1483 2501 τοῦνομα.

334 2530 478 2569 ΡοῙίυΧ
514 2531 552 2578 9,
591 2529 644 2568 36
683 2532 808 2568 ταῦτα
847 2524 890 2566 δὲ
926 2525 994 2567 και
1035 2524 1201 2578 ὄίμφοδά
1245 2525 1354 2566 ἐστιν
1391 2523 1525 2580 εὑρεῖν
1560 2523 1794 2578 κεκλημένα,

221 2583 269 2625 οὗ
313 2582 410 2638 παρ’
450 2582 728 2638 Ἀριστοφάνει
776 2582 918 2635 μόνον,
964 2583 1118 2624 εἰπόντι
1157 2581 1202 2624 ἐν
1247 2580 1658 2652 Θεσμοφοριαζούσαις
1698 2585 1794 2632 κτλ.,

221 2638 317 2681 ἀλλὰ
347 2641 415 2681 καὶ
444 2639 540 2695 παρ’
569 2639 778 2697 “Υπερείδῃ
807 2644 889 2681 κτλ.
920 2642 1056 2693 Etym.
1088 2655 1142 2682 m..
1175 2642 1242 2690 92,
1275 2643 1327 2681 26
1357 2638 1460 2705 λέγει
1490 2637 1535 2679 δὲ
1564 2637 1795 2710 Εὐριπίδης

222 2697 243 2739 ὁ
274 2696 454 2751 τραγικὸς
487 2698 721 2766 ἐτυμολόγος
742 2682 1021 2770 (ἐτυμολογων
1039 2695 1297 2751 Valckenar.)
1328 2690 1371 2736 τὸ
1395 2695 1593 2749 Ἀμφίων,
1624 2695 1687 2736 ὅτι
1704 2693 1795 2748 ’-Αμ

222 2755 330 2806 φίων
373 2754 525 2807 ἐκλήθη
543 2771 670 2825 παρα
708 2752 782 2808 τὴν
818 2754 1009 2808 ἄμφοδον
1046 2753 1180 2807 η’γουν
1215 2752 1322 2807 παρα
1361 2751 1405 2793 τὸ
1443 2752 1552 2807 παρὰ
1593 2752 1688 2823 τὴν
1695 2750 1796 2794 ὁδὸν

222 2815 514 2866 γεννηθῆναι
536 2809 558 2851 ὁ
603 2812 648 2852 δὲ
685 2810 976 2865 Ἀριστοφάνης
1020 2808 1340 2863 κωμικευόμενος
1376 2808 1500 2864 λέγει,
1544 2809 1606 2850 ὅτι
1641 2805 1796 2850 οῧκοῦν

216 2869 419 2922 ’Ἀμφοδος
450 2868 624 2920 ὤφειλεν
651 2872 869 2923 κληθῆναι.
901 2870 1098 2921 Hyperid.
1129 2869 1179 2908 fr.
1205 2870 1283 2909 163
1306 2866 1380 2920 τὴν
1409 2867 1540 2908 οἰκίαν
1570 2865 1644 2920 τὴν
1671 2865 1790 2920 μεγά-
