<?xml version="1.0" encoding="UTF-8"?>
<!DOCTYPE html PUBLIC "-//W3C//DTD XHTML 1.0 Transitional//EN"
    "http://www.w3.org/TR/xhtml1/DTD/xhtml1-transitional.dtd">
<html xmlns="http://www.w3.org/1999/xhtml" xml:lang="en" lang="en">
 <head>
  <title>
</title>
<meta http-equiv="Content-Type" content="text/html;charset=utf-8" />
  <meta name='ocr-system' content='tesseract 3.04.00' />
  <meta name='ocr-capabilities' content='ocr_page ocr_carea ocr_par ocr_line ocrx_word'/>
</head>
<body>
  <div class='ocr_page' id='page_1' title='image "./comicorumatticor01kockuoft_0041.png"; bbox 0 0 1872 3224; ppageno 0'>
   <div class='ocr_carea' id='block_1_1' title="bbox 114 1033 741 1088">
    <p class='ocr_par' dir='ltr' id='par_1_1' title="bbox 0 1014 741 1088">
     <span class='ocr_line' id='line_1_1' title="bbox 114 1033 741 1088; baseline -0.004 -12.462"><span class='ocrx_word' id='word_1_1' title='bbox 114 1035 326 1088; x_wconf 84' lang='lat' dir='ltr'>ingeniose</span> <span class='ocrx_word' id='word_1_2' title='bbox 358 1034 535 1074; x_wconf 86' lang='lat' dir='ltr'>Cobetus</span> <span class='ocrx_word' id='word_1_3' title='bbox 567 1033 741 1074; x_wconf 86' lang='lat' dir='ltr'>Observ.</span> 
     </span>
    </p>
   </div>
   <div class='ocr_carea' id='block_1_2' title="bbox 0 0 73 1276">
    <p class='ocr_par' dir='ltr' id='par_1_2' title="bbox 0 0 73 1276">
     <span class='ocr_line' id='line_1_2' title="bbox 0 0 73 1276; baseline 0 0"><span class='ocrx_word' id='word_1_4' title='bbox 0 0 73 1276; x_wconf 95' lang='lat' dir='ltr'> </span> 
     </span>
    </p>
   </div>
   <div class='ocr_carea' id='block_1_3' title="bbox 716 866 1083 918">
    <p class='ocr_par' dir='ltr' id='par_1_3' title="bbox 716 866 1083 918">
     <span class='ocr_line' id='line_1_3' title="bbox 716 866 1083 918; baseline 0.003 -1"><span class='ocrx_word' id='word_1_5' title='bbox 716 866 1083 918; x_wconf 82' lang='grc' dir='ltr'><strong>ΚΡΑΤΙΝΟΣ</strong></span> 
     </span>
    </p>
   </div>
   <div class='ocr_carea' id='block_1_4' title="bbox 230 973 1707 1107">
    <p class='ocr_par' dir='ltr' id='par_1_4' title="bbox 230 973 1707 1107">
     <span class='ocr_line' id='line_1_4' title="bbox 230 973 1707 1024; baseline -0.002 -8"><span class='ocrx_word' id='word_1_6' title='bbox 230 977 354 1016; x_wconf 85' lang='lat' dir='ltr'>Mein.</span> <span class='ocrx_word' id='word_1_7' title='bbox 386 976 407 1016; x_wconf 97' lang='lat' dir='ltr'>I</span> <span class='ocrx_word' id='word_1_8' title='bbox 437 975 623 1015; x_wconf 83' lang='lat'>44—50.</span> <span class='ocrx_word' id='word_1_9' title='bbox 654 975 783 1015; x_wconf 85' lang='lat' dir='ltr'>Fritzs</span> <span class='ocrx_word' id='word_1_10' title='bbox 807 975 847 1014; x_wconf 86' lang='lat' dir='ltr'>h.</span> <span class='ocrx_word' id='word_1_11' title='bbox 881 973 1043 1021; x_wconf 85' lang='lat' dir='ltr'>Quaest.</span> <span class='ocrx_word' id='word_1_12' title='bbox 1074 973 1147 1013; x_wconf 93' lang='lat' dir='ltr'>Ar.</span> <span class='ocrx_word' id='word_1_13' title='bbox 1181 974 1264 1013; x_wconf 83' lang='lat'>258</span> <span class='ocrx_word' id='word_1_14' title='bbox 1287 986 1346 1024; x_wconf 88' lang='lat' dir='ltr'>sq.</span> <span class='ocrx_word' id='word_1_15' title='bbox 1379 973 1427 1012; x_wconf 90' lang='lat' dir='ltr'>de</span> <span class='ocrx_word' id='word_1_16' title='bbox 1459 975 1589 1012; x_wconf 85' lang='lat' dir='ltr'>morte</span> <span class='ocrx_word' id='word_1_17' title='bbox 1620 973 1707 1013; x_wconf 87' lang='lat' dir='ltr'>eius</span> 
     </span>
     <span class='ocr_line' id='line_1_5' title="bbox 771 988 1376 1107; baseline 0 -35"><span class='ocrx_word' id='word_1_18' title='bbox 771 988 860 1107; x_wconf 49' lang='lat' dir='ltr'>frit.</span> <span class='ocrx_word' id='word_1_19' title='bbox 892 1033 934 1071; x_wconf 91' lang='lat' dir='ltr'>in</span> <span class='ocrx_word' id='word_1_20' title='bbox 966 1032 1073 1072; x_wconf 86' lang='lat' dir='ltr'>Plat.</span> <span class='ocrx_word' id='word_1_21' title='bbox 1106 1044 1206 1071; x_wconf 92' lang='lat' dir='ltr'>com.</span> <span class='ocrx_word' id='word_1_22' title='bbox 1240 1033 1293 1071; x_wconf 86' lang='grc'>87</span> <span class='ocrx_word' id='word_1_23' title='bbox 1316 1044 1376 1082; x_wconf 91' lang='lat' dir='ltr'>sq.</span> 
     </span>
    </p>
   </div>
   <div class='ocr_carea' id='block_1_5' title="bbox 772 1146 1054 1181">
    <p class='ocr_par' dir='ltr' id='par_1_5' title="bbox 772 1146 1054 1181">
     <span class='ocr_line' id='line_1_6' title="bbox 772 1146 1054 1181; baseline -0.004 -1"><span class='ocrx_word' id='word_1_24' title='bbox 772 1146 1054 1181; x_wconf 82' lang='grc' dir='ltr'>-ΑΡΧΙΛΟΧΟΙ</span> 
     </span>
    </p>
   </div>
   <div class='ocr_carea' id='block_1_6' title="bbox 114 1227 1706 1342">
    <p class='ocr_par' dir='ltr' id='par_1_6' title="bbox 114 1227 1706 1342">
     <span class='ocr_line' id='line_1_7' title="bbox 228 1227 1706 1282; baseline -0.003 -10"><span class='ocrx_word' id='word_1_25' title='bbox 228 1232 335 1273; x_wconf 84' lang='lat' dir='ltr'>Acta</span> <span class='ocrx_word' id='word_1_26' title='bbox 372 1244 456 1272; x_wconf 89' lang='lat' dir='ltr'>non</span> <span class='ocrx_word' id='word_1_27' title='bbox 495 1232 624 1270; x_wconf 90' lang='lat' dir='ltr'>multo</span> <span class='ocrx_word' id='word_1_28' title='bbox 662 1231 758 1282; x_wconf 87' lang='lat' dir='ltr'>post</span> <span class='ocrx_word' id='word_1_29' title='bbox 797 1229 858 1270; x_wconf 91' lang='lat' dir='ltr'>Ol.</span> <span class='ocrx_word' id='word_1_30' title='bbox 894 1230 962 1279; x_wconf 83' lang='lat'>82,</span> <span class='ocrx_word' id='word_1_31' title='bbox 1003 1230 1041 1268; x_wconf 87' lang='lat'>3.</span> <span class='ocrx_word' id='word_1_32' title='bbox 1075 1229 1210 1280; x_wconf 83' lang='lat' dir='ltr'>Bergk</span> <span class='ocrx_word' id='word_1_33' title='bbox 1252 1228 1311 1268; x_wconf 90' lang='lat' dir='ltr'>De</span> <span class='ocrx_word' id='word_1_34' title='bbox 1350 1229 1422 1267; x_wconf 86' lang='lat' dir='ltr'>rel.</span> <span class='ocrx_word' id='word_1_35' title='bbox 1455 1242 1489 1268; x_wconf 90' lang='lat' dir='ltr'>c.</span> <span class='ocrx_word' id='word_1_36' title='bbox 1520 1227 1607 1267; x_wconf 88' lang='lat' dir='ltr'>Att.</span> <span class='ocrx_word' id='word_1_37' title='bbox 1640 1229 1706 1269; x_wconf 83' lang='lat'>20.</span> 
     </span>
     <span class='ocr_line' id='line_1_8' title="bbox 114 1286 1705 1342; baseline -0.004 -11"><span class='ocrx_word' id='word_1_38' title='bbox 114 1291 162 1331; x_wconf 86' lang='lat' dir='ltr'>de</span> <span class='ocrx_word' id='word_1_39' title='bbox 194 1292 432 1342; x_wconf 86' lang='lat' dir='ltr'>argumento</span> <span class='ocrx_word' id='word_1_40' title='bbox 463 1289 624 1328; x_wconf 80' lang='lat' dir='ltr'>fabulae</span> <span class='ocrx_word' id='word_1_41' title='bbox 653 1301 737 1328; x_wconf 89' lang='lat' dir='ltr'>non</span> <span class='ocrx_word' id='word_1_42' title='bbox 768 1289 868 1327; x_wconf 89' lang='lat' dir='ltr'>satis</span> <span class='ocrx_word' id='word_1_43' title='bbox 900 1289 1077 1336; x_wconf 83' lang='lat' dir='ltr'>constat,</span> <span class='ocrx_word' id='word_1_44' title='bbox 1110 1287 1190 1326; x_wconf 91' lang='lat' dir='ltr'>nisi</span> <span class='ocrx_word' id='word_1_45' title='bbox 1223 1286 1330 1337; x_wconf 89' lang='lat' dir='ltr'>quod</span> <span class='ocrx_word' id='word_1_46' title='bbox 1363 1287 1508 1326; x_wconf 89' lang='lat' dir='ltr'>chorus</span> <span class='ocrx_word' id='word_1_47' title='bbox 1540 1299 1587 1325; x_wconf 86' lang='lat' dir='ltr'>ex</span> <span class='ocrx_word' id='word_1_48' title='bbox 1617 1299 1705 1337; x_wconf 90' lang='lat' dir='ltr'>per-</span> 
     </span>
    </p>
   </div>
   <div class='ocr_carea' id='block_1_7' title="bbox 0 1338 1706 1396">
    <p class='ocr_par' dir='ltr' id='par_1_7' title="bbox 0 1338 1706 1396">
     <span class='ocr_line' id='line_1_9' title="bbox 0 1338 1706 1396; baseline -0.004 -7"><span class='ocrx_word' id='word_1_49' title='bbox 0 1338 12 1360; x_wconf 37' lang='lat'><strong>*</strong></span> <span class='ocrx_word' id='word_1_50' title='bbox 38 1375 40 1378; x_wconf 57' lang='lat'>&gt;</span> <span class='ocrx_word' id='word_1_51' title='bbox 116 1351 270 1389; x_wconf 81' lang='lat' dir='ltr'>sonatis</span> <span class='ocrx_word' id='word_1_52' title='bbox 302 1347 567 1396; x_wconf 85' lang='lat' dir='ltr'>Archilochis,</span> <span class='ocrx_word' id='word_1_53' title='bbox 599 1347 626 1386; x_wconf 84' lang='lat' dir='ltr'>i.</span> <span class='ocrx_word' id='word_1_54' title='bbox 649 1359 682 1386; x_wconf 84' lang='lat' dir='ltr'>e.</span> <span class='ocrx_word' id='word_1_55' title='bbox 707 1342 939 1386; x_wconf 76' lang='lat' dir='ltr'>censoribus</span> <span class='ocrx_word' id='word_1_56' title='bbox 961 1344 1241 1394; x_wconf 79' lang='lat' dir='ltr'>acerbissimis,</span> <span class='ocrx_word' id='word_1_57' title='bbox 1275 1344 1438 1383; x_wconf 87' lang='lat' dir='ltr'>videtur</span> <span class='ocrx_word' id='word_1_58' title='bbox 1459 1344 1706 1395; x_wconf 88' lang='lat' dir='ltr'>compositus</span> 
     </span>
    </p>
   </div>
   <div class='ocr_carea' id='block_1_8' title="bbox 112 1397 1710 1807">
    <p class='ocr_par' dir='ltr' id='par_1_8' title="bbox 112 1397 1710 1807">
     <span class='ocr_line' id='line_1_10' title="bbox 113 1397 1707 1458; baseline -0.005 -11"><span class='ocrx_word' id='word_1_59' title='bbox 113 1407 252 1447; x_wconf 83' lang='lat' dir='ltr'>fuisse.</span> <span class='ocrx_word' id='word_1_60' title='bbox 283 1406 421 1458; x_wconf 82' lang='lat' dir='ltr'>Bergk</span> <span class='ocrx_word' id='word_1_61' title='bbox 451 1407 478 1444; x_wconf 88' lang='lat'>4</span> <span class='ocrx_word' id='word_1_62' title='bbox 500 1418 559 1456; x_wconf 82' lang='lat' dir='ltr'>sq.</span> <span class='ocrx_word' id='word_1_63' title='bbox 590 1404 804 1444; x_wconf 79' lang='lat' dir='ltr'>Platonius</span> <span class='ocrx_word' id='word_1_64' title='bbox 836 1418 874 1454; x_wconf 88' lang='lat' dir='ltr'>p.</span> <span class='ocrx_word' id='word_1_65' title='bbox 905 1403 1027 1442; x_wconf 89' lang='grc' dir='ltr'>ΧΙΙΠ</span> <span class='ocrx_word' id='word_1_66' title='bbox 1057 1402 1215 1442; x_wconf 88' lang='lat' dir='ltr'>Duebn.</span> <span class='ocrx_word' id='word_1_67' title='bbox 1248 1403 1449 1454; x_wconf 83' lang='grc' dir='ltr'><strong><em>Κρατῖνος</em></strong></span> <span class='ocrx_word' id='word_1_68' title='bbox 1482 1397 1503 1440; x_wconf 89' lang='grc' dir='ltr'>ὁ</span> <span class='ocrx_word' id='word_1_69' title='bbox 1535 1406 1604 1453; x_wconf 85' lang='grc' dir='ltr'><strong><em>τῆς</em></strong></span> <span class='ocrx_word' id='word_1_70' title='bbox 1635 1414 1707 1439; x_wconf 87' lang='grc' dir='ltr'>πα-</span> 
     </span>
     <span class='ocr_line' id='line_1_11' title="bbox 113 1456 1710 1518; baseline -0.003 -14"><span class='ocrx_word' id='word_1_71' title='bbox 113 1466 231 1512; x_wconf 78' lang='grc' dir='ltr'><strong><em>λαιοῖς</em></strong></span> <span class='ocrx_word' id='word_1_72' title='bbox 262 1462 475 1518; x_wconf 79' lang='grc' dir='ltr'><strong><em>κωμῳδίας</em></strong></span> <span class='ocrx_word' id='word_1_73' title='bbox 505 1460 689 1514; x_wconf 84' lang='grc' dir='ltr'><strong><em>ποιητής,</em></strong></span> <span class='ocrx_word' id='word_1_74' title='bbox 721 1459 790 1500; x_wconf 72' lang='grc' dir='ltr'><strong><em>ἅτε</em></strong></span> <span class='ocrx_word' id='word_1_75' title='bbox 821 1459 872 1513; x_wconf 81' lang='grc' dir='ltr'>δὴ</span> <span class='ocrx_word' id='word_1_76' title='bbox 904 1459 972 1500; x_wconf 88' lang='grc' dir='ltr'>καὶ</span> <span class='ocrx_word' id='word_1_77' title='bbox 1003 1458 1049 1499; x_wconf 77' lang='grc' dir='ltr'><strong><em>τὰ</em></strong></span> <span class='ocrx_word' id='word_1_78' title='bbox 1081 1465 1151 1499; x_wconf 84' lang='grc' dir='ltr'><strong><em>τοῦ</em></strong></span> <span class='ocrx_word' id='word_1_79' title='bbox 1177 1456 1407 1512; x_wconf 80' lang='grc' dir='ltr'><strong><em>Ἀρχιλόχου</em></strong></span> <span class='ocrx_word' id='word_1_80' title='bbox 1430 1457 1609 1511; x_wconf 80' lang='grc' dir='ltr'><em>ζηλώσας</em></span> <span class='ocrx_word' id='word_1_81' title='bbox 1633 1456 1710 1510; x_wconf 88' lang='lat' dir='ltr'>(sic</span> 
     </span>
     <span class='ocr_line' id='line_1_12' title="bbox 113 1514 1710 1573; baseline -0.005 -10"><span class='ocrx_word' id='word_1_82' title='bbox 113 1522 447 1563; x_wconf 80' lang='lat' dir='ltr'>Hemsterhusius</span> <span class='ocrx_word' id='word_1_83' title='bbox 476 1534 550 1573; x_wconf 92' lang='lat' dir='ltr'>pro</span> <span class='ocrx_word' id='word_1_84' title='bbox 581 1517 683 1559; x_wconf 81' lang='grc' dir='ltr'><strong><em>κατὰ</em></strong></span> <span class='ocrx_word' id='word_1_85' title='bbox 714 1517 784 1567; x_wconf 78' lang='grc' dir='ltr'><strong><em>τὰς</em></strong></span> <span class='ocrx_word' id='word_1_86' title='bbox 812 1515 1042 1571; x_wconf 81' lang='grc' dir='ltr'><strong><em>Ἀρχιλόχου</em></strong></span> <span class='ocrx_word' id='word_1_87' title='bbox 1079 1516 1276 1570; x_wconf 82' lang='grc' dir='ltr'><strong><em>ζητήσεις)</em></strong></span> <span class='ocrx_word' id='word_1_88' title='bbox 1309 1514 1509 1569; x_wconf 80' lang='grc' dir='ltr'><strong><em>αὐστηρὸς</em></strong></span> <span class='ocrx_word' id='word_1_89' title='bbox 1531 1514 1575 1555; x_wconf 80' lang='grc' dir='ltr'>ἐν</span> <span class='ocrx_word' id='word_1_90' title='bbox 1598 1516 1710 1569; x_wconf 88' lang='lat' dir='ltr'>(libri</span> 
     </span>
     <span class='ocr_line' id='line_1_13' title="bbox 112 1575 1705 1634; baseline -0.004 -14"><span class='ocrx_word' id='word_1_91' title='bbox 112 1576 204 1634; x_wconf 80' lang='grc' dir='ltr'>μὲν)</span> <span class='ocrx_word' id='word_1_92' title='bbox 237 1582 323 1627; x_wconf 86' lang='grc' dir='ltr'><strong><em>ταῖς</em></strong></span> <span class='ocrx_word' id='word_1_93' title='bbox 354 1578 572 1632; x_wconf 82' lang='grc' dir='ltr'><strong><em>λοιδορίαις</em></strong></span> <span class='ocrx_word' id='word_1_94' title='bbox 604 1576 723 1618; x_wconf 83' lang='grc' dir='ltr'><strong><em>ἐστίν.</em></strong></span> <span class='ocrx_word' id='word_1_95' title='bbox 762 1581 973 1629; x_wconf 80' lang='lat' dir='ltr'>poetarum</span> <span class='ocrx_word' id='word_1_96' title='bbox 1014 1577 1296 1627; x_wconf 82' lang='lat' dir='ltr'>antiquorum,</span> <span class='ocrx_word' id='word_1_97' title='bbox 1337 1575 1506 1615; x_wconf 88' lang='lat' dir='ltr'>Homeri</span> <span class='ocrx_word' id='word_1_98' title='bbox 1536 1575 1705 1615; x_wconf 87' lang='lat' dir='ltr'>Hesiodi</span> 
     </span>
     <span class='ocr_line' id='line_1_14' title="bbox 114 1634 1710 1687; baseline -0.005 -8"><span class='ocrx_word' id='word_1_99' title='bbox 114 1639 302 1687; x_wconf 79' lang='lat' dir='ltr'>aliorum,</span> <span class='ocrx_word' id='word_1_100' title='bbox 334 1650 467 1678; x_wconf 85' lang='lat' dir='ltr'>acrem</span> <span class='ocrx_word' id='word_1_101' title='bbox 497 1638 605 1677; x_wconf 90' lang='lat' dir='ltr'>inter</span> <span class='ocrx_word' id='word_1_102' title='bbox 635 1650 677 1677; x_wconf 87' lang='lat' dir='ltr'>se</span> <span class='ocrx_word' id='word_1_103' title='bbox 708 1635 1051 1676; x_wconf 75' lang='lat' dir='ltr'>concertationem</span> <span class='ocrx_word' id='word_1_104' title='bbox 1082 1634 1303 1674; x_wconf 78' lang='lat' dir='ltr'>exhibitam</span> <span class='ocrx_word' id='word_1_105' title='bbox 1343 1634 1467 1674; x_wconf 82' lang='lat' dir='ltr'>fuisse</span> <span class='ocrx_word' id='word_1_106' title='bbox 1508 1634 1710 1674; x_wconf 85' lang='lat' dir='ltr'>sententia</span> 
     </span>
     <span class='ocr_line' id='line_1_15' title="bbox 115 1687 1708 1744; baseline -0.005 -7"><span class='ocrx_word' id='word_1_107' title='bbox 115 1698 178 1737; x_wconf 85' lang='lat' dir='ltr'>est</span> <span class='ocrx_word' id='word_1_108' title='bbox 216 1696 419 1736; x_wconf 86' lang='lat' dir='ltr'>Meinekii.</span> <span class='ocrx_word' id='word_1_109' title='bbox 453 1695 566 1735; x_wconf 78' lang='lat' dir='ltr'>tituli</span> <span class='ocrx_word' id='word_1_110' title='bbox 607 1695 761 1734; x_wconf 87' lang='lat' dir='ltr'>similes</span> <span class='ocrx_word' id='word_1_111' title='bbox 799 1694 895 1734; x_wconf 88' lang='lat' dir='ltr'>sunt</span> <span class='ocrx_word' id='word_1_112' title='bbox 920 1689 1122 1744; x_wconf 46' lang='grc' dir='ltr'><strong><em>(Ησίοδοι,</em></strong></span> <span class='ocrx_word' id='word_1_113' title='bbox 1153 1692 1466 1744; x_wconf 82' lang='grc' dir='ltr'><strong><em>Κλεοβουλῖναι,</em></strong></span> <span class='ocrx_word' id='word_1_114' title='bbox 1495 1687 1708 1742; x_wconf 83' lang='grc' dir='ltr'><strong><em>Ὀδυσσῆς,</em></strong></span> 
     </span>
     <span class='ocr_line' id='line_1_16' title="bbox 116 1752 967 1807; baseline 0 -14"><span class='ocrx_word' id='word_1_115' title='bbox 116 1752 338 1807; x_wconf 86' lang='grc' dir='ltr'><strong><em>Χείρωνες,</em></strong></span> <span class='ocrx_word' id='word_1_116' title='bbox 370 1754 423 1794; x_wconf 83' lang='lat' dir='ltr'>al.</span> <span class='ocrx_word' id='word_1_117' title='bbox 964 1758 967 1761; x_wconf 82' lang='grc'><strong>’</strong></span> 
     </span>
    </p>
   </div>
   <div class='ocr_carea' id='block_1_9' title="bbox 899 1830 921 1871">
    <p class='ocr_par' dir='ltr' id='par_1_9' title="bbox 899 1830 921 1871">
     <span class='ocr_line' id='line_1_17' title="bbox 899 1830 921 1871; baseline 0 0"><span class='ocrx_word' id='word_1_118' title='bbox 899 1830 921 1871; x_wconf 96' lang='grc'>1</span> 
     </span>
    </p>
   </div>
   <div class='ocr_carea' id='block_1_10' title="bbox 323 1906 1454 2243">
    <p class='ocr_par' dir='ltr' id='par_1_10' title="bbox 323 1906 1454 2038">
     <span class='ocr_line' id='line_1_18' title="bbox 323 1906 1454 1968; baseline -0.005 -11"><span class='ocrx_word' id='word_1_119' title='bbox 323 1911 447 1968; x_wconf 77' lang='grc' dir='ltr'>κάγώ</span> <span class='ocrx_word' id='word_1_120' title='bbox 480 1911 568 1968; x_wconf 82' lang='grc' dir='ltr'>γὰρ</span> <span class='ocrx_word' id='word_1_121' title='bbox 600 1909 778 1968; x_wconf 78' lang='grc' dir='ltr'><strong><em>ηὔχουν</em></strong></span> <span class='ocrx_word' id='word_1_122' title='bbox 809 1909 1076 1966; x_wconf 82' lang='grc' dir='ltr'><strong><em>Μητρόβιος</em></strong></span> <span class='ocrx_word' id='word_1_123' title='bbox 1106 1906 1130 1951; x_wconf 84' lang='grc' dir='ltr'>ὀ</span> <span class='ocrx_word' id='word_1_124' title='bbox 1162 1906 1454 1966; x_wconf 75' lang='grc' dir='ltr'><strong><em>γραμματεὺς</em></strong></span> 
     </span>
     <span class='ocr_line' id='line_1_19' title="bbox 325 1977 1216 2038; baseline -0.007 -12"><span class='ocrx_word' id='word_1_125' title='bbox 325 1981 417 2026; x_wconf 80' lang='grc' dir='ltr'>σὺν</span> <span class='ocrx_word' id='word_1_126' title='bbox 447 1980 582 2036; x_wconf 73' lang='grc' dir='ltr'><strong><em>ἀνδρὶ</em></strong></span> <span class='ocrx_word' id='word_1_127' title='bbox 613 1982 728 2038; x_wconf 82' lang='grc' dir='ltr'><strong><em>θείῳ</em></strong></span> <span class='ocrx_word' id='word_1_128' title='bbox 760 1977 835 2022; x_wconf 81' lang='grc' dir='ltr'>καὶ</span> <span class='ocrx_word' id='word_1_129' title='bbox 868 1978 1216 2036; x_wconf 78' lang='grc' dir='ltr'><strong><em>φιλοξενωτάτῳ</em></strong></span> 
     </span>
    </p>

    <p class='ocr_par' dir='ltr' id='par_1_11' title="bbox 323 2046 1439 2243">
     <span class='ocr_line' id='line_1_20' title="bbox 324 2046 1439 2107; baseline -0.004 -13"><span class='ocrx_word' id='word_1_130' title='bbox 324 2052 400 2094; x_wconf 82' lang='grc' dir='ltr'>καὶ</span> <span class='ocrx_word' id='word_1_131' title='bbox 431 2048 567 2094; x_wconf 75' lang='grc' dir='ltr'><strong><em>πάντ’</em></strong></span> <span class='ocrx_word' id='word_1_132' title='bbox 600 2048 772 2107; x_wconf 73' lang='grc' dir='ltr'><strong><em>ἀρίστῳ</em></strong></span> <span class='ocrx_word' id='word_1_133' title='bbox 803 2050 895 2092; x_wconf 74' lang='grc' dir='ltr'><strong><em>τῶν</em></strong></span> <span class='ocrx_word' id='word_1_134' title='bbox 927 2047 1243 2104; x_wconf 84' lang='grc' dir='ltr'><strong><em>Πανελλήνων</em></strong></span> <span class='ocrx_word' id='word_1_135' title='bbox 1273 2046 1439 2105; x_wconf 73' lang='grc' dir='ltr'><strong><em>πρώτῳ</em></strong></span> 
     </span>
     <span class='ocr_line' id='line_1_21' title="bbox 323 2115 1401 2177; baseline -0.005 -14"><span class='ocrx_word' id='word_1_136' title='bbox 323 2122 505 2177; x_wconf 85' lang='grc' dir='ltr'><strong><em>Κίμωνι</em></strong></span> <span class='ocrx_word' id='word_1_137' title='bbox 535 2117 732 2175; x_wconf 85' lang='grc' dir='ltr'><strong><em>λιπαρὸν</em></strong></span> <span class='ocrx_word' id='word_1_138' title='bbox 762 2120 906 2175; x_wconf 75' lang='grc' dir='ltr'><strong><em>γῆρας</em></strong></span> <span class='ocrx_word' id='word_1_139' title='bbox 937 2115 1254 2173; x_wconf 81' lang='grc' dir='ltr'><strong><em>εὐωχούμενος</em></strong></span> <span class='ocrx_word' id='word_1_140' title='bbox 1317 2115 1401 2126; x_wconf 47' lang='grc'>’”“</span> 
     </span>
     <span class='ocr_line' id='line_1_22' title="bbox 323 2184 1403 2243; baseline -0.004 -10"><span class='ocrx_word' id='word_1_141' title='bbox 323 2190 471 2233; x_wconf 77' lang='grc' dir='ltr'><strong><em>αἰῶνα</em></strong></span> <span class='ocrx_word' id='word_1_142' title='bbox 502 2188 654 2232; x_wconf 79' lang='grc' dir='ltr'><strong><em>πάντα</em></strong></span> <span class='ocrx_word' id='word_1_143' title='bbox 686 2187 1048 2243; x_wconf 81' lang='grc' dir='ltr'><strong><em>συνδιατρίψειν.</em></strong></span> <span class='ocrx_word' id='word_1_144' title='bbox 1111 2185 1135 2230; x_wconf 86' lang='grc' dir='ltr'>ὁ</span> <span class='ocrx_word' id='word_1_145' title='bbox 1170 2186 1220 2229; x_wconf 81' lang='grc' dir='ltr'>δὲ</span> <span class='ocrx_word' id='word_1_146' title='bbox 1252 2184 1403 2229; x_wconf 75' lang='grc' dir='ltr'><strong><em>λιπών</em></strong></span> 
     </span>
    </p>
   </div>
   <div class='ocr_carea' id='block_1_11' title="bbox 321 2258 755 2316">
    <p class='ocr_par' dir='ltr' id='par_1_12' title="bbox 321 2258 755 2316">
     <span class='ocr_line' id='line_1_23' title="bbox 321 2258 755 2316; baseline -0.007 -13"><span class='ocrx_word' id='word_1_147' title='bbox 321 2260 489 2316; x_wconf 83' lang='grc' dir='ltr'><strong><em>βέβηκε</em></strong></span> <span class='ocrx_word' id='word_1_148' title='bbox 519 2258 755 2315; x_wconf 84' lang='grc' dir='ltr'><strong><em>πρότερος.</em></strong></span> 
     </span>
    </p>
   </div>
   <div class='ocr_carea' id='block_1_12' title="bbox 116 2347 1712 2980">
    <p class='ocr_par' dir='ltr' id='par_1_13' title="bbox 116 2347 1712 2980">
     <span class='ocr_line' id='line_1_24' title="bbox 232 2347 1711 2405; baseline -0.005 -9"><span class='ocrx_word' id='word_1_149' title='bbox 232 2355 477 2396; x_wconf 85' lang='lat' dir='ltr'>Plutarchus</span> <span class='ocrx_word' id='word_1_150' title='bbox 509 2355 666 2395; x_wconf 83' lang='lat' dir='ltr'>Cimon.</span> <span class='ocrx_word' id='word_1_151' title='bbox 702 2356 755 2394; x_wconf 89' lang='lat'>10</span> <span class='ocrx_word' id='word_1_152' title='bbox 785 2347 846 2393; x_wconf 68' lang='grc' dir='ltr'>οἷν</span> <span class='ocrx_word' id='word_1_153' title='bbox 876 2351 927 2405; x_wconf 79' lang='grc' dir='ltr'>δὴ</span> <span class='ocrx_word' id='word_1_154' title='bbox 967 2353 1270 2403; x_wconf 72' lang='lat' dir='ltr'>(liberalitatem</span> <span class='ocrx_word' id='word_1_155' title='bbox 1310 2353 1352 2391; x_wconf 84' lang='lat' dir='ltr'>et</span> <span class='ocrx_word' id='word_1_156' title='bbox 1389 2351 1711 2391; x_wconf 84' lang='lat' dir='ltr'>munificentiam</span> 
     </span>
     <span class='ocr_line' id='line_1_25' title="bbox 119 2406 1710 2465; baseline -0.005 -11"><span class='ocrx_word' id='word_1_157' title='bbox 119 2413 300 2454; x_wconf 85' lang='lat' dir='ltr'>Cimonis</span> <span class='ocrx_word' id='word_1_158' title='bbox 332 2412 447 2465; x_wconf 88' lang='lat' dir='ltr'>dicit)</span> <span class='ocrx_word' id='word_1_159' title='bbox 477 2411 547 2452; x_wconf 84' lang='grc' dir='ltr'>καὶ</span> <span class='ocrx_word' id='word_1_160' title='bbox 577 2414 776 2463; x_wconf 85' lang='grc' dir='ltr'><strong><em>Κρατῖνος</em></strong></span> <span class='ocrx_word' id='word_1_161' title='bbox 809 2407 830 2450; x_wconf 87' lang='grc' dir='ltr'>ὁ</span> <span class='ocrx_word' id='word_1_162' title='bbox 860 2408 1036 2462; x_wconf 80' lang='grc' dir='ltr'><strong><em>κωμικὸς</em></strong></span> <span class='ocrx_word' id='word_1_163' title='bbox 1068 2408 1113 2449; x_wconf 84' lang='grc' dir='ltr'>ἐν</span> <span class='ocrx_word' id='word_1_164' title='bbox 1138 2407 1380 2463; x_wconf 82' lang='grc' dir='ltr'><strong><em>Ἀρχιλόχοις</em></strong></span> <span class='ocrx_word' id='word_1_165' title='bbox 1423 2406 1523 2447; x_wconf 77' lang='grc' dir='ltr'><strong><em>ἔοικε</em></strong></span> <span class='ocrx_word' id='word_1_166' title='bbox 1561 2406 1710 2459; x_wconf 86' lang='grc' dir='ltr'><strong><em>μεμνῆ-</em></strong></span> 
     </span>
     <span class='ocr_line' id='line_1_26' title="bbox 116 2463 1708 2521; baseline -0.004 -11"><span class='ocrx_word' id='word_1_167' title='bbox 116 2473 217 2510; x_wconf 84' lang='grc' dir='ltr'><strong><em>σθαι</em></strong></span> <span class='ocrx_word' id='word_1_168' title='bbox 246 2468 314 2510; x_wconf 76' lang='grc' dir='ltr'>διὰ</span> <span class='ocrx_word' id='word_1_169' title='bbox 344 2468 499 2510; x_wconf 87' lang='grc' dir='ltr'><strong><em>τούτων</em></strong></span> <span class='ocrx_word' id='word_1_170' title='bbox 518 2472 600 2512; x_wconf 87' lang='grc' dir='ltr'><strong><em>κτλ.</em></strong></span> <span class='ocrx_word' id='word_1_171' title='bbox 637 2473 673 2508; x_wconf 92' lang='grc'>1.</span> <span class='ocrx_word' id='word_1_172' title='bbox 695 2465 806 2521; x_wconf 82' lang='grc' dir='ltr'>κᾶγώ</span> <span class='ocrx_word' id='word_1_173' title='bbox 840 2469 1069 2520; x_wconf 75' lang='lat' dir='ltr'>Stephanus</span> <span class='ocrx_word' id='word_1_174' title='bbox 1101 2482 1194 2509; x_wconf 89' lang='lat' dir='ltr'>cum</span> <span class='ocrx_word' id='word_1_175' title='bbox 1224 2465 1330 2520; x_wconf 85' lang='lat' dir='ltr'>aliis]</span> <span class='ocrx_word' id='word_1_176' title='bbox 1364 2464 1484 2505; x_wconf 81' lang='grc' dir='ltr'><strong><em>κάτω.</em></strong></span> <span class='ocrx_word' id='word_1_177' title='bbox 1534 2468 1573 2508; x_wconf 88' lang='grc'>3.</span> <span class='ocrx_word' id='word_1_178' title='bbox 1596 2463 1708 2517; x_wconf 79' lang='grc' dir='ltr'><strong><em>πρώ-</em></strong></span> 
     </span>
     <span class='ocr_line' id='line_1_27' title="bbox 118 2521 1711 2583; baseline -0.003 -16"><span class='ocrx_word' id='word_1_179' title='bbox 118 2526 186 2583; x_wconf 88' lang='grc' dir='ltr'>τῳ]</span> <span class='ocrx_word' id='word_1_180' title='bbox 219 2526 297 2581; x_wconf 86' lang='grc' dir='ltr'><strong><em>πρὸ</em></strong></span> <span class='ocrx_word' id='word_1_181' title='bbox 328 2533 405 2568; x_wconf 81' lang='grc' dir='ltr'><strong><em>τοῦ</em></strong></span> <span class='ocrx_word' id='word_1_182' title='bbox 435 2528 484 2568; x_wconf 88' lang='lat' dir='ltr'>G.</span> <span class='ocrx_word' id='word_1_183' title='bbox 516 2528 776 2568; x_wconf 80' lang='lat' dir='ltr'>Hermannus</span> <span class='ocrx_word' id='word_1_184' title='bbox 806 2528 913 2578; x_wconf 83' lang='lat' dir='ltr'>apud</span> <span class='ocrx_word' id='word_1_185' title='bbox 943 2527 1116 2568; x_wconf 85' lang='lat' dir='ltr'>Runkel.</span> <span class='ocrx_word' id='word_1_186' title='bbox 1147 2526 1332 2567; x_wconf 88' lang='lat' dir='ltr'>Pherecr.</span> <span class='ocrx_word' id='word_1_187' title='bbox 1363 2538 1402 2574; x_wconf 84' lang='lat' dir='ltr'>p.</span> <span class='ocrx_word' id='word_1_188' title='bbox 1438 2525 1532 2563; x_wconf 84' lang='lat'>187.</span> <span class='ocrx_word' id='word_1_189' title='bbox 1572 2521 1711 2577; x_wconf 83' lang='grc' dir='ltr'><strong><em>πρόμῳ</em></strong></span> 
     </span>
     <span class='ocr_line' id='line_1_28' title="bbox 118 2579 1711 2636; baseline -0.004 -10"><span class='ocrx_word' id='word_1_190' title='bbox 118 2587 323 2636; x_wconf 85' lang='lat' dir='ltr'>Muretus,</span> <span class='ocrx_word' id='word_1_191' title='bbox 366 2586 564 2627; x_wconf 89' lang='lat' dir='ltr'>vocabulo</span> <span class='ocrx_word' id='word_1_192' title='bbox 610 2586 772 2625; x_wconf 86' lang='lat' dir='ltr'>comicis</span> <span class='ocrx_word' id='word_1_193' title='bbox 816 2586 859 2624; x_wconf 89' lang='lat' dir='ltr'>in</span> <span class='ocrx_word' id='word_1_194' title='bbox 898 2585 1094 2624; x_wconf 89' lang='lat' dir='ltr'>trimetris</span> <span class='ocrx_word' id='word_1_195' title='bbox 1129 2596 1212 2623; x_wconf 90' lang='lat' dir='ltr'>non</span> <span class='ocrx_word' id='word_1_196' title='bbox 1255 2583 1405 2622; x_wconf 83' lang='lat' dir='ltr'>usitato</span> <span class='ocrx_word' id='word_1_197' title='bbox 1438 2579 1553 2634; x_wconf 85' lang='lat' dir='ltr'>(nam</span> <span class='ocrx_word' id='word_1_198' title='bbox 1585 2581 1711 2620; x_wconf 90' lang='lat' dir='ltr'>Arist.</span> 
     </span>
     <span class='ocr_line' id='line_1_29' title="bbox 121 2639 1710 2695; baseline -0.003 -12"><span class='ocrx_word' id='word_1_199' title='bbox 121 2645 282 2684; x_wconf 81' lang='lat' dir='ltr'>Thesm.</span> <span class='ocrx_word' id='word_1_200' title='bbox 324 2646 381 2684; x_wconf 85' lang='lat'>50</span> <span class='ocrx_word' id='word_1_201' title='bbox 421 2656 578 2684; x_wconf 88' lang='lat' dir='ltr'>carmen</span> <span class='ocrx_word' id='word_1_202' title='bbox 616 2645 678 2684; x_wconf 87' lang='lat' dir='ltr'>est</span> <span class='ocrx_word' id='word_1_203' title='bbox 715 2641 934 2694; x_wconf 87' lang='lat' dir='ltr'>melicum).</span> <span class='ocrx_word' id='word_1_204' title='bbox 979 2642 1078 2681; x_wconf 85' lang='lat' dir='ltr'>mihi</span> <span class='ocrx_word' id='word_1_205' title='bbox 1116 2641 1245 2695; x_wconf 75' lang='grc' dir='ltr'><strong><em>βροτῷ</em></strong></span> <span class='ocrx_word' id='word_1_206' title='bbox 1281 2640 1499 2691; x_wconf 88' lang='lat' dir='ltr'>legendum</span> <span class='ocrx_word' id='word_1_207' title='bbox 1535 2639 1710 2679; x_wconf 85' lang='lat' dir='ltr'>videtur.</span> 
     </span>
     <span class='ocr_line' id='line_1_30' title="bbox 117 2696 1711 2755; baseline -0.004 -13"><span class='ocrx_word' id='word_1_208' title='bbox 117 2715 213 2742; x_wconf 85' lang='lat' dir='ltr'>nam</span> <span class='ocrx_word' id='word_1_209' title='bbox 234 2698 376 2755; x_wconf 82' lang='grc' dir='ltr'><strong><em>βροτός</em></strong></span> <span class='ocrx_word' id='word_1_210' title='bbox 399 2703 443 2741; x_wconf 90' lang='lat' dir='ltr'>ut</span> <span class='ocrx_word' id='word_1_211' title='bbox 465 2702 628 2741; x_wconf 88' lang='lat' dir='ltr'>omnino</span> <span class='ocrx_word' id='word_1_212' title='bbox 654 2701 842 2752; x_wconf 87' lang='lat' dir='ltr'>frequens</span> <span class='ocrx_word' id='word_1_213' title='bbox 865 2702 927 2740; x_wconf 86' lang='lat' dir='ltr'>est</span> <span class='ocrx_word' id='word_1_214' title='bbox 948 2699 1056 2750; x_wconf 82' lang='lat' dir='ltr'>apud</span> <span class='ocrx_word' id='word_1_215' title='bbox 1076 2699 1262 2749; x_wconf 85' lang='lat' dir='ltr'>comicos,</span> <span class='ocrx_word' id='word_1_216' title='bbox 1289 2698 1347 2736; x_wconf 90' lang='lat' dir='ltr'>ita</span> <span class='ocrx_word' id='word_1_217' title='bbox 1369 2698 1491 2736; x_wconf 76' lang='lat' dir='ltr'>etiam</span> <span class='ocrx_word' id='word_1_218' title='bbox 1512 2696 1711 2748; x_wconf 84' lang='lat' dir='ltr'>singulari</span> 
     </span>
     <span class='ocr_line' id='line_1_31' title="bbox 123 2752 1711 2808; baseline -0.004 -9"><span class='ocrx_word' id='word_1_219' title='bbox 123 2772 293 2800; x_wconf 88' lang='lat' dir='ltr'>numero</span> <span class='ocrx_word' id='word_1_220' title='bbox 324 2759 530 2799; x_wconf 87' lang='lat' dir='ltr'>interdum</span> <span class='ocrx_word' id='word_1_221' title='bbox 552 2759 770 2808; x_wconf 87' lang='lat' dir='ltr'>invenitur,</span> <span class='ocrx_word' id='word_1_222' title='bbox 791 2758 920 2798; x_wconf 87' lang='lat' dir='ltr'>veluti</span> <span class='ocrx_word' id='word_1_223' title='bbox 940 2757 1070 2796; x_wconf 89' lang='lat' dir='ltr'>Arist.</span> <span class='ocrx_word' id='word_1_224' title='bbox 1092 2756 1184 2795; x_wconf 87' lang='lat' dir='ltr'>Pac.</span> <span class='ocrx_word' id='word_1_225' title='bbox 1210 2756 1306 2795; x_wconf 88' lang='lat'>180.</span> <span class='ocrx_word' id='word_1_226' title='bbox 1345 2752 1590 2795; x_wconf 76' lang='lat' dir='ltr'>Metrobium</span> <span class='ocrx_word' id='word_1_227' title='bbox 1619 2767 1711 2793; x_wconf 88' lang='lat' dir='ltr'>eum</span> 
     </span>
     <span class='ocr_line' id='line_1_32' title="bbox 119 2811 1712 2868; baseline -0.004 -11"><span class='ocrx_word' id='word_1_228' title='bbox 119 2830 227 2866; x_wconf 86' lang='lat' dir='ltr'>esse,</span> <span class='ocrx_word' id='word_1_229' title='bbox 274 2818 344 2868; x_wconf 92' lang='lat' dir='ltr'>qui</span> <span class='ocrx_word' id='word_1_230' title='bbox 395 2819 512 2868; x_wconf 83' lang='lat' dir='ltr'>pater</span> <span class='ocrx_word' id='word_1_231' title='bbox 555 2816 686 2856; x_wconf 83' lang='lat' dir='ltr'>Conni</span> <span class='ocrx_word' id='word_1_232' title='bbox 734 2816 908 2856; x_wconf 85' lang='lat' dir='ltr'>fidicinis</span> <span class='ocrx_word' id='word_1_233' title='bbox 957 2813 1208 2865; x_wconf 84' lang='lat' dir='ltr'>pauperrimi</span> <span class='ocrx_word' id='word_1_234' title='bbox 1258 2827 1281 2852; x_wconf 90' lang='lat' dir='ltr'>a</span> <span class='ocrx_word' id='word_1_235' title='bbox 1337 2813 1505 2852; x_wconf 83' lang='lat' dir='ltr'>Platone</span> <span class='ocrx_word' id='word_1_236' title='bbox 1555 2811 1712 2851; x_wconf 89' lang='lat' dir='ltr'>dicatur</span> 
     </span>
     <span class='ocr_line' id='line_1_33' title="bbox 126 2870 1709 2926; baseline -0.003 -13"><span class='ocrx_word' id='word_1_237' title='bbox 126 2873 326 2926; x_wconf 84' lang='lat' dir='ltr'>(Euthyd.</span> <span class='ocrx_word' id='word_1_238' title='bbox 366 2876 450 2914; x_wconf 79' lang='lat'>272</span> <span class='ocrx_word' id='word_1_239' title='bbox 469 2888 503 2915; x_wconf 90' lang='lat' dir='ltr'>c.</span> <span class='ocrx_word' id='word_1_240' title='bbox 543 2875 700 2914; x_wconf 85' lang='lat' dir='ltr'>Menex.</span> <span class='ocrx_word' id='word_1_241' title='bbox 735 2872 870 2924; x_wconf 82' lang='lat' dir='ltr'>236a)</span> <span class='ocrx_word' id='word_1_242' title='bbox 909 2872 1112 2923; x_wconf 87' lang='lat' dir='ltr'>Bergkius</span> <span class='ocrx_word' id='word_1_243' title='bbox 1151 2873 1191 2911; x_wconf 88' lang='lat' dir='ltr'>et</span> <span class='ocrx_word' id='word_1_244' title='bbox 1221 2870 1582 2910; x_wconf 87' lang='lat' dir='ltr'>Winckelmannus</span> <span class='ocrx_word' id='word_1_245' title='bbox 1614 2882 1709 2908; x_wconf 83' lang='lat' dir='ltr'>con-</span> 
     </span>
     <span class='ocr_line' id='line_1_34' title="bbox 123 2926 1709 2980; baseline -0.005 -8"><span class='ocrx_word' id='word_1_246' title='bbox 123 2932 264 2972; x_wconf 86' lang='lat' dir='ltr'>iciunt.</span> <span class='ocrx_word' id='word_1_247' title='bbox 326 2932 374 2972; x_wconf 88' lang='lat' dir='ltr'>de</span> <span class='ocrx_word' id='word_1_248' title='bbox 417 2932 557 2972; x_wconf 84' lang='lat' dir='ltr'>scribis</span> <span class='ocrx_word' id='word_1_249' title='bbox 597 2931 906 2971; x_wconf 87' lang='lat' dir='ltr'>Atheniensium</span> <span class='ocrx_word' id='word_1_250' title='bbox 944 2929 1117 2980; x_wconf 88' lang='lat' dir='ltr'>publicis</span> <span class='ocrx_word' id='word_1_251' title='bbox 1154 2929 1205 2968; x_wconf 84' lang='lat' dir='ltr'>cf.</span> <span class='ocrx_word' id='word_1_252' title='bbox 1241 2928 1508 2968; x_wconf 85' lang='lat' dir='ltr'>Schoemann.</span> <span class='ocrx_word' id='word_1_253' title='bbox 1570 2926 1709 2976; x_wconf 88' lang='lat' dir='ltr'>Antiq.</span> 
     </span>
    </p>
   </div>
   <div class='ocr_carea' id='block_1_13' title="bbox 1843 987 1855 1008">
    <p class='ocr_par' dir='ltr' id='par_1_14' title="bbox 1843 987 1855 1008">
     <span class='ocr_line' id='line_1_35' title="bbox 1843 987 1855 1008; baseline 0 0"><span class='ocrx_word' id='word_1_254' title='bbox 1843 987 1855 1008; x_wconf 73' lang='lat' dir='ltr'><em>l</em></span> 
     </span>
    </p>
   </div>
   <div class='ocr_carea' id='block_1_14' title="bbox 1788 1010 1843 1054">
    <p class='ocr_par' dir='ltr' id='par_1_15' title="bbox 1788 1010 1843 1054">
     <span class='ocr_line' id='line_1_36' title="bbox 1788 1010 1843 1054; baseline 0 -27"><span class='ocrx_word' id='word_1_255' title='bbox 1788 1010 1843 1054; x_wconf 47' lang='lat' dir='ltr'>ss</span> 
     </span>
    </p>
   </div>
  </div>
 </body>
</html>
