1872 3224
617 227 829 263 ΑΔΗΑΩΝ
868 229 1140 263 ΔΡΑΜΑΤῼΝ
1331 237 1336 240 ’
1592 229 1671 272 121

832 331 917 375 393

287 389 507 431 Βασιλεία

73 530 81 537 ἢ
192 468 275 511 ἔστι
295 468 340 512 δὲ
360 469 429 512 καὶ
448 469 556 525 παρὰ
579 471 765 526 Κρατίνῳ
785 469 811 524 ἡ
834 473 1035 517 Βασιλεία.
1060 475 1191 515 Schol.
1213 476 1422 528 Aristoph.
1446 477 1524 517 Av.
1548 478 1672 516 1536.

834 597 921 641 394

287 654 460 711 Βολβός

10 755 27 778 τ.
191 739 339 780 Athen
376 741 412 789 1,
446 740 535 779 220
564 735 750 793 ὀρχησταὶ
781 738 825 779 δὲ
858 737 1014 790 ἔνδοξοι
1046 738 1197 794 Βολβὸς
1227 738 1302 792 μὲν
1342 739 1449 795 παρὰ
1486 741 1670 798 Κρατίνῳ

76 798 157 838 κτλ.
191 797 241 838 of.
276 797 423 839 Callias
456 799 523 838 25.

836 899 923 943 395

283 957 406 1014 Βρέα

190 1041 368 1093 Hesych.
402 1041 616 1109 Κρατῖνος
635 1038 833 1094 μέμνηται
874 1040 944 1093 τῆς
980 1041 1037 1090 εἰς
1079 1040 1212 1095 Βρέαν
1248 1039 1449 1091 ἀποικίας.
1511 1041 1594 1082 ἔστι
1623 1040 1670 1083 δὲ

0 1100 3 1101 ’
78 1096 194 1147 πόλις
230 1097 406 1154 Θράκης.
437 1098 494 1147 εἰς
524 1096 579 1151 ἣν
606 1092 821 1152 Ἀθηναῖοι
848 1095 1043 1139 ἀποικίαν
1063 1097 1296 1152 ἐξέπεμπον.
1329 1101 1379 1141 cf.
1403 1101 1544 1152 Steph.
1568 1102 1664 1153 Byz-

77 1153 198 1209 Βρέα.
257 1157 476 1198 Herodian.
516 1157 537 1196 Ι
577 1158 682 1207 283,
716 1159 772 1198 20
802 1158 941 1198 Lentz.
987 1159 1161 1198 Boeckh.
1202 1158 1350 1210 opusc.
1389 1159 1448 1198 VI
1498 1160 1575 1198 167
1608 1173 1667 1210 sq

0 1212 2 1214 ’
77 1214 130 1254 Η.
163 1215 324 1266 Sauppe
353 1215 600 1257 Monatsber
623 1216 662 1255 d.
684 1216 812 1258 sachs.
836 1216 926 1256 Ges.
957 1217 1065 1256 1853
1088 1217 1203 1256 Febr.
1228 1219 1335 1256 33—
1342 1217 1410 1256 48.
1443 1217 1493 1259 H.
1526 1217 1664 1256 Iacobi

75 1286 139 1324 ap.
172 1273 292 1312 Mein.
326 1273 362 1311 V
392 1286 433 1324 p.
466 1273 608 1313 XLIV.
648 1272 862 1314 ‘coloniam
904 1274 1050 1313 Bream
1091 1274 1305 1314 deductam
1344 1287 1430 1314 esse
1467 1274 1572 1314 circa
1604 1274 1667 1314 Ol.

75 1330 130 1370 84
160 1343 254 1371 vere
286 1331 448 1372 videtur
477 1331 704 1383 suspicatus
725 1345 812 1371 esse
836 1332 1067 1383 Sauppius'.
1098 1331 1312 1372 Kirchhoff
1327 1332 1360 1372 Ι.
1384 1332 1434 1372 Α.
1458 1334 1507 1372 31
1533 1346 1573 1384 p.
1600 1333 1666 1371 14.

830 1455 915 1498 396

282 1514 438 1568 βῶσον
473 1519 478 1523 “

188 1594 414 1648 βοήθησον.
476 1598 686 1649 Κρατῖνος.
719 1597 877 1638 Suidas.
911 1599 1085 1638 Zonaras
1107 1595 1266 1649 βώοσον
1290 1595 1402 1650 (816)·
1434 1593 1663 1650 βοήθησον.

72 1655 284 1707 Κρατῖνος.
346 1658 453 1694 reche
483 1656 684 1696 Kasterus
714 1653 866 1707 βόησον
910 1669 983 1707 pro
1028 1651 1253 1708 βοήθησον.
1293 1655 1468 1707 Hesych.
1499 1656 1663 1708 βῶσον·

74 1711 257 1763 κάλεσον,
278 1710 443 1764 βόησον.
468 1713 676 1764 Aristoph.
698 1713 790 1754 Pac.
818 1715 925 1753 1155
949 1710 1188 1766 Χαρινάδην
1209 1727 1267 1761 τις
1287 1711 1470 1766 βωσάτω.

282 1895 679 1951 γαστροχοὲρυβδις
831 1836 915 1880 397

193 1976 259 2018 ἐπὶ
288 1978 371 2018 τῶν
399 1974 703 2018 κατεσθιόντων
733 1980 934 2032 Κρατῖνος
965 1973 1090 2018 εἶπεν.
1121 1979 1290 2018 Bekker.
1323 1978 1473 2018 Anecd.
1498 1980 1564 2027 33,
1601 1980 1667 2018 18.

77 2037 130 2077 cf.
164 2037 349 2078 Pherecr.
382 2038 449 2079 95.
481 2037 692 2088 Aristoph.
726 2037 803 2088 Eq.
837 2038 919 2076 248
951 2050 1041 2076 cum
1071 2038 1239 2087 interpr.

829 2148 915 2192 398

284 2204 485 2262 γλύφειν

196 2289 396 2343 Κρατῖνος
429 2287 511 2342 (ἐπὶ
540 2288 923 2345 δακτυλιογλύφου).
954 2291 1097 2331 Pollux
1128 2293 1166 2341 7,
1202 2292 1296 2331 179.

830 2414 915 2458 399

284 2474 539 2527 γονατίζειν

192 2556 363 2606 Ρο11.2,
400 2557 479 2596 188
496 2554 615 2621 γόνυ
645 2552 670 2607 ἡ
701 2570 799 2608 μετα
830 2553 923 2603 τοὺς
953 2553 1106 2608 μηροὺς
1138 2550 1377 2608 συγκαμπή,
1408 2550 1484 2605 ἀφ’
1518 2548 1569 2594 οὗ
1598 2553 1666 2594 καὶ

80 2609 123 2652 τὸ
151 2612 372 2665 γονατίζειν
400 2626 508 2667 παρα
540 2613 726 2668 Κρατίνῳ
757 2613 810 2668 τῷ
840 2612 1140 2668 κωμῳδιοποιῷ.

832 2736 920 2780 400

286 2793 525 2837 δασύποδα

195 2877 340 2918 Pollux
371 2879 409 2928 5,
443 2879 496 2919 68
528 2876 596 2918 δια
627 2872 743 2918 τοῦτό
773 2891 840 2930 μοι
882 2876 998 2918 δοκεῖ
1029 2874 1254 2930 (δοκοῦσιν)
1294 2875 1560 2916 δασύποδα
1598 2871 1665 2916 τὸν

80 2932 214 2988 λαγὼν
242 2932 355 2975 ἄλλοι
380 2950 421 2976 τε
450 2934 518 2975 καὶ
547 2937 749 2988 Κρατῖνος
779 2938 930 2988 καλεῖν,
960 2933 1087 2987 ὄνομα
1117 2932 1350 2987 ποιούμενοι
1386 2934 1440 2990 τῷ
1469 2933 1554 2989 ζώῳ
1594 2929 1666 2986 τὴν
