1872 3224
620 242 859 276 ΟΔΤΣΣΗΣ
912 243 1168 277 HANOHTAI
1640 244 1688 286 61

106 347 212 388 Bibl.
243 346 365 387 Coisl.
397 361 435 398 p.
468 347 551 385 474
581 350 692 398 μισεῖ
715 341 790 400 γάρ
819 346 931 387 πάνυ
960 345 1032 395 τὰς
1063 351 1273 400 γυναῖκας,
1306 346 1383 401 πρὸ
1409 348 1500 402 (sic)
1522 345 1697 388 παιδικα

106 400 151 442 δὲ
181 402 311 456 τρέπει
341 408 432 443 νῦν.
484 404 532 445 cf.
565 404 710 444 Suidas
748 404 929 445 παιδικά.
971 406 1105 446 Cram.
1137 407 1291 446 Anecd.
1325 407 1450 448 Paris.
1482 407 1566 446 IIII
1603 409 1695 455 173,

109 463 164 500 10
195 462 392 514 Κρατῖνος
425 458 679 509 Πανόπταις·
714 474 840 512 μισεις
871 455 945 516 γὰρ
975 476 1086 502 πανυ
1118 477 1186 511 τας
1217 479 1439 516 γυναικας,
1469 478 1568 517 προς
1599 478 1694 503 παι-

106 517 200 558 dana
231 518 275 559 δε
307 533 429 571 τρεπη
461 523 540 558 νῦν
571 518 677 573 (sic).
709 521 818 560 varie
849 521 947 560 haec
975 534 1049 560 nec
1080 522 1177 560 satis
1218 523 1484 573 probabiliter
1513 523 1696 563 homines

106 576 214 616 docti
244 579 533 617 tractaverunt..
595 578 646 617 cf.
679 581 887 628 praeteri
870 579 1114 618 Meinekium
1145 579 1245 618 Pors
1249 593 1312 619 on.
1336 594 1399 631 ap.
1421 580 1546 620 Dobr.
1569 581 1694 620 Arist.

105 633 183 674 Av.
218 635 314 674 718.
354 634 579 674 Blomfield.
612 636 714 675 Mus.
748 636 838 675 crit.
871 635 985 677 Cant.
1017 636 1058 674 II
1093 638 1186 676 143.
1225 637 1380 677 Iacobs.
1412 638 1578 677 Anthol.
1611 638 1693 677 Pal.

106 693 202 731 666.
233 692 383 744 Bergk.
414 692 464 731 R.
496 705 528 731 c.
561 693 647 734 Att.
684 695 780 733 185.

860 805 940 848 153

248 886 413 940 κρανία
445 882 579 927 δισσοὶ
611 891 791 940 φορεῖν,
824 882 1059 940 ὀφθαλμοὶ
1091 885 1134 927 δ’
1167 884 1252 928 οὐκ
1284 884 1545 943 ἄριθμητοί.

218 980 468 1030 Hephaestio
505 981 626 1029 1,18
666 976 765 1032 παρ’
799 975 910 1035 αὐτῷ
946 979 1000 1035 τῷ
1040 981 1221 1035 Κρατίνῳ
1254 1015 1262 1024 ,
1287 1011 1295 1020 .
1321 1013 1329 1021 .
1364 980 1408 1020 ἕν
1440 980 1690 1030 Πανόπταις.

103 1034 269 1089 κράνεια
317 1036 546 1089 δισσάφορα
594 1021 992 1089 ΒΗΕ1.οΞριθματοί
1026 1038 1143 1078 CEP.
1191 1060 1244 1066 -—
1292 1042 1334 1079 at
1379 1041 1421 1078 in
1460 1040 1689 1080 hexametro

101 1108 184 1135 11011
214 1096 326 1135 locus
358 1099 420 1134 est
450 1095 600 1135 formae
644 1096 814 1134 doricae.
876 1096 989 1135 deest
1027 1099 1068 1135 et
1113 1098 1281 1136 verbum
1328 1111 1350 1136 a
1393 1110 1473 1148 quo
1519 1098 1694 1148 pendeat

104 1155 246 1204 φορεῖν
275 1155 317 1191 et
356 1153 464 1203 quod
501 1153 773 1204 praedicatum
807 1157 893 1193 erat
922 1154 971 1192 de
1009 1150 1228 1205 ὀφθαλμοί.
1289 1157 1431 1207 φορεῖν
1461 1168 1551 1194 eum
1591 1156 1690 1196 Hor.

104 1209 235 1250 Carm.
271 1212 306 1259 1,
341 1212 380 1262 8,
416 1213 467 1251 10
498 1208 661 1251 brachia
686 1214 840 1262 qestare
870 1214 1077 1262 comparat
1108 1213 1346 1254 Meinekius.

858 1323 940 1366 154

338 1400 752 1459 ἀλλοτριογνώμοις
783 1401 1053 1460 έπιλήσμοσι
1084 1411 1453 1460 μνημονικοῖσιν.

218 1498 464 1549 Hephaestio
507 1500 629 1547 1,16
668 1495 751 1549 η’δη
778 1495 922 1562 μέντοι
959 1495 985 1550 ἡ
1017 1496 1083 1537 διὰ
1117 1504 1188 1538 τοῦ
1217 1514 1272 1550 μν
1302 1495 1493 1548 σύνταξις
1533 1498 1692 1552 ε’ποίησέ

102 1568 182 1593 που
203 1553 273 1594 καὶ
292 1556 499 1607 βραχεῖαν,
521 1551 575 1603 ὥς
597 1554 662 1594 καὶ
683 1569 790 1608 παρα
813 1555 997 1612 Κρατίνῳ
1020 1554 1064 1595 ἐν
1086 1554 1336 1604 Πανόπταις.
1361 1558 1500 1597 eadem
1523 1558 1691 1601 Bekker

104 1613 256 1652 Aneed.
294 1614 418 1653 1176.
451 1613 628 1653 Cramer.
661 1614 811 1655 Anecd.
834 1613 907 1654 Ox.
929 1614 1013 1653 IIII
1043 1616 1139 1653 414.
1189 1610 1531 1666 άλλοτριογνώμης
1551 1615 1689 1655 BHFl.

101 1665 486 1723 ἆλλοτριογνῶμοσιν
516 1671 603 1711 cod.
632 1671 822 1710 Bekkeri.
855 1668 1146 1723 ἐπιλησμουσιν
1174 1672 1258 1712 cod.
1281 1672 1405 1711 Bekk.
1422 1695 1475 1700 -
1493 1673 1542 1712 de
1563 1673 1692 1713 forma

101 1724 439 1780 άλλοτρίογνωμος
470 1729 519 1769 cf.
551 1728 654 1768 Lob.
675 1729 829 1780 Phryn
852 1730 947 1768 383.
981 1729 1110 1769 Bekk.
1136 1730 1285 1769 Anecd.
1308 1731 1404 1800 385,
1429 1731 1452 1769 7
1484 1726 1687 1783 ἀλλοτριό-

101 1796 278 1837 γνωμος·
310 1784 496 1836 σημαίνει
525 1781 546 1824 ὁ
577 1782 626 1825 τὰ
656 1781 839 1839 ἀλλότρια
871 1784 915 1825 ἐν
944 1784 1084 1841 γνώμῃ
1115 1784 1214 1838 ἔχων
1252 1785 1320 1826 καὶ
1356 1784 1410 1838 μὴ
1449 1784 1496 1825 τὰ
1528 1785 1688 1828 ἑαυτοῦ.

102 1843 236 1893 itaque
256 1843 363 1882 idem
392 1845 455 1883 est
482 1844 591 1895 quod
618 1845 979 1896 πολυπραγμονῶν.
1023 1847 1245 1895 carpuntur
1265 1845 1495 1895 philosophi
1519 1847 1589 1895 qui
1610 1846 1690 1885 alia

103 1900 238 1939 omnia
268 1901 398 1952 magis
427 1903 570 1941 curent
599 1914 719 1952 quam
741 1915 786 1941 ea
806 1914 907 1952 quae
929 1901 1080 1941 deceat.
1113 1902 1162 1941 cf.
1184 1902 1331 1953 Bergk.
1355 1902 1400 1941 R.
1425 1915 1455 1941 ο.
1479 1903 1568 1942 Att.
1593 1904 1687 1944 182.

858 2013 939 2055 155

217 2106 349 2147 Schol.
382 2107 642 2158 Aristophan.
676 2108 783 2148 Nub.
818 2110 871 2148 96
902 2106 1050 2159 κυρίως
1080 2104 1124 2147 δὲ
1144 2106 1327 2160 πνιγεύς,
1350 2104 1453 2147 ἔνθα
1475 2108 1515 2147 οἱ
1530 2106 1687 2171 α’νθρα-

104 2177 171 2210 κες
202 2161 357 2214 ἔχονται
386 2162 454 2203 καὶ
485 2164 707 2217 πνι’.γονται
767 2170 893 2204 ταῦτα
921 2164 966 2204 δὲ
986 2163 1179 2217 πρότερος
1201 2164 1361 2218 Κράτης
1383 2162 1428 2204 ἐν
1449 2160 1687 2214 Πανόπταις

102 2218 273 2273 δράματι
309 2219 399 2273 περὶ
430 2219 679 2291 Ἵππῳνος
719 2227 804 2262 τοῦ
843 2219 1127 2273 φιλοσόφου
1166 2221 1373 2277 κωμῳδῶν
1417 2216 1542 2262 αὐτὸν
1585 2221 1687 2276 λέγει

169 2277 398 2327 ,φαίνεται
427 2276 472 2317 δὲ
502 2276 570 2318 καὶ
603 2277 666 2319 ἐπὶ
696 2278 821 2343 τούτῳ
852 2276 873 2319 ὁ
894 2278 1057 2319 Ἵππων
1087 2280 1391 2334 κωμῳδηθῆναι
1422 2279 1611 2330 φθάσας·
1644 2279 1686 2320 τὸ

102 2331 146 2373 δὲ
175 2340 257 2374 τῶν
286 2333 539 2388 ἐγκλημάτων
568 2332 664 2376 οὐδὲ
694 2330 736 2376 τὸ
766 2335 936 2377 σύνολον
966 2335 1222 2377 ἐπικοινωνεῖ
1246 2337 1476 2392 φιλοσοφία.
1530 2339 1683 2378 Crateti

103 2392 254 2432 Cratini
300 2406 447 2433 nomen
491 2394 704 2435 substituit
742 2396 966 2436 Meinekius
1005 2396 1105 2437 conl.
1145 2396 1268 2435 schol.
1310 2378 1529 2436 Clementis
1570 2397 1684 2435 Alex.

102 2450 234 2491 Protr.
271 2452 349 2490 103
380 2451 492 2502 Lips.
534 2457 604 2491 τοῦ
629 2450 836 2500 Ἵππωνος
875 2450 944 2491 καὶ
981 2450 1108 2491 αὐτοῦ
1151 2449 1206 2500 ὠς
1251 2449 1426 2517 ἀσεβοῦς
1471 2451 1686 2516 γενομένου

101 2504 298 2558 μέμνηται
341 2503 363 2546 ὃ
387 2509 616 2571 Κρατῖνος.
677 2510 858 2561 Etymol.
905 2524 957 2549 111.
998 2513 1094 2561 677,
1127 2512 1180 2550 33
1218 2503 1384 2562 πνιγεὺς
1430 2522 1537 2563 παρα
1582 2513 1684 2557 τοῖς

102 2567 349 2615 κωμικοῖς
380 2557 401 2603 ὁ
432 2571 623 2617 φοῦρνος.

857 2680 938 2723 156

219 2759 350 2801 Schol.
383 2763 587 2813 Aristoph.
618 2762 725 2802 Nub.
756 2763 839 2803 985
886 2762 1157 2814 Κηκείδου
1205 2760 1476 2829 διθυράμβων
1518 2760 1684 2814 ποιητὴς

103 2816 215 2857 πάνυ
244 2813 420 2871 ἆρχαῐος.
451 2816 644 2870 μέμνηται
676 2818 721 2859 δὲ
751 2815 878 2859 αὐτοῦ
912 2821 1107 2867 Κρατῖνος
1139 2818 1183 2858 ἐν
1204 2816 1452 2867 Πανόπταις.
1514 2821 1683 2860 Photius

105 2874 303 2926 Κηδίδης’
337 2874 609 2928 διθυράμβων
637 2890 819 2929 ποιητης.
859 2878 925 2916 ubi
958 2878 1244 2918 schleusnerus
1270 2876 1480 2928 Κηκείδης.
1514 2878 1566 2917 ef.
1585 2891 1685 2927 quae

106 2933 155 2972 ad
186 2933 312 2972 Arist.
344 2933 451 2973 Nub.
485 2935 566 2974 985
598 2938 640 2974 et
669 2936 750 2975 967
783 2935 1076 2976 adnotavimus.
