1872 3224
232 194 313 236 114
603 161 605 163 ¹
881 186 1137 222 KPATJNOT

227 301 434 351 Κρατῖνος.
451 297 621 347 Hesych.
638 291 774 346 Λέρνη
789 295 967 332 θεατῶν·
989 289 1178 343 παροιμία
1199 288 1257 336 τίς
1269 286 1378 328 ἐστιν
1392 281 1600 341 Ἀργολικὴ
1620 285 1794 344 Λέρνῃ
1828 334 1830 337 .

226 361 390 395 κακῶν
515 351 560 391 τὰ
589 346 661 405 γὰρ
699 346 1017 402 ἀποκαθαρματα
1055 347 1111 395 εἰς
1149 352 1262 386 τοῦτο
1300 344 1343 385 τὸ
1380 344 1525 399 χωρίον
1563 342 1792 399 ἐνέβαλλονι

227 411 423 465 Λέρνην
451 405 524 449 οὖν
552 412 711 448 θεατῶν
741 405 816 458 ἔφη
846 404 867 446 ὁ
897 407 1094 459 Κρατῖνος
1124 402 1168 443 τὸ
1188 401 1363 451 θέατρον
1393 401 1460 442 διὰ
1491 400 1534 442 τὸ
1566 401 1792 455 σύμμικτον

227 465 326 508 εἶναι
355 467 420 507 καὶ
448 463 705 506 παντοδαπὸν
734 463 851 515 ὄχλον
879 461 992 514 ἔχειν.
1053 466 1310 513 spectatorum
1340 462 1556 501 commviem
1594 474 1683 501 eam
1711 461 1791 503 for·
1863 508 1869 513 Α(

226 530 330 566 tasse
359 527 623 576 spectatorum
654 526 806 573 partem
838 521 1005 570 dicebat,
1038 533 1138 571 quae
1169 520 1325 559 aemulo
1356 531 1450 569 prae
1481 531 1522 559 se
1553 518 1733 560 favisset.

964 632 1047 675 348

338 720 454 759 Phot.
485 721 525 758 et
556 718 697 758 Suidas
717 714 862 756 Ὄνου
892 711 1065 755 πόκαι·
1106 711 1170 753 ἐπὶ
1199 718 1281 753 τῶν
1310 709 1526 764 ἀνηνύτων
1544 710 1613 753 καὶ
1639 706 1794 766 μὴ”’ὄν-ὲ
1850 710 1872 769 g

226 791 305 816 των
335 774 482 829 λέγεται
510 771 535 826 ἡ
566 773 754 826 παροιμία
784 770 863 813 ὑπὸ
895 774 975 812 τῶν
999 770 1202 822 Ἀττικῶν,
1233 768 1366 823 ὥσπερ
1393 771 1652 823 αἱτοιαῦται,
1680 770 1794 812 πλίν-

225 837 305 873 θον
332 831 512 883 πλύνειν,
542 828 668 871 ἀσκὸν
696 830 850 881 τίλλειν,
881 828 1030 883 χύτραν
1058 827 1289 881 ποικίλλειν,
1321 827 1378 876 εἰς
1399 832 1590 882 κοπρῶνα
1619 827 1792 881 θυμιᾶν.
1855 819 1865 848 ’ἲ

223 887 469 944 Ἀρίσταρχος
501 886 544 927 δὲ
574 886 639 927 διὰ
671 887 712 927 τὸ
743 890 943 941 Κρατῖνον
972 883 1206 926 ὑποθέσθαι
1245 883 1288 925 ἕν
1305 883 1451 925 ’Ἅιδου
1490 885 1671 938 σχοινίον
1697 883 1793 927 wu-

226 961 361 998 κοντα,
393 946 488 986 ὄνον
518 943 562 985 δὲ
592 943 635 984 τό
667 944 911 996 πλεκόμενον
939 941 1199 984 ἀπεσθίοντα.
1251 944 1386 983 Photii
1417 945 1546 995 ipsius
1574 944 1698 987 verba
1727 957 1792 985 ex·
1861 950 1865 954 ’

226 1009 352 1043 trema
381 1005 523 1043 docent
543 1017 564 1042 a
586 1003 747 1042 Cratino
778 1004 912 1053 potius
934 1000 1085 1042 Ὄκνου
1114 996 1263 1048 πλοκάς
1294 1001 1418 1042 fuisse
1449 1003 1792 1050 commemoratas.

230 1063 278 1101 cf.
311 1061 513 1111 Aristoph.
544 1062 642 1102 Ran.
679 1061 756 1099 186
788 1073 877 1100 cum
906 1061 1074 1110 interpr.

963 1170 1047 1213 349

343 1266 482 1305 Suidas
533 1263 747 1303 Ναύσων
783 1258 1074 1316 Ναυκράτη·
1117 1261 1182 1303 ἐπὶ
1223 1264 1301 1303 τῶν
1336 1260 1482 1316 ὁμοίως
1511 1259 1790 1307 ἀποδιδόντων

227 1319 416 1373 ἀλλήλοις.
465 1317 790 1373 ὀνοματοποίησις
828 1318 873 1360 δὲ
903 1319 945 1360 τὸ
976 1319 1179 1373 Ναύσων,
1218 1317 1273 1367 (ὃς
1310 1319 1354 1360 τὸ
1390 1317 1565 1374 ἀγαθοῖν
1592 1318 1793 1375 &rameng-

226 1378 292 1418 καὶ
329 1376 550 1431 λευκότερος
590 1377 819 1426 Λεύκωνος.
880 1378 1034 1418 Cratini
1064 1392 1150 1418 esse
1186 1379 1302 1418 docet
1333 1379 1505 1430 Hesyoh.
1549 1378 1792 1420 Ναύσωιν

228 1437 420 1488 Κρατῖνος
450 1433 574 1487 ὄνομα
605 1434 763 1487 ἐποίησε
794 1433 836 1474 τὸ
867 1436 913 1474 Ν
917 1434 1085 1475 αύσων
1113 1433 1221 1489 παρὰ
1243 1434 1316 1487 τὴν
1338 1441 1445 1475 ναῦν
1464 1433 1531 1476 καὶ
1554 1434 1598 1476 τὸ
1619 1439 1793 1491 κρατεῖν.

227 1488 349 1531 πολλὰ
381 1490 425 1531 δέ
455 1489 534 1531 ἔστι
564 1498 745 1544 τοιαῦτα,
775 1491 841 1532 καὶ
869 1489 1038 1545 ἀγαθῶν
1069 1492 1185 1545 (adde
1214 1489 1435 1548 ἀγαθῖδες)
1466 1491 1536 1533 καὶ
1563 1492 1794 1548 λευκότερος

229 1547 456 1596 Λεύκωνος.
517 1551 565 1589 cf.
595 1550 780 1590 Leutsch.
811 1551 996 1601 Append.
1028 1551 1147 1591 Prov.
1178 1551 1217 1599 4,
1254 1553 1290 1589 1.
1351 1552 1403 1591 cf.
1437 1547 1692 1604 Ναυφάντης
1722 1555 1794 1604 τῆς

234 1604 457 1653 Ναύσωνος
487 1607 689 1657 Aristoph.
719 1608 792 1657 Eq.
829 1609 951 1647 1309.

963 1719 1047 1761 350

342 1799 503 1838 Photius
534 1797 778 1851 σπιθαμή·
817 1797 859 1839 τὸ
888 1796 967 1839 ἀπὸ
998 1805 1068 1840 τοῦ
1097 1799 1268 1854 μεγάλου
1299 1800 1500 1842 δακτύλου
1531 1801 1596 1843 ἐπὶ
1625 1800 1696 1843 τὸν
1724 1817 1790 1856 μι-

228 1849 341 1907 κρόν·
382 1853 423 1894 τὸ
462 1851 502 1893 δ’
542 1851 620 1894 ἀπὸ
657 1856 726 1895 τοῦ
763 1859 926 1908 λιχανοῦ
964 1856 1096 1909 λιχάς·
1139 1855 1213 1910 τὴν
1252 1855 1297 1897 δὲ
1336 1858 1552 1912 σπνθαμὴν
1590 1857 1695 1909 τινὲς
1725 1858 1795 1901 καὶ

230 1907 421 1963 ὃόχμην
463 1914 665 1953 καλοῦσιν.
739 1911 866 1962 οὕτως
912 1917 1124 1966 Κρατῖνος.
1196 1916 1394 1967 Bergkius
1438 1917 1486 1956 R.
1520 1930 1553 1958 e.
1583 1918 1670 1958 Att.
1711 1918 1794 1958 264

232 1969 382 2008 confert
411 1970 594 2011 Eustath.
630 1971 749 2019 1291,
780 1972 833 2010 45
863 1970 953 2024 περὶ
981 1965 1030 2024 ἧς
1061 1970 1210 2023 δόχμης
1241 1971 1384 2021 Αἴλιος
1416 1972 1631 2022 Διονύσιός
1668 1983 1796 2028 φησιν

231 2022 374 2071 οὕτως·
405 2024 528 2076 δόχμη
558 2023 600 2064 τὸ
622 2023 950 2083 Ῑετραδάκτυλον.
992 2026 1241 2083 Ἀρίσταρχος
1273 2027 1318 2069 δὲ
1345 2026 1505 2083 ὀξύνει,
1545 2027 1600 2079 ὦς
1631 2029 1747 2084 δηλοῖ
1772 2027 1795 2071 ὁ

230 2075 397 2131 κωμικὸς
427 2080 471 2120 ἐν
499 2087 552 2136 τῷ
581 2084 718 2122 οὑτοι
748 2078 789 2122 δ’
821 2082 1135 2137 ἀφεστήκασι
1172 2089 1318 2126 πλεῖν
1346 2083 1377 2138 ἢ
1405 2085 1496 2128 δύο
1525 2087 1701 2141 δοχμᾶ.
1750 2085 1795 2128 ἐν

229 2135 359 2187 μέντοι
387 2137 484 2190 φησὶ
514 2142 593 2187 τοῖς
622 2135 908 2194 ἀκριβεστέροις
937 2138 1195 2196 ἀντιγράφοις
1223 2139 1333 2193 ὀξεῖα
1356 2143 1547 2185 ἐπίκειται
1576 2150 1625 2200 τῇ
1653 2140 1793 2200 πρώτῃ

233 2195 409 2248 συλλαβῇ
439 2193 536 2234 κατὰ
567 2194 609 2235 τὸ
646 2196 780 2249 λόχμη.
841 2202 959 2250 atque
997 2201 1102 2240 hunc
1140 2202 1271 2252 ipsum
1310 2215 1472 2243 versum
1509 2203 1666 2243 Cratini
1705 2214 1793 2243 esse

236 2251 460 2294 arbitratur.
493 2254 541 2292 cf.
574 2255 774 2305 Aristoph.
805 2256 878 2306 Eq.
910 2259 1005 2299 318.
1716 2272 1719 2274 ’

963 2367 1043 2410 351

344 2443 457 2495 Phot.
509 2459 548 2494 et
594 2458 733 2497 Suidas
784 2456 940 2498 ὕπουλα
981 2458 1128 2512 γόνατα
1146 2473 1154 2482 ·
1201 2461 1268 2502 καὶ
1313 2461 1494 2504 ὕπουλον
1546 2459 1652 2504 πόδα
1672 2473 1682 2483 ·
1727 2463 1794 2505 καὶ

232 2504 405 2548 ὕπουλον
433 2514 558 2563 χεῖρα·
589 2511 655 2552 καὶ
685 2515 796 2565 σῶμα
825 2510 867 2554 τὸ
897 2519 1141 2569 φλεγμαῖνον
1170 2515 1236 2558 διά
1266 2534 1378 2568 τινας
1407 2514 1559 2574 πληγὰς
1589 2519 1657 2561 καὶ
1677 2515 1793 2576 ἔγγὺς

234 2569 303 2632 τοῦ
344 2562 591 2614 ἀφίστασθαι
634 2568 693 2610 ὅν.
736 2573 931 2624 Κρατῖνος
973 2574 1068 2626 (κρτ.
1107 2575 1256 2629 Phot.).
1289 2578 1391 2617 dixit
1435 2579 1561 2630 igitur
1606 2578 1792 2620 Cratinus

234 2624 453 2662 υπουλον
480 2630 625 2677 σῶμα.

966 2696 1050 2738 352

443 2765 574 2822 Ψύρα
603 2766 683 2812 τὸν
715 2770 945 2815 Διόνυσον
975 2771 1160 2828 ἄγοντες

346 2847 462 2889 Phot.
486 2845 511 2899 ἡ
541 2852 727 2903 παροιμία
756 2853 862 2907 παρὰ
894 2856 1095 2910 Κρατίνῳ·
1127 2856 1172 2897 τά
1203 2857 1247 2898 δὲ
1271 2859 1403 2914 .Ψύρα
1436 2860 1619 2913 νησίδιον
1647 2860 1793 2915 ἔρημον
