1872 3224
203 201 258 242 64
853 188 1104 223 KPA'PINOT

203 307 247 343 ut
275 304 351 343 alia
380 299 570 340 eiusmodi
601 297 753 337 somnia
783 296 876 334 sunt
896 291 1262 343 grammaticorum.
1296 289 1343 328 cf.
1364 287 1465 327 Lob.
1487 288 1642 340 Phryn.
1662 289 1762 356 598.
1815 309 1826 331 3

201 360 502 413 πρεσβευταῑσιν
531 354 750 394 Meinekius
780 352 820 390 in
860 349 1055 388 Athenaei
1093 348 1175 396 ed.,
1219 346 1475 398 inprobatum
1511 347 1650 387 tamen
1686 346 1767 402 ipsi
1814 356 1834 403 Ἰ

202 420 243 457 in
281 415 490 455 Analectis.
520 426 557 452 v.
591 413 613 449 2
652 409 901 449 scribendum
938 406 1100 446 videtur
1134 409 1289 442 πᾶσιν
1326 402 1678 456 εἶσελθοῦσιν,
1708 405 1767 446 εἰ·

201 476 392 521 mulatque
420 472 465 510 in
492 470 625 509 urbem
654 469 854 506 venerunt.
895 464 942 504 cf.
974 475 1075 514 quae
1114 462 1163 500 ad
1202 462 1326 500 Arist.
1362 460 1439 511 Eq.
1480 461 1563 500 975
1601 458 1767 507 mota·

202 532 342 571 vimus.
401 540 532 567 cenam
565 537 664 576 quae
694 521 808 569 κοπίς
849 521 1051 560 dicebatur
1087 519 1284 569 copiosius
1323 517 1517 557 describit
1546 517 1694 559 Athen.
1723 518 1765 570 4‘,
1812 562 1820 568 ,

204 589 281 626 138
297 587 325 625 f.
356 586 408 625 cf.
430 584 688 623 Schoemann.
710 581 808 620 Ant.
830 575 911 630 gr.²
942 578 961 616 I
984 578 1077 619 282.
1110 577 1158 615 de
1187 575 1328 616 leschis
1358 574 1768 617 Lacedaemoniorum

201 645 249 683 of.
283 642 329 682 Ο.
361 641 538 680 Mueller.
571 640 667 678 Dor.
698 638 738 676 II
770 637 864 676 389.

941 746 1020 789 165

633 822 698 878 οἷς
728 825 782 883 δὴ
812 823 1023 882 βασιλεὺς
1055 822 1231 880 Κρόνος
1259 818 1319 880 ἦν
1347 821 1399 866 τὸ
1430 821 1645 881 παλαιόν,

200 901 271 945 ὅτε
299 907 390 951 τοῖς
418 895 566 954 ἄρτοις
599 894 945 952 ἠστραγάλιζον,
982 896 1111 949 μᾶζαι
1142 890 1185 934 δ’
1219 892 1270 935 ἐν
1308 899 1428 936 ταῖσι
1467 892 1767 951 παλαίστραις

200 971 428 1025 Αἰγιναῖαι
458 966 778 1021 κατεβέβληντο
810 963 1054 1019 δρυπεπεῖς
1082 960 1247 1016 βώλοις
1276 976 1324 1004 τε
1354 962 1571 1018 κομῶσαι.

312 1064 537 1102 Athenaeus
569 1061 606 1111 6,
638 1060 716 1098 267
735 1071 755 1098 e
794 1057 835 1096 οἱ
868 1054 909 1096 δὲ
945 1061 1014 1108 τῆς
1043 1053 1209 1127 ἆρὲαίας
1239 1054 1451 1124 κωμῳδίας
1481 1053 1643 1109 ποιηταὶ
1671 1052 1766 1112 περὶ

201 1126 270 1161 τοῦ
298 1117 460 1173 ἀρχαίου
490 1116 579 1170 βίου
608 1113 888 1168 διαλεγόμενοι,
910 1111 969 1153 ὅτι
989 1110 1062 1153 οὐκ
1081 1128 1135 1165 ην
1154 1112 1241 1153 τότε
1262 1112 1421 1152 δουλων
1447 1112 1559 1167 χρεία
1579 1110 1765 1156 ἐκτίθεν-

200 1192 273 1218 ται.
334 1178 524 1229 Κρατῖνος
555 1171 599 1213 ἐν
619 1167 816 1219 Πλούτοις
836 1174 917 1211 κτλ.
939 1193 994 1200 -
1014 1172 1062 1211 de
1082 1168 1227 1223 βώλοις
1250 1171 1653 1223 Schweighaeuser-us
1673 1181 1766 1214 oon-

201 1235 278 1274 fert
307 1233 475 1284 Hesych.
506 1229 649 1283 βωλία·
687 1229 826 1282 βωλίς,
866 1227 988 1281 μάζης
1019 1223 1123 1276 εἶδός
1163 1242 1200 1267 τι
1229 1225 1274 1267 ἐν
1303 1230 1390 1276 ταῖς
1420 1226 1602 1277 θυσίαις.
1661 1241 1765 1282 quae
1859 1249 1872 1287 Ξ

200 1290 434 1343 significatio
466 1301 553 1328 cum
583 1287 739 1327 aliunde
768 1299 848 1326 non
887 1287 940 1326 sit
978 1287 1156 1337 cognita,
1189 1286 1453 1326 ‘dubitanter’
1483 1285 1686 1339 Bergkius
1712 1285 1764 1329 B.
1820 1293 1822 1297 '
1862 1291 1872 1319 :

165 1382 169 1386 .
202 1362 234 1388 c.
266 1349 353 1388 Att.
388 1348 464 1385 197
495 1341 672 1396 ἀμύλοις,
705 1344 925 1384 Meinekius
955 1345 1136 1393 πολφοῐς.
1196 1355 1286 1383 cum
1324 1344 1367 1383 in
1403 1344 1601 1394 pristinae
1638 1343 1764 1394 felici·
1863 1370 1872 1378 -

201 1406 296 1444 tatis
326 1403 599 1454 descriptione,
629 1402 698 1440 ubi
727 1402 850 1440 servis
879 1413 961 1441 non
992 1413 1091 1451 opus
1121 1406 1247 1449 esset,
1279 1414 1402 1451 panes
1432 1403 1502 1441 aut
1532 1402 1642 1442 terra
1670 1413 1762 1453 pro·

200 1465 339 1512 gnatos
376 1462 445 1499 aut
480 1461 522 1498 in
559 1458 765 1498 arboribus
799 1471 1007 1508 pomorum
1044 1458 1162 1497 modo
1198 1460 1405 1499 nascentes
1443 1459 1607 1499 finxisse
1643 1459 1766 1510 poeta

199 1508 390 1566 videatu'r,
419 1517 585 1556 fortasse
605 1515 853 1555 scribendum
882 1518 943 1555 est
972 1512 1184 1564 φύλλοις
1216 1529 1256 1554 τε
1286 1520 1476 1567 κομῶσαι,
1507 1516 1557 1556 cf.
1588 1514 1764 1559 Meinek.

199 1575 238 1614 II
269 1575 363 1614 374.
395 1573 441 1613 O.
473 1573 649 1612 Mueller.
679 1573 822 1623 Aegin.
857 1574 946 1612 186.
975 1574 1149 1612 ceterum
1179 1573 1228 1612 cf.
1260 1572 1443 1613 Chionid.
1477 1575 1516 1614 7.

933 1684 1013 1726 166

392 1761 450 1819 μὴ
482 1764 694 1820 ξυντυχίᾳ
720 1762 1024 1819 βαρυνόμενοι

310 1858 531 1897 Priscianus
556 1859 618 1904 18,
644 1859 719 1897 169
738 1859 930 1910 Κρατῖνος
951 1855 996 1896 ἐν
1016 1855 1211 1906 Πλούτοις
1224 1870 1233 1880 ·
1253 1853 1308 1910 μὴ
1329 1858 1521 1915 ξυντυχίᾳ
1541 1857 1763 1913 βαρυνόμε-

201 1927 273 1952 νοι.
295 1915 472 1954 codicum
491 1915 716 1963 varietates,
740 1928 839 1965 quae
860 1916 910 1954 ad
940 1928 1024 1954 rem
1045 1916 1146 1955 nihil
1167 1916 1332 1964 faciunt,
1365 1917 1416 1957 cf.
1438 1917 1481 1956 in
1503 1917 1763 1958 adnotatione

201 1972 364 2010 Hertzii.
423 1970 666 2022 ξυντυχίαισι
686 1984 773 2011 cum
794 1971 992 2012 Runkelio
1013 1973 1258 2024 Meinekius3
1291 1973 1454 2014 videtur
1482 1974 1592 2014 enim
1624 1987 1762 2016 verane

201 2040 284 2067 esse
313 2029 594 2078 anapaesticus,
625 2029 793 2068 describi
823 2031 958 2068 autem
987 2043 1127 2070 aureae
1157 2031 1302 2072 aetatis
1332 2030 1518 2072 felicitas.

934 2140 1011 2183 167

401 2193 706 2238 ἀνανεοῦσθαι

315 2277 453 2317 Suidas
484 2276 677 2325 Πλούτοις
698 2279 906 2330 Κρατῖνος.
969 2278 1166 2329 Πλούτοις
1188 2282 1384 2334 Κρατῖνος
1404 2281 1598 2325 Valcken.
1629 2281 1760 2323 Diatr.

202 2333 465 2431 {lilgzisp'pgssiff
505 2333 767 2388 Πλούταρχος.
806 2337 1011 2388 Κρατῖνος.
1054 2337 1309 2391 Πλούταρχος
1349 2338 1533 2394 Κρατίνῳ
1578 2338 1658 2380 duo
1695 2351 1760 2382 oo·

936 2494 1016 2537 168

401 2543 653 2604 ἀναπηρίαν

314 2628 451 2668 Pollux
481 2631 517 2679 2,
550 2633 600 2670 61
641 2632 833 2684 Κρατῖνος
865 2630 908 2672 ἐν
938 2631 1118 2688 Πλούτῳ.
1160 2635 1302 2675 Suidas
1339 2632 1592 2688 ἇναπηρίαν’
1632 2632 1760 2684 οὕτως

199 2680 481 2737 Ἀριστοφάνης
503 2686 678 2741 Πλούτῳ.
710 2690 758 2728 ad
778 2690 903 2730 Arist.
925 2691 1030 2730 Plut.
1055 2693 1147 2741 115,
1179 2693 1249 2732 ubi
1277 2693 1395 2733 hodie
1425 2693 1576 2745 legitur
1604 2687 1758 2743 ὄφθαλ·
1835 2739 1838 2742 Α

202 2739 306 2791 μίας,
336 2742 554 2783 Brunckius
583 2746 748 2787 rettulit.
807 2759 895 2786 cum
923 2748 1200 2798 Aristophanis
1221 2749 1363 2790 Plutus
1392 2750 1454 2790 bis
1475 2750 1529 2790 sit
1548 2751 1649 2799 acta,
1677 2753 1760 2790 tres

205 2799 362 2837 omnino
392 2803 483 2838 sunt
510 2802 677 2850 fabulae,
709 2803 759 2841 ad
790 2816 886 2854 quas
915 2805 1153 2844 vocabulum
1182 2806 1283 2846 illud
1313 2807 1516 2858 pertinere
1545 2807 1687 2858 possit.

314 2855 377 2894 Ad
405 2856 541 2898 Plutos
570 2862 770 2909 praeterea
798 2860 996 2912 Bergkius
1034 2862 1081 2901 R.
1114 2876 1146 2903 c.
1179 2863 1267 2903 Att.
1302 2866 1381 2904 198
1419 2864 1545 2904 refert
1577 2863 1630 2904 fr.
1661 2863 1758 2904 326.
