1872 3224
191 178 277 222 430
788 175 1181 210 ΑΡΙΣΤΟΦΑΝΟΤΣ

945 279 1026 321 155

391 359 491 416 ἥκω
524 361 785 414 Θεαρίωνος
816 356 1107 414 ἀρτοπώλιον

395 428 563 483 λιπών,
596 426 657 471 ἵν’
693 428 790 472 ἐστὶ
821 428 1058 484 κριβάνων
1089 427 1269 472 ἑδώλια.

313 525 545 564 Athenaeus
575 525 615 572 3,
651 525 762 563 112e
798 522 981 576 Θεαρίων
1009 519 1032 562 ὅ
1062 519 1295 575 άρτοποιός,
1327 518 1379 564 οὗ
1405 521 1648 576 μνημονεύει
1678 554 1690 565 .
1722 554 1732 564 .
1761 558 1772 569 .

186 580 470 634 Αριστοφάνης
501 578 546 620 ἐν
577 579 794 636 Γηρυτάδῃ
825 580 894 621 καὶ
924 580 1196 621 Αἰολοσίκωνι
1225 580 1293 620 διὰ
1325 578 1478 621 τούτων
1506 584 1589 623 κτλ.
1619 582 1684 627 ef.
1720 583 1772 624 fr.
1830 583 1831 586 '

188 642 225 678 1.
260 640 352 688 149,
387 642 423 678 1.

942 729 1023 772 156

394 814 472 875 ἆρ’
505 821 642 863 ἔνδον
672 818 861 876 α’νδραῖν
891 820 1120 876 κεστρέων
1149 817 1359 874 ἄποικία;

390 887 451 939 ὥς
480 888 565 945 μὲν
595 890 684 945 γάρ
718 890 820 932 ἐστε
851 887 1081 946 νήστιδες,
1112 889 1428 945 γιγνώσκεται.

299 985 531 1025 Athenaeus
564 986 600 1034 7,
634 987 747 1025 307e
786 979 892 1033 εἶδος
922 982 1120 1039 κεστρέων
1155 985 1198 1025 οἰ
1224 982 1380 1038 νήστεις
1411 1019 1420 1029 .
1453 1018 1464 1028 .
1495 1019 1504 1029 .
1532 980 1770 1040 Ἀριστοφά-

186 1068 259 1105 νης
292 1049 508 1108 Γηρυτάδῃ
528 1056 607 1093 κτλ.
640 1051 741 1107 ἐστε]
775 1038 859 1094 geri
887 1055 934 1095 Ρ.
966 1051 1048 1094 ἐστι
1067 1054 1153 1095 BV.
1185 1054 1262 1095 εἰσι
1283 1054 1455 1095 Casaub.
1506 1051 1771 1108 γιγνώσκεται

184 1109 306 1164 PVL]
349 1110 584 1164 γιγνώσκετε
613 1112 664 1151 Α.
715 1113 888 1152 Aristot.
929 1112 981 1153 H.
1020 1127 1086 1153 an.
1119 1114 1165 1162 8,
1193 1114 1240 1162 4,
1275 1114 1300 1153 3
1341 1111 1558 1166 λαίμαργος
1596 1110 1771 1164 μάλιστα

187 1173 269 1207 τῶν
299 1167 460 1220 ἰχθύων
490 1167 599 1208 ἐστὶν
629 1166 650 1207 ὁ
681 1162 868 1223 κεστρεὺς
899 1168 968 1210 καὶ
996 1168 1212 1222 ἄπληστος.
1252 1172 1290 1219 9,
1315 1170 1383 1220 25,
1407 1172 1430 1210 7
1461 1168 1596 1210 πάντα
1626 1163 1772 1223 σχεδόν

186 1224 269 1264 ἐστι
299 1225 550 1279 σαρκοφάγα,
580 1224 686 1278 πλὴν
717 1222 875 1280 ὀλίγων,
906 1222 994 1268 οἷον
1014 1225 1221 1281 κεστρέως.
1251 1227 1427 1279 Hesyeh.
1447 1230 1643 1282 κεστρεῖς·
1674 1225 1772 1276 τοὺς

184 1282 401 1335 κεχηνότας
432 1283 499 1323 καὶ
520 1289 746 1332 πεινῶντας
776 1287 956 1338 κεστρεῖς
973 1285 1146 1351 λίγουσι·
1176 1283 1245 1325 καὶ
1274 1282 1368 1333 τούς
1387 1279 1634 1338 Ἀθηναίους
1663 1282 1772 1326 οὕτω

188 1371 198 1380 .
222 1373 231 1382 .
262 1338 579 1394 προσηγόρευον·
610 1335 654 1381 τὸ
683 1340 760 1395 γάρ
789 1344 893 1391 ζῶον
921 1338 1023 1383 αύτο
1051 1338 1271 1397 λαίμαργόν
1300 1340 1340 1382 τέ
1362 1340 1444 1383 ἐστι
1462 1341 1532 1383 καὶ
1549 1341 1768 1396 ἄπληστον.

185 1399 353 1439 Photius
383 1403 559 1452 κεστρεῖς
592 1398 749 1451 νήστεις
781 1384 926 1453 (ύήσας
955 1400 1061 1453 cod.)
1092 1396 1263 1440 ἐκάλουν
1292 1393 1424 1471 (τοὺς)
1451 1396 1670 1454 κεχηνότας
1699 1397 1768 1441 καὶ

185 1462 432 1504 πεινῶντας·
464 1457 673 1510 λαίμαργοι
702 1456 778 1511 γὰρ
808 1453 921 1498 οὗτοι
950 1458 992 1498 οἱ
1019 1456 1175 1511 ἰχθύες.
1205 1456 1273 1498 καὶ
1292 1474 1318 1511 η
1339 1458 1553 1511 παροιμία·
1582 1455 1770 1512 κεστρεὺς

187 1512 442 1565 νηστεύσεις·
482 1513 636 1567 εἴρηται
667 1513 732 1555 ε’πὶ
769 1521 849 1556 τῶν
879 1515 1396 1569 δικαιοπραγούντων
1432 1512 1528 1568 μέν,
1565 1510 1688 1568 ἦττον
1721 1512 1770 1556 δὲ

187 1569 419 1624 φερομένων
448 1570 515 1611 διὰ
547 1578 665 1612 τοῦτο
693 1569 814 1613 αὐτό·
854 1571 1135 1626 μετενήνεκται
1164 1570 1210 1612 δὲ
1239 1569 1321 1612 άπὸ
1355 1577 1427 1613 τοῦ
1455 1571 1618 1626 ἰχθύος·
1650 1566 1768 1622 οὗτος

186 1622 261 1681 γάρ
290 1627 457 1669 πάντων
486 1635 568 1669 τῶν
597 1629 758 1682 ἰχθύων
787 1627 1176 1685 ἅλληλοφαγούντων
1194 1626 1316 1682 μόνος
1337 1627 1538 1683 ἀπέχεται.
1579 1631 1768 1672 similiter

186 1687 336 1727 Zenob.
367 1688 409 1736 4,
441 1688 494 1727 52
526 1691 646 1739 atque
676 1689 910 1730 Athenaeus
940 1690 1026 1741 ipse
1058 1691 1097 1739 7,
1130 1690 1257 1730 3070.
1298 1689 1431 1730 308b.
1478 1689 1529 1729 cf.
1559 1689 1666 1730 Plat.
1699 1689 1767 1730 29.

185 1744 342 1795 Amips.
386 1747 424 1784 1.
474 1745 671 1797 Archipp.
712 1748 778 1788 12.
829 1747 1073 1798 Theopomp.
1113 1748 1180 1787 13.
1232 1746 1459 1797 Antiphan.
1491 1747 1594 1796 217,
1626 1747 1666 1786 9.
1700 1747 1766 1787 10.

185 1801 334 1841 Eubul.
369 1804 437 1842 68.
476 1798 641 1855 ἀνδρῶν
677 1801 876 1857 κεστρέων
910 1804 1079 1845 ridicule
1109 1804 1231 1854 dixit,
1267 1806 1316 1844 ut
1343 1801 1492 1856 ἄνδρες
1522 1800 1664 1856 ἰχθύες
1692 1804 1769 1844 Ar-

188 1859 323 1910 chipp.
356 1861 424 1899 29.
456 1861 562 1911 apud
594 1862 765 1902 comicos
795 1865 971 1915 κεστρεῖς
1007 1859 1190 1914 νήστιδες
1221 1874 1377 1913 semper
1414 1863 1510 1902 sunt
1537 1863 1677 1902 misere
1703 1861 1769 1910 fa—

188 1917 324 2013 νιὲῑὶἴι.
370 1917 476 1968 apud
520 1919 671 1959 inferos
716 1921 851 1960 nescio
894 1921 984 1972 quis
1027 1920 1182 1972 legatos
1217 1919 1311 1960 illos
1348 1921 1559 1970 poetarum
1602 1918 1768 1970 adloqui

187 1987 227 2013 v1
257 1987 278 2013 e
300 1988 362 2014 ur.

939 2066 1019 2110 157

393 2153 477 2212 τὴν
506 2154 692 2211 μάλθαν
724 2157 776 2200 ἐκ
806 2160 899 2200 τῶν
928 2158 1249 2214 γραμματείων
1277 2155 1462 2215 ἤσθιον.

300 2250 446 2290 Pollux
479 2253 543 2301 10,
577 2253 630 2291 59
658 2248 949 2304 Ἀριστοφάνης
979 2249 1024 2292 δὲ
1055 2250 1100 2292 ἐν
1130 2257 1184 2308 τῷ
1214 2247 1444 2307 Γηρυτάδῃ.
1475 2251 1648 2304 Hesyeh.
1669 2249 1764 2304 μᾶλ-

188 2308 291 2345 θαν·
315 2305 442 2359 κηρὸν
462 2301 622 2348 ἁπαλὸν
640 2307 805 2361 ἤσθιον.
837 2311 886 2350 ef.
909 2310 1056 2362 Bergk.
1086 2310 1132 2352 R.
1153 2323 1186 2350 c.
1208 2310 1295 2350 Att.
1318 2311 1413 2350 393.
1443 2310 1588 2349 Bonibz
1610 2309 1764 2351 Ztsehr.
1847 2346 1849 2349 ,

191 2364 218 2402 f.
253 2366 394 2404 &stem
425 2365 573 2417 Gymn.
607 2368 715 2407 1857
746 2381 785 2418 p.
817 2369 883 2407 95.
913 2367 1081 2408 inrideri
1109 2367 1299 2408 videntur
1327 2369 1471 2418 poetae
1502 2367 1736 2407 esurientes.

937 2513 1017 2557 158

390 2602 653 2660 ἀκροκώλι’,
685 2603 839 2661 ἄρτοι,
871 2603 1088 2662 κάραβοι,
1119 2604 1299 2660 βολβοί,
1331 2605 1468 2660 φακῆ.

301 2698 531 2739 Athenaeus
563 2702 607 2748 3,
641 2700 725 2740 95f
749 2696 1008 2752 ἀκροκωλίων
1044 2695 1090 2737 δὲ
1118 2695 1314 2750 μέμνηται
1340 2694 1633 2749 Ἀριστοφάνης
1664 2727 1676 2738 .
1707 2726 1717 2737 .
1750 2726 1760 2736 .

186 2751 231 2792 ἐν
262 2754 497 2809 Γηρυτάδῃ·
529 2752 760 2808 ἀκροκώλι’,
789 2755 924 2809 ἄρτοι,
951 2752 1135 2808 κάραβοι.
1181 2758 1312 2795 cetera
1341 2755 1500 2794 addidit
1528 2755 1761 2795 Dindorfius

186 2825 233 2850 ex
263 2811 439 2863 Etymol.
470 2820 523 2852 m.
556 2815 621 2863 53,
656 2815 707 2853 14
738 2810 977 2867 ἀκροκώλια,
1007 2810 1133 2866 ἄρτοι,
1163 2811 1315 2864 βολβοί,
1345 2816 1460 2863 φακῆ
1483 2809 1584 2866 (non
1604 2812 1760 2852 adiecto

186 2870 360 2909 auctoris
389 2869 587 2924 nomine).
622 2872 809 2912 ‘fortasse
837 2873 1016 2922 praestat
1047 2868 1203 2920 φακοί.’
1233 2870 1380 2921 Bergk.
