1872 3224
221 210 305 253 646
876 206 1155 241 ΠΛΑΤῼΝΟΣ

221 317 365 356 Phaon
395 328 483 355 eam
513 317 607 353 esset
646 313 918 352 navicularius
953 313 1090 353 solitas
1119 325 1145 354 a
1174 313 1301 354 Lesbo
1336 315 1382 353 in
1417 313 1676 353 continentem
1705 324 1800 362 pro-

222 373 348 413 ximos
377 383 546 421 quosque
574 371 748 410 mercede
777 371 1034 418 transvehere,
1075 370 1260 411 Venerem
1288 374 1483 411 mutatam
1510 371 1557 410 in
1585 382 1691 410 arms
1718 370 1800 419 for-

223 442 331 470 mam
358 431 485 480 „aratis
514 429 752 468 transvexit:
783 431 1018 477 quapropter
1046 429 1096 469 ab
1117 441 1163 469 ea
1192 430 1363 469 donatus
1389 429 1584 478 ‘umquenti
1603 427 1802 468 alabastro
1864 426 1866 429 ’

225 500 312 528 eum
341 499 380 526 se
410 488 455 525 in
486 487 567 525 dies
597 486 689 524 inde
719 488 803 524 tum
831 488 1006 535 πυρετοί,
1036 486 1207 534 feminas
1236 488 1281 526 in
1309 488 1378 526 sui,
1403 497 1575 525 amorem
1611 485 1802 525 trahebat.

224 545 272 586 cf.
306 544 460 582 Aelian.
493 542 541 584 V.
571 542 607 582 h.
642 543 706 591 12,
742 543 807 581 18.
842 541 984 582 Chiam
1014 543 1112 582 dicit
1141 543 1304 582 Lucian.
1333 543 1437 584 Nav.
1457 543 1524 582 43.
1549 541 1661 582 nial.
1682 543 1803 582 mort.

226 604 262 650 9,
296 602 335 639 2.
369 601 419 640 cf.
452 600 625 639 Meinek.
657 599 677 638 I
711 601 789 639 186
821 602 862 639 et
891 599 1102 640 Menandr.
1133 601 1299 641 Philem.
1328 614 1368 650 p.
1394 599 1489 640 105.
1520 599 1561 638 id
1592 611 1803 651 argumen-

223 661 311 697 tum
343 658 401 696 ita
431 657 592 697 videtur
620 657 768 696 Platon
798 657 1080 708 conformasse,
1109 660 1157 696 ut
1185 658 1387 697 Phaonem
1417 657 1461 696 in
1495 656 1681 707 lupanari
1709 669 1806 707 pro·
1864 658 1867 660 ’

225 717 399 755 stantem
430 717 471 754 et
502 715 688 754 mulieres
718 714 893 764 undique
925 714 973 752 ad
1004 728 1094 754 eum
1125 715 1421 763 convenientes,
1444 713 1642 754 Venerem
1671 715 1802 753 autem

226 775 273 811 ut
303 772 510 812 ostiariam
541 772 674 811 aditus
707 771 757 810 ad
788 784 878 810 eum
909 772 1191 822 prohibentem
1222 773 1392 822 faceret,
1435 771 1515 811 nisi
1555 771 1677 811 sacris
1718 770 1803 822 qui-

226 830 396 869 busdam
428 829 505 869 sibi
536 830 756 879 ceterisque
786 829 845 868 rei
875 842 1068 869 venereae
1099 829 1348 869 antistitibus
1378 829 1561 880 peractis.

340 909 388 948 de
418 910 600 959 tempore
631 908 762 948 Schol.
794 909 1000 960 Aristoph.
1023 910 1131 949 Plut.
1157 912 1236 950 179
1269 906 1450 948 Πλάτων
1480 905 1525 947 ἐν
1553 912 1608 963 τῷ
1637 905 1803 962 Φαίδρῳ

226 962 636 1019 ἑπτακαιδεκάτῳ
673 963 773 1005 ἔτει
810 963 1023 1019 ’ὕστερον
1061 965 1108 1019 (i.
1140 980 1174 1006 e.
1205 969 1299 1018 post
1335 966 1516 1006 Dioclem
1558 966 1621 1008 Ol.
1651 966 1727 1016 92,
1758 964 1805 1017 4)

226 1021 527 1075 διδαχθέντι
558 1021 635 1062 ἐπὶ
664 1021 966 1071 Φιλοκλέους
999 1023 1076 1077 (sio
1106 1023 1433 1065 Hemsterhusius
1454 1036 1527 1074 pro
1551 1019 1803 1076 Διοκλέους).

227 1094 300 1132 pro
330 1080 494 1134 Φαίδρῳ
524 1081 853 1121 Hemsterhusius
885 1080 1110 1134 Παιδαρίῳ,
1140 1082 1341 1122 refutatus
1372 1094 1395 1120 a
1425 1080 1623 1120 Meinekio
1653 1079 1675 1120 Ι
1707 1081 1805 1122 176.

228 1142 332 1178 recte
364 1137 575 1178 Clintonus
606 1139 718 1178 Fast.
753 1138 910 1179 Hellen.
946 1141 1024 1180 107
1057 1140 1207 1190 Krueg.
1238 1136 1393 1178 Φάωνι.
1453 1139 1593 1188 itaque
1624 1138 1713 1177 acta
1742 1138 1805 1177 est

228 1196 291 1235 Ol.
326 1198 392 1245 97,
428 1198 448 1234 1
484 1191 583 1249 (non
615 1197 682 1245 97,
716 1192 773 1249 2).
806 1196 853 1235 ef.
886 1196 1061 1239 Meinek.
1083 1197 1103 1235 I
1129 1197 1222 1236 187.
1254 1195 1440 1236 Dindorf.
1463 1195 1594 1234 Metra
1614 1194 1806 1246 Aeschyl-

229 1255 305 1292 cet.
337 1254 434 1292 423.
466 1253 616 1305 Bergk.
648 1253 698 1292 R.
730 1266 763 1292 c.
796 1253 883 1293 Att.
917 1255 1012 1295 212.
1044 1253 1106 1294 Ol.
1140 1255 1207 1303 96,
1239 1254 1266 1292 4
1298 1253 1436 1298 Cobet.
1459 1251 1555 1293 obs.
1588 1251 1675 1292 erit.
1709 1252 1804 1291 172.

227 1313 269 1350 at
299 1311 383 1350 eius
415 1310 508 1349 anni
555 1311 702 1350 archon
743 1310 822 1350 fuit
851 1311 1145 1352 Demostratus.
1186 1312 1320 1363 itaque
1359 1310 1542 1362 proxima
1577 1311 1639 1350 est
1674 1310 1806 1350 aetate

227 1368 516 1408 Ecclesiazusis
546 1368 840 1419 Aristophanis.

982 1503 1063 1545 173

620 1580 708 1638 ἐγώ
739 1579 783 1624 δ’
818 1579 980 1625 ἐνθάδ’
1015 1580 1067 1625 ἐν
1096 1584 1152 1639 τῇ
1179 1580 1334 1640 ’ρημίᾳ

344 1652 470 1694 τουτὶ
501 1651 705 1694 διελθεῖν
734 1650 958 1706 βούλομαι
987 1649 1039 1693 τὸ
1068 1653 1251 1707 βιβλίον

345 1718 458 1774 πρὸς
490 1718 703 1774 ἐμαυτόν.
765 1722 815 1762 Β.
850 1720 944 1762 ἔστι
976 1717 1033 1774 δ’,
1066 1718 1294 1775 ἀντιβολῶ
1326 1731 1391 1775 σε,
1423 1721 1558 1762 τοῦτο
1590 1719 1656 1772 τί;

348 1793 400 1832 Α.
435 1786 685 1840 Φιλοξένου
716 1789 851 1844 καινή
883 1803 949 1838 τις
980 1785 1247 1843 ὀψαρτυσία.

295 1867 316 1898 5
346 1861 396 1901 B.
432 1855 660 1908 ἐπίδειξον
691 1854 836 1913 αὐτὴν
866 1854 963 1912 ἥτις
993 1855 1102 1900 ἔστ’.
1164 1862 1216 1899 Α.
1251 1854 1389 1900 ἄκουε
1422 1857 1495 1912 δή.

347 1925 539 1982 ἄρξομαι
572 1925 623 1968 ἐκ
652 1927 856 1981 βολβοῖο,
888 1925 1144 1982 τελευτήσω
1177 1923 1220 1968 δ’
1255 1926 1329 1969 ἐπὶ
1360 1926 1556 1969 θύννον.

346 1997 398 2037 Β.
434 1994 507 2038 ἐπὶ
537 1992 737 2043 θύννον;
771 1989 946 2037 οὐκοῦν
977 1996 1055 2050 τῆς
1086 1993 1298 2050 τελευτῆς
1327 1991 1447 2037 πολὺ

348 2062 589 2117 κράτιστον
621 2062 812 2106 ἐνταυθὶ
842 2062 1059 2118 τετάχθαι
1088 2062 1266 2115 τάξεως.

347 2136 403 2174 Α.
434 2131 630 2187 βολβούς
658 2131 743 2188 μὲν
773 2131 939 2188 σποδιᾷ
970 2129 1175 2187 δαμάσας
1205 2131 1514 2187 καταχύσματι
1545 2129 1711 2181 δεύσας

283 2210 324 2242 10
355 2197 415 2251 ὠς
446 2202 685 2251 πλείστους
716 2198 964 2255 διάτρωγε·
997 2197 1047 2242 τὸ
1078 2197 1167 2256 γάρ
1199 2199 1334 2255 δέμας
1363 2198 1525 2257 ἀνέρος
1555 2197 1701 2254 ὀρθοῖ.

348 2269 424 2311 καὶ
453 2270 562 2312 τάδε
591 2269 676 2324 μὲν
707 2267 761 2326 δὴ
792 2271 954 2311 ταῦτα·
986 2267 1221 2325 θαλάσσης
1251 2266 1293 2310 δ’
1328 2269 1373 2319 ἐς
1402 2265 1525 2312 τέκν’
1560 2266 1709 2322 ἄνειμι

564 2355 587 2381 *
860 2354 883 2380 *
1158 2354 1182 2380 *
1454 2353 1478 2380 *

349 2404 458 2450 οὐδὲ
490 2405 633 2456 λοπάς
661 2407 806 2449 κακόν
837 2404 976 2448 ἐστιν·
1009 2403 1125 2461 ἀτάρ
1155 2404 1206 2448 τὸ
1235 2405 1435 2462 τάγηνον
1465 2405 1654 2461 ἄμεινον

564 2492 587 2518 *
860 2491 883 2517 *
1158 2490 1181 2516 *
1455 2491 1478 2517 *

350 2542 525 2600 ὀρφιόν,
559 2543 738 2586 αιόλίαν
769 2542 1026 2586 συνόδοντά
1055 2557 1103 2585 τε
1133 2544 1388 2598 καρχαρίαν
1416 2557 1465 2585 τε

349 2611 408 2668 μὴ
440 2613 635 2668 τέμνειν,
666 2611 726 2668 μή
757 2623 830 2654 σοι
858 2611 1038 2666 νέμεσις
1067 2610 1242 2654 θεόθεν
1271 2609 1583 2666 καταπνεύσῃ·

285 2690 327 2721 15
358 2678 459 2723 ἀλλ’
493 2679 601 2723 ὅλον
632 2677 830 2735 ὀπτήσας
859 2679 1085 2734 παράθες·
1119 2679 1293 2722 πολλὸν
1322 2677 1409 2735 γάρ
1441 2676 1643 2733 ἄμεινον.

351 2749 645 2799 πουλύποδος
674 2746 841 2803 πλεκτὴ
875 2745 934 2803 δ’,
965 2744 1027 2803 ἢν
1057 2746 1250 2803 πιλῄσης
1279 2746 1392 2790 κατὰ
1421 2747 1600 2802 καιρόν,

353 2814 472 2871 ἑφθή
496 2820 584 2871 ,τῆς
615 2814 764 2872 ὀπτῆς,
794 2815 854 2873 ἢν
883 2810 915 2873 ᾗ
944 2818 1122 2871 μείζων,
1153 2815 1273 2858 πολὺ
1304 2816 1538 2871 κρείττων,

351 2880 410 2939 ἦν
441 2882 572 2927 ὀπταὶ
603 2885 651 2927 δὲ
681 2883 757 2927 δύ’
789 2879 892 2940 αἷσ’,
924 2884 1048 2940 ἑφθῇ
1079 2885 1254 2926 κλαίειν
1284 2881 1490 2939 ἀγόρευε.
