1872 3224
637 222 848 258 ΑΔΗΛῼΝ
884 223 1155 259 ΔΡΑΜΑΤΩΝ
1618 225 1700 269 125

852 327 940 371 420

306 382 644 440 καλαμῶμενον

34 504 36 506 .
148 475 152 478 ’
215 469 416 523 Κρατῖνος
448 466 597 521 εἴρηκε.
639 468 784 508 Pollux
818 471 862 519 7,
904 471 1000 510 142.
1040 471 1158 510 antea
1193 469 1484 523 καλαμητρίδες
1524 469 1593 511 καὶ
1627 485 1696 511 πο-

35 544 39 578 ,ᾗ
97 523 270 581 ἄστριαι.
302 526 476 579 Hesyeh.
509 524 816 578 καλαμώμενον·
856 526 1117 580 καλαμᾶσθαι
1155 525 1360 581 λέγουσιν,
1402 527 1501 568 ὅταν
1536 527 1579 568 ἐκ
1619 531 1699 569 τῶν

36 607 42 610 -
99 582 402 640 τετρυγημένων
431 580 705 636 ἆπολείμματα
737 583 970 638 συνάγωσιν
1000 582 1029 637 ἢ
1059 584 1250 638 στάχυας.

861 709 945 752 421

308 765 485 818 κύαθος

213 852 362 902 Athen.
398 853 465 901 10,
498 851 628 891 424b
657 849 905 903 μνημονεύει
935 851 1005 893 τοῦ
1037 849 1204 892 κυάθου
1233 850 1303 892 καὶ
1334 884 1344 893 .
1368 883 1378 893 .
1403 884 1411 893 .
1444 855 1658 908 Κρατῖνος.

861 976 948 1019 422

310 1031 619 1090 λαυροστάται

683 1117 697 1132 0·
767 1114 775 1128 Ι
857 1114 866 1131 1
939 1115 951 1131 9

0 1158 2 1161 ,
214 1115 328 1171 μέσοι
366 1122 440 1157 τοῦ
474 1118 612 1171 χοροῦ·
655 1131 779 1157 οιονει
817 1132 894 1171 γαρ
933 1132 978 1157 εν
1017 1124 1207 1174 στενωπῷ
1245 1119 1334 1159 εἰσι.
1381 1117 1621 1175 φαυλότεροι
1651 1118 1699 1160 δὲ

32 1201 37 1203 «
99 1169 223 1216 οὗτοι.
256 1172 362 1216 οὕτω
393 1176 610 1230 Κρατῖνος.
642 1176 761 1216 Phot.
793 1177 927 1216 minus
958 1177 1061 1216 bene
1092 1177 1264 1230 Hesych.

856 1301 942 1356 423

311 1355 532 1402 λεπάσται

215 1450 377 1507 κύλικες
407 1468 513 1502 τινες
545 1451 673 1502 οὕτως
705 1451 933 1493 ἐκαλοῦντο.
966 1455 1180 1508 Κρατῖνος.
1241 1456 1357 1496 Phot.
1391 1456 1441 1498 cf.
1472 1457 1694 1497 Herodian.

99 1511 120 1551 I
151 1513 249 1563 345,
282 1514 306 1551 3
339 1512 464 1551 Lentz
495 1503 539 1551 τὸ
567 1509 702 1564 μέντοι
734 1509 848 1565 ἑορτὴ
881 1508 1066 1561 ὀξύνεται
1095 1511 1164 1552 καὶ
1194 1543 1202 1552 .
1227 1545 1235 1553 .
1260 1544 1269 1553 .
1301 1511 1476 1565 λεπαστὴ
1507 1510 1533 1565 ἡ
1565 1512 1694 1564 κύλιξ.

101 1571 213 1621 atqui
243 1571 324 1609 iam
366 1571 592 1621 antiquitus
631 1571 798 1610 fuerunt
834 1571 903 1622 qui
944 1571 1192 1611 dubitarent.
1225 1572 1373 1614 Athen.
1412 1574 1485 1624 11,
1517 1573 1633 1612 484f
1660 1572 1701 1612 οἰ

106 1625 182 1679 μὲν
211 1623 430 1677 ὀξύνουσιν
461 1658 470 1667 .
495 1657 506 1667 .
531 1660 540 1669 .
572 1627 614 1667 οἱ
639 1625 684 1667 δὲ
714 1626 1028 1682 παροξύνουσιν.

859 1752 948 1795 424

311 1807 468 1866 μάσμα

217 1901 441 1957 μάστευμα,
472 1903 639 1957 ζήτημα.
672 1902 779 1944 οὕτω
801 1906 1015 1958 Κρατῖνος.
1048 1907 1167 1946 Phot.
1190 1908 1239 1946 ef.
1262 1907 1366 1946 Plat.
1390 1906 1542 1958 Cratyl.
1574 1908 1655 1946 421
1675 1921 1698 1947 a

105 1964 147 2002 et
175 1962 234 2002 ibi
265 1962 478 2003 Heindorf.

857 2052 943 2096 425

316 2109 574 2166 μελανκρής

218 2203 338 2244 Phot.
369 2201 596 2257 μελάγχρως
617 2203 686 2244 καὶ
704 2201 939 2258 μελαγχρής.
970 2202 1177 2259 ἀμφότερα
1198 2204 1364 2246 Ammoi.
1386 2207 1538 2259 μᾶλλον
1565 2204 1610 2246 δὲ
1632 2200 1698 2246 διὰ

104 2266 175 2301 τοῦ
203 2275 242 2313 η.
275 2262 489 2314 Κρατῖνος.
520 2263 573 2302 cf.
606 2263 751 2314 Eupol.
784 2264 884 2304 430.
917 2264 1093 2303 Meinek.
1116 2264 1324 2305 Menandr.
1349 2267 1445 2308 281.
1475 2266 1696 2306 Herodian.

104 2319 146 2358 ΙΙ
179 2321 273 2369 159,
307 2320 374 2360 23.
408 2320 504 2370 255,
538 2321 593 2359 24
623 2321 764 2364 Lentz.

416 2501 427 2514 Ι
861 2445 947 2488 426

314 2511 576 2556 μεσοκοπον

203 2591 458 2650 ·ἆρρενικῶς,
479 2595 550 2636 τὸν
568 2595 633 2637 ἐπὶ
651 2595 776 2648 μέσου
796 2594 967 2650 ἡλικίας.
990 2599 1206 2650 Κρατῖνος.
1228 2599 1398 2638 Bekker.
1423 2599 1573 2639 Anecd.
1601 2601 1694 2648 108,

107 2653 178 2693 24.
209 2650 272 2692 ἐπὶ
302 2651 425 2705 μέσου
455 2655 586 2696 Lucas
607 2655 778 2697 observ.
809 2654 850 2709 9]
881 2653 1083 2707 ἐπιμέσου.
1112 2657 1161 2696 de
1190 2657 1357 2696 muliere
1378 2657 1572 2697 Xenarch.
1594 2658 1634 2707 4,
1658 2659 1697 2696 9„

860 2779 944 2823 427

314 2835 565 2892 μετεκβολή

223 2922 420 2982 μεταβολὴ
450 2929 518 2970 καὶ
549 2928 765 2980 ἐξάλλαξις.
797 2933 1008 2985 Κρατῖνος.
1030 2931 1148 2970 Phot.
1201 2944 1203 2946 ·
