1872 3224
171 648 173 650 ·
241 636 316 674 VII
347 635 428 673 404
459 636 499 672 et
527 645 627 682 quae
658 630 708 669 ad
737 627 1022 679 Aristophanis
1053 626 1308 676 Proagonem
1338 622 1637 670 adnotavimus.

238 200 321 243 256
871 187 1156 224 ΦΙΛΩΝΙΔΟΤ

239 303 412 355 ponendi
443 299 724 341 consuetudine
755 297 954 346 copiosius
986 293 1071 345 egit
1103 291 1149 331 G.
1182 290 1437 330 Hermannus
1476 288 1574 328 Eur.
1610 286 1807 330 Androna

238 361 362 413 praef.
393 358 528 399 XV—
547 355 673 396 XVII.

899 474 1140 510 IIPOAI'QN
1831 523 1837 525 -

354 577 414 617 Of.
446 577 646 615 Peterson.
679 572 825 612 Annal.
856 570 1051 610 Fleckeis.
1089 568 1195 607 1862
1218 581 1257 617 p.
1282 566 1378 606 664.
1409 565 1458 604 E.
1489 564 1634 606 Hiller.
1664 563 1808 605 Herm.

862 761 1171 797 ΦΙΛΕΤΑΙΡΟΣ

298 843 302 846 ”
355 863 508 903 Hanov.
537 861 677 900 Exere.
707 860 791 899 orit.
827 859 892 896 14.
923 856 1096 897 Meinek.
1128 855 1147 894 Ι
1182 855 1273 895 103.

771 994 980 1028 ΑΔΗΛΩΝ
1005 990 1278 1026 ΔΡΑΜΑΤῼΝ

1006 1082 1031 1126 7

512 1164 676 1221 ὅρκους
708 1164 757 1206 δὲ
788 1165 960 1220 μοιχῶν
991 1162 1054 1212 εἰς
1083 1161 1257 1217 τέφραν
1289 1158 1376 1216 ἐγώ
1407 1158 1588 1216 γράφω.

356 1250 562 1290 Helladius
594 1249 728 1288 Photii
757 1247 863 1287 Bibl.
887 1248 981 1295 530,
1008 1248 1059 1285 15
1090 1239 1112 1283 ὁ
1143 1243 1274 1296 στίχος
1305 1239 1327 1284 ὁ
1357 1241 1426 1283 καὶ
1454 1238 1813 1295 παροιμιαζόμενος

242 1305 410 1359 εὅρκους
450 1304 523 1359 ἐγώ
561 1302 751 1358 γυναικὸς
782 1304 838 1352 εἷς
867 1301 979 1356 ὕδωρ
1009 1297 1173 1356 γράφω’
1206 1299 1288 1341 ἐστὶ
1315 1297 1392 1353 μὲν
1417 1297 1692 1352 Σοφοκλέους,
1722 1303 1813 1339 τοῦ·

244 1379 312 1404 τον
340 1361 385 1403 δὲ
404 1360 642 1418 παρῳδήσας
673 1359 695 1402 ὁ
714 1360 939 1413 Φιλωνίδης
971 1359 1067 1412 ἔφη·
1092 1358 1237 1412 ὅρκους
1259 1361 1342 1398 κτλ.
1375 1359 1425 1399 cf.
1448 1358 1561 1400 Suid.
1583 1357 1640 1406 εἰς
1661 1353 1815 1410 τέφραν

243 1422 411 1475 γράφειν
440 1426 480 1462 et
518 1419 557 1468 ἐς
595 1419 743 1471 τέφραν
779 1418 956 1471 γράφεις.
997 1431 1135 1459 versus
1175 1417 1383 1468 Sophoclis
1424 1430 1447 1455 a
1475 1415 1690 1456 Philonide
1716 1426 1815 1466 pro-

243 1484 379 1530 pterea
416 1479 608 1527 deflexus,
650 1479 742 1528 quia
785 1478 952 1517 adulteri
989 1476 1094 1526 apud
1148 1475 1417 1515 Athenienses
1468 1470 1816 1527 ἕρραφανιδοῦντο

245 1533 395 1590 τέφρᾳ
428 1550 473 1574 τε
505 1533 771 1574 ἕτίλλοντο.
803 1534 1007 1584 Aristoph.
1038 1533 1146 1573 Nub.
1182 1533 1306 1573 1083.
1838 1543 1841 1546 ’

517 1727 778 1782 κατάκειμαι
809 1723 868 1780 δ’,
902 1724 963 1777 ὣς
993 1724 1151 1782 ὁρᾶτε,
1185 1721 1453 1768 δεκάπαλαι.

357 1809 585 1849 Athenaeus
619 1812 653 1858 1,
677 1811 761 1849 230
790 1808 1030 1860 Φιλωνίδης.
1063 1802 1100 1848 δ’
1136 1809 1225 1848 add.
1262 1807 1435 1848 Meinek.
1465 1803 1545 1859 ἤδη
1575 1802 1818 1856 κατάκειμαι

248 1862 287 1904 δ’
319 1866 457 1906 Iacobs
496 1867 634 1906 Addit.
671 1868 735 1906 17.
785 1866 911 1906 καίτοι
949 1865 1188 1918 κατάκειμαί
1212 1861 1253 1919 γ’
1287 1865 1446 1906 Hanov.
1491 1865 1542 1903 15
1581 1875 1815 1915 comparans

250 1924 455 1974 Aristoph.
487 1924 560 1974 Eq.
593 1925 699 1963 1153
711 1937 767 1974 sq.

520 2089 572 2134 τὰ
603 2088 904 2149 καταχύσματ’
940 2091 1150 2136 αὐτοῖσιν
1180 2090 1279 2144 ὅξος
1309 2090 1394 2135 οὐκ
1426 2092 1529 2145 ἔχει.

368 2173 597 2214 Athenaeus
629 2177 665 2223 2,
699 2176 789 2215 67d
817 2175 1059 2227 Φιλωνίδης.
1092 2173 1140 2215 τὰ
1169 2170 1452 2242 καταχύσματα
1479 2174 1484 2224 Ι
1509 2169 1694 2213 αὐτοῖσιν
1728 2168 1820 2221 ὅξος

251 2225 324 2268 οὐκ
361 2227 436 2281 ἔχει
475 2232 678 2272 Hanovius
713 2233 776 2274 15.
827 2234 999 2273 fortasse
1043 2230 1093 2272 τὸ
1141 2231 1231 2285 γὰρ
1270 2227 1545 2283 καταχυσμ’
1585 2224 1820 2269 αὐτοῖσιν

251 2289 332 2329 κτλ.
363 2289 410 2327 of.
442 2288 643 2339 Aristoph.
672 2290 748 2330 Av.
781 2291 877 2330 535.
914 2291 1089 2342 1589sq.

1015 2402 1067 2444 10

522 2475 558 2520 (Β
589 2482 864 2536 πολυτρίχου
895 2479 1112 2536 πώγωνος

269 2613 289 2628 ,Ι
365 2560 589 2613 Φιλωνίδης
628 2563 768 2602 Pollux
806 2566 850 2610 2,
884 2565 951 2604 24.
1001 2564 1224 2604 Meinekius
1262 2563 1418 2603 confert
1456 2563 1622 2603 Theocr.
1656 2562 1728 2612 10,
1761 2561 1818 2600 40

255 2630 285 2654 ω
316 2630 382 2666 μοι
411 2622 465 2656 τῶ
494 2618 695 2671 πώγωνος,
726 2617 775 2660 ὃν
803 2617 971 2670 ἆλιθίως
1001 2614 1200 2671 ἆνέφυσα.

539 2785 548 2798 ,
645 2786 655 2800 Ι
1016 2733 1066 2773 11

527 2799 768 2842 επιχαρτην

369 2865 593 2917 Φιλωνίδης
623 2862 690 2908 τὸν
720 2868 973 2922 ἐπιχαίροντα
1003 2869 1175 2924 εἴρηκεν.
1207 2871 1351 2911 Pollux
1381 2872 1422 2921 3,
1449 2872 1546 2911 101.
