1872 3224
199 221 254 263 44
838 209 1084 245 KPATINOT

311 327 348 363 2.
378 322 550 375 κρίνεσιν
578 322 738 359 Porson.
770 331 832 367 ap.
852 314 973 355 Dobr.
995 313 1119 365 Arist.
1149 311 1254 350 Nub.
1278 306 1347 362 21]
1379 305 1542 360 κρίνοις.
1573 303 1746 358 κρίνωσι
1771 330 1782 343 .
1864 291 1872 344 ἶ

201 383 326 421 68111.
348 375 692 430 κοσμοσανδάλοις]
713 365 1048 424 κοσμοσανδάλλος
1069 370 1105 408 A
1126 370 1204 408 681
1219 369 1260 407 b.
1303 368 1340 406 3.
1362 361 1583 416 ἀνεμωνῶν
1602 360 1744 418 noim]
1863 362 1872 411 f

199 436 422 489 ἆνεμώνων.
452 430 591 482 κάλυξί
616 430 667 486 τ’]
699 429 862 481 κάλυξιν
882 430 1045 469 Porson.
1093 427 1131 466 4.
1153 422 1367 470 ὑακίνθοις
1390 424 1470 462 681
1481 419 1518 475 a]
1541 416 1751 475 ὑακίνθῳ,
1787 442 1791 445 Ἴ
1868 423 1872 426 ”

200 491 419 546 ἑλειχρύσου
456 491 623 530 Meinek.
662 490 724 528 ed.
762 490 858 528 min.
897 486 1020 536 praef.
1051 481 1124 536 VI]
1164 479 1383 534 ἑλιχρύσου.
1435 481 1472 520 6.
1505 474 1750 532 ἀνθρύσκου

200 547 426 601 Schweigh]
466 545 761 598 ἆυθρυσκίσσου
790 547 846 597 A,
883 556 982 594 quae
1018 542 1176 581 videtur
1212 552 1295 580 esse
1333 537 1482 587 duplex
1518 535 1640 576 lectio
1667 530 1745 574 a’va

198 610 375 659 θρυσκου
415 605 624 656 (suprascr.
664 599 759 656 ίσκ).
809 604 992 642 lacunam
1030 598 1223 637 indicavit
1259 594 1483 645 Schweigh.
1524 605 1613 632 eam
1650 593 1746 632 ante

200 658 430 715 ἀνθρύσκου
468 662 580 711 ponit
615 661 851 699 Fritzschius
891 658 1068 708 (Fragm.
1107 656 1209 704 Eup.
1249 667 1286 692 v.
1320 648 1385 702 9),
1424 654 1471 689 ut
1506 643 1747 701 ἀνθρύσκου

200 718 305 772 φόβη
342 732 476 759 versus
513 717 728 758 claudatur.
798 719 834 756 6.
873 712 982 765 φόβη
1019 717 1073 766 τῷ
1116 704 1150 749 τ’
1193 712 1415 750 correctum
1460 721 1508 748 ex
1546 707 1659 747 685f
1693 710 1747 762 τῷ

202 773 236 813 τ’
277 759 512 828 ἆειφρούρῳ]
552 769 711 824 φοβήτω
755 769 806 812 τ’.
869 774 906 811 7.
947 753 1171 822 άειφρούρῳ
1212 760 1420 820 canterus]
1471 760 1552 804 ἀεὶ
1583 758 1747 821 φρούρῳ
1771 779 1782 786 ’

200 834 420 883 utrubique.
471 834 507 873 8.
532 829 620 884 καὶ]
650 843 738 870 cum
765 843 843 869 una
863 828 1016 880 syllaba
1046 826 1160 872 desit,
1191 820 1309 875 κάμοὶ
1330 824 1543 868 Porsonus,
1574 819 1643 861 καὶ
1670 817 1747 875 γὰρ

201 889 245 928 G.
272 890 518 928 Hei-mannus
555 888 616 926 El.
648 888 772 926 doctr.
805 889 917 926 metr.
952 886 1052 936 685,
1090 880 1157 921 καὶ
1187 880 1236 933 δὴ
1268 880 1504 921 Meinekius.
1542 881 1748 931 praeterea

199 960 234 985 v.
267 947 304 985 6.
338 948 359 984 7
391 945 584 996 Bergkius
614 945 660 983 R.
683 957 715 983 c.
740 945 823 983 Att.
860 944 937 981 128
969 941 1147 980 adhibito
1179 940 1229 979 ad
1261 936 1554 978 emendandum
1582 936 1748 978 Polluce

199 999 431 1053 ἀνθρύσκου
464 1035 471 1043 .
504 1031 511 1039 .
543 1029 551 1039 .
585 1030 594 1039 .
628 999 634 1053 l
670 1000 881 1052 ναρκίσσου
912 994 1019 1052 φόβῃ
1053 994 1122 1050 θ’,
1158 994 1312 1049 έλενείῳ
1350 1009 1389 1035 τε
1420 991 1488 1033 καὶ
1517 991 1747 1047 θρυαλλίδι.

201 1059 434 1106 Meinekius,
475 1071 560 1097 cum
597 1058 737 1097 Pollux
773 1059 917 1096 diserte
947 1058 1063 1107 μῐλον
1093 1069 1139 1094 ex
1178 1053 1340 1094 Cratino
1379 1053 1555 1101 adferat,
1592 1046 1750 1104 ἆνθρῦ·

200 1125 296 1153 σκου
335 1113 481 1169 φόβῃσι
524 1129 562 1153 τε
606 1112 672 1153 καὶ
715 1113 835 1168 σμίλῳ
879 1111 945 1152 καὶ
990 1110 1215 1164 θρυαλλίδι.
1265 1124 1346 1162 ego·
1379 1110 1427 1149 de
1469 1110 1612 1148 lacuna
1656 1121 1747 1149 eum

201 1172 412 1211 Fritzschio
450 1172 694 1211 consentiens
732 1171 954 1222 scripserim
999 1168 1142 1223 σμίλῳ,
1187 1166 1387 1221 ναρκίσσῳ
1425 1162 1474 1205 θ’
1515 1163 1673 1221 ἑλενείῳ
1708 1178 1750 1207 τε

202 1224 459 1280 κάνθρύσκου
489 1227 606 1283 φόβῃ.
1695 1257 1716 1276 ,-

309 1299 354 1339 ex
382 1286 561 1335 parabasi
590 1286 659 1325 hos
690 1299 824 1325 versus
861 1286 1064 1335 excerptos
1104 1297 1189 1324 esse
1227 1285 1333 1322 recte
1372 1282 1516 1322 statuit
1552 1279 1750 1333 Bergkiix's

200 1343 247 1380 R.
279 1355 308 1381 c.
340 1344 423 1383 Att.
455 1343 547 1381 125.
580 1343 818 1381 Meinekium
850 1343 971 1381 miror
1000 1355 1089 1381 eum
1126 1341 1194 1392 qui
1233 1341 1327 1379 haec
1364 1339 1508 1387 recitet
1546 1351 1638 1379 eum
1667 1351 1749 1378 ma-

200 1399 300 1437 xime
335 1399 376 1437 in
406 1400 578 1438 ornando
619 1400 915 1449 coronandoque
946 1400 1071 1449 capite
1103 1399 1339 1448 occupatum
1376 1410 1461 1436 esse
1501 1396 1748 1446 opinantem.

199 1456 394 1504 praesenti
423 1456 525 1494 enim
556 1458 730 1506 tempore
759 1458 804 1495 ut
833 1469 948 1506 saepe
979 1455 1222 1496 consuetudo
1252 1454 1467 1493 indicatur.
1510 1453 1560 1492 cf.
1591 1452 1749 1493 similli-

200 1525 302 1550 mam
331 1512 533 1562 Eupolidis
568 1514 777 1562 parabasin
812 1514 862 1552 fr.
899 1515 991 1552 159.
1035 1535 1081 1541 -
1125 1515 1162 1552 1.
1202 1509 1410 1563 ἐρέπτομαι
1445 1522 1520 1561 pro
1561 1506 1752 1563 έρέφομαι
1831 1526 1836 1527 ’

201 1569 324 1607 Attici
353 1569 446 1607 alibi
475 1582 552 1608 non
582 1570 764 1609 videntur
794 1570 948 1612 dixisse.
979 1570 1093 1609 Pind.
1124 1569 1243 1620 Pyth.
1276 1570 1321 1617 4,
1355 1569 1439 1607 240
1469 1565 1591 1620 (426)
1629 1565 1751 1617 φίλας,

200 1622 344 1675 ὤρεγον
374 1627 502 1676 χεῖρας
533 1621 762 1676 στεφάνοισί
789 1624 828 1664 τέ
857 1641 924 1665 νιν
952 1625 1068 1673 ποίας
1101 1624 1274 1678 ἔρεπτον.
1317 1625 1487 1676 Oppian.
1526 1624 1678 1676 Cyneg.
1708 1624 1750 1678 4,

202 1681 294 1719 262.
351 1683 388 1720 4.
421 1679 659 1734 ἑλειχρύσου,
694 1696 783 1723 cum
804 1684 852 1723 ab
881 1680 965 1730 ἕλος
987 1685 1210 1731 derivatum
1232 1684 1302 1732 sit,
1333 1685 1439 1722 recte
1461 1682 1625 1733 scripsit
1653 1681 1752 1722 Mei*

201 1737 348 1780 nekius.
381 1750 423 1776 ac
453 1740 507 1778 sic
537 1741 621 1779 cod.
653 1741 751 1779 Urb.
783 1741 977 1791 Theophr.
1009 1741 1059 1780 H.
1082 1741 1137 1790 pl.
1171 1742 1207 1788 9,
1241 1742 1305 1788 19,
1335 1741 1373 1780 3.
1405 1740 1456 1779 cf.
1478 1739 1579 1779 Lob.
1600 1738 1751 1790 Phryn-

204 1794 295 1833 686.
325 1794 481 1835 Pathol.
512 1797 622 1835 elem.
653 1797 673 1835 I
703 1798 784 1836 473
816 1800 858 1837 et
895 1798 1095 1848 Theophr.
1127 1798 1179 1836 H.
1210 1798 1266 1847 pl.
1305 1798 1341 1844 6,
1377 1798 1417 1846 8,
1452 1798 1489 1835 1.
1531 1795 1752 1836 formatum

202 1852 260 1889 est
289 1853 334 1889 ut
362 1847 578 1903 ὀρειβάτης,
609 1849 830 1905 ὀρειγενής,
861 1849 1090 1906 ὀρείκτιτος,
1121 1850 1359 1905 ὀρειδρόμος,
1391 1848 1616 1905 ὀρεινόμος,
1647 1848 1750 1906 ὀρεί-

200 1908 411 1958 πλαγκτος,
443 1905 684 1960 ὀρείχαλκος,
717 1924 816 1961 quae
837 1925 961 1962 paene
992 1913 1123 1950 omnia
1143 1911 1270 1950 Attici
1291 1913 1598 1962 usurpaverunt.
1631 1909 1751 1950 etiam

201 1964 311 2031 94111ᾶί
321 1964 491 2003 Plinium
506 1966 555 2007 N.
572 1967 610 2006 h.
629 1969 696 2017 21,
715 1969 778 2007 65.
799 1970 836 2007 6.
857 1969 935 2008 168
954 1969 1106 2008 codices
1121 1968 1291 2009 variant.
1349 1969 1387 2008 5.
1409 1967 1585 2018 Hesyeh.
1607 1963 1750 2019 ἡμερο-

202 2022 350 2066 καλλες·
382 2021 459 2059 τῶν
488 2022 689 2074 σπορίμων
718 2022 859 2071 ἄνθος.
900 2021 927 2075 ἢ
957 2023 1196 2076 στεφάνωμα
1229 2054 1239 2064 .
1264 2053 1274 2064 .
1297 2055 1306 2064 .
1338 2024 1380 2064 οἱ
1412 2022 1456 2063 δὲ
1492 2022 1622 2072 ἄνθος
1652 2021 1752 2077 πρὸς

201 2075 294 2125 μίαν
314 2073 460 2133 ἡμέραν
479 2075 664 2128 ἀκμάζον.
686 2081 734 2119 cf.
752 2082 867 2121 Phot.
898 2079 1170 2132 ἡμεροκαλλές.
1203 2079 1449 2136 φιλουμένῳ]
1482 2082 1583 2121 Plat.
1609 2081 1751 2133 Symp.
1796 2075 1802 2102 1

205 2133 314 2198 2910
342 2134 371 2172 ώ
403 2132 609 2185 φιλούμενε
627 2132 824 2189 Ἀγάθων,
852 2139 948 2189 Lys.
972 2140 1087 2178 2121)
1118 2135 1138 2176 ὁ
1170 2138 1407 2189 φιλούμενος
1439 2141 1480 2178 et
1509 2143 1579 2178 τοῦ
1609 2140 1751 2188 φιλου-
1855 2184 1858 2187 ,

203 2201 334 2251 μἐνου.
372 2191 465 2255 Ifeg.
506 2194 548 2241 5,
584 2195 693 2232 731e
733 2197 951 2243 τυφλοῦται
985 2194 1074 2247 περὶ
1113 2193 1156 2234 τὸ
1186 2193 1428 2246 φιλούμενον
1467 2192 1487 2234 ὁ
1518 2197 1671 2245 φιλῶν,
1707 2207 1754 2236 ae
1788 2227 1791 2230 -
1835 2196 1839 2200 ’

205 2257 258 2308 sle
286 2259 450 2309 ‘nomina
486 2252 573 2288 orta
609 2253 703 2289 sunt
738 2249 980 2302 Φιλούμενος
1019 2255 1060 2291 et
1089 2251 1328 2303 Φιλουμένη.
1378 2254 1426 2292 de
1464 2253 1586 2293 rebus
1615 2255 1757 2294 tamen,

205 2301 296 2339 ahb1
316 2303 392 2353 legi
412 2317 490 2343 non
510 2307 684 2346 memini.
715 2309 850 2357 itaque
866 2309 1004 2348 dubito
1026 2323 1076 2348 an
1097 2310 1349 2350 scribendum
1370 2312 1423 2350 sit
1443 2308 1670 2364 φιληλίῳ.
1699 2309 1752 2350 of.

205 2356 349 2426 gichen.
389 2363 456 2409 15,
491 2363 569 2401 685
583 2364 610 2404 f.
650 2363 755 2403 Plin.
795 2365 846 2403 H.
886 2379 926 2404 n.
959 2367 1024 2414 21,
1061 2368 1155 2408 168.
1221 2368 1257 2406 7.
1287 2368 1457 2418 Hesych.
1487 2358 1770 2420 &amomo-<32

206 2412 489 2477 aercicape'vcnv,
509 2414 711 2471 ἆειθαλής.
744 2422 953 2473 Σοφοκλῆς
977 2421 1153 2477 Τηλέφῳ.
1186 2424 1242 2463 sic
1257 2424 1460 2465 Porsonus
1483 2422 1610 2476 (apud
1623 2423 1751 2464 Dobr.

208 2468 339 2535 Arist..
370 2472 472 2512 Nub.
512 2475 624 2529 518),
674 2478 742 2527 qui
788 2477 993 2518 Cratinum
1037 2481 1086 2519 ad
1132 2480 1337 2532 Sophoclis
1380 2481 1650 2521 imitationem
1694 2481 1755 2521 iba

208 2538 404 2594 seffpsrsse
426 2532 585 2599 ’conicit
617 2537 656 2572 at
686 2547 774 2573 cum
803 2532 1038 2588 ἀείφρουρος
1058 2538 1152 2588 quid
1172 2539 1305 2578 valeat
1332 2551 1380 2578 ex
1401 2538 1524 2589 Soph.
1547 2538 1645 2585 Ant.
1669 2538 1752 2578 891
1780 2553 1788 2557 ·
1819 2572 1825 2584 Χ
1863 2547 1867 2550 ’

208 2578 377 2647 (οικησις
413 2590 660 2639 αειφρουρος)
702 2592 982 2642 perspiciatur,
1029 2596 1133 2645 apud
1172 2595 1415 2646 Hesychium
1459 2598 1592 2635 autem
1634 2594 1755 2636 hodie
1825 2584 1836 2594 χ

207 2637 311 2676 recte
348 2652 429 2678 s1ne
467 2643 583 2682 dubio
613 2648 807 2686 scribatur
842 2645 1047 2701 ἆειφόρος·
1085 2647 1294 2703 ἆειθαλής.
1331 2653 1546 2704 Σοφοκλῆς
1588 2648 1755 2706 Τηλέφῳ
1793 2690 1798 2694 .
1861 2654 1872 2677 ’-

211 2691 454 2759 (Nauck-fr.
486 2699 594 2752 519),
625 2704 762 2743 deinde
791 2701 1043 2758 ἀείφρουρος·
1083 2704 1144 2747 ἀεὶ
1174 2707 1375 2760 διαμένων
1406 2707 1752 2762 (διαμένουσωΜ.

211 2749 468 2814 Solimidtius,
506 2759 552 2794 ut
591 2759 636 2797 ad
666 2760 910 2812 Antigonam
941 2764 1174 2816 referatur),
1211 2767 1333 2806 etiam
1365 2768 1472 2818 apud
1504 2767 1754 2807 Athenaeum

211 2806 455 2872 scribendum
484 2824 566 2850 esse
597 2815 764 2855 arbitror
793 2823 846 2872 τῷ
876 2815 908 2856 τ’
941 2816 1157 2874 ἆειφόρω
1187 2822 1394 2874 μελιλώτω,
1463 2826 1501 2865 8,
1539 2818 1701 2870 κύτισος
1730 2835 1756 2863 ⁸
1821 2846 1824 2850 .

210 2861 424 2903 Fritzschio
461 2869 756 2922 condemnatur,
794 2876 899 2925 quod
931 2862 1141 2918 secundus‘
1160 2894 1230 2931 pes
1268 2863 1409 2921 versus
1439 2881 1654 2933 Eupolidei
1681 2879 1756 2920 tri-
