1872 3224
765 246 999 283 ΟΛΚΑΔΕΣ
1577 255 1659 296 497

780 349 876 392 405.
907 350 991 392 406

238 443 241 445 ·
303 424 418 482 πρὸς
447 427 494 469 τί
521 426 570 470 δὲ
600 426 678 471 τὸν
710 426 940 485 ὀρνίθειον
971 431 1176 474 οἰκίσκον
1206 433 1376 488 φε’ρεις;

18 523 24 565 ζ
95 543 99 546 .
208 509 447 561 Eustathius
476 512 599 561 1423,
632 513 659 550 4
696 508 739 550 ἐκ
776 509 820 550 δὲ
856 517 926 552 τοῦ
963 512 1075 553 οἴκου
1112 513 1178 554 καὶ
1216 515 1383 564 οἰκίσκος
1420 515 1523 568 παρὰ
1560 514 1659 569 Ἀρι·

95 564 311 621 στοφάνει,
350 566 722 621 περδικοτροφεῖον,
761 563 848 609 οἷον
884 572 964 611 κτλ.
1012 571 1152 611 Pollux
1193 574 1264 622 10,
1308 576 1386 613 159
1424 572 1490 613 καὶ
1534 574 1658 615 οἰκί-

15 660 24 682 ,Ι
97 629 221 666 σκον
249 621 296 665 δὲ
327 621 593 678 ὀρνίθειον
622 624 689 665 καὶ
718 625 950 667 οἰκίσκον
979 627 1274 680 περδικικὸν
1297 621 1581 683 Ἀριστοφάνης
1611 630 1661 671 ἐν

15 705 18 725 ς
90 679 325 724 Ὁλκάσιν
369 681 461 733 ἔφη.
521 681 619 735 πρὸς
663 684 702 723 τί
736 681 781 723 δὲ
826 682 897 739 Κ.]
935 684 974 723 τί
1008 682 1065 725 δὲ.
1123 685 1162 724 τί
1195 684 1260 725 δαὶ
1303 687 1499 738 Brunck.,
1538 688 1576 727 τί
1609 687 1660 740 δὴ

0 687 52 818 ἓ
98 741 256 792 Dindf.,
286 744 363 781 ποῖ
386 734 437 792 δὴ
467 741 679 792 Bergkius.
739 742 899 782 domum
929 755 1066 783 reeens
1097 743 1339 783 aedificatam
1359 745 1540 785 omnibus
1560 760 1660 796 quae

0 812 35 853 {s
79 799 252 840 'rustico
282 799 438 839 homini
467 801 690 839 necessaria
719 802 813 839 sunt
842 801 1019 839 instruit.
1079 802 1251 839 ceterum
1271 800 1440 848 οἰκίσκος
1461 797 1657 853 ὀρνίθειος

0 856 17 911 [1⁷³⁵
99 858 143 898 et
170 851 403 910 περὸικικός
435 854 674 909 (περδίκειος
704 856 898 897 Fritzsch.
929 855 975 903 Q.
1006 857 1130 896 Arist.
1156 859 1221 896 75.
1244 858 1268 896 6
1299 858 1366 908 qui
1396 859 1445 897 ad
1474 858 1660 910 Pelargos

0 911 20 953 Ξ
96 915 194 955 haee
236 912 380 969 refert)
421 914 568 954 diversi
611 914 802 954 videntur
840 927 936 955 esse.
995 915 1120 954 altera
1162 917 1224 954 est
1267 927 1385 955 cavea
1427 916 1661 966 gallinarum

3 1005 17 1025 ,Α
98 968 238 1025 (ὅρνις
268 972 376 1011 enim
407 972 640 1022 saepissime
670 972 821 1023 gallina
850 969 945 1021 est).
1005 984 1105 1022 quae
1136 983 1223 1011 eum
1254 971 1406 1011 inutilis
1437 973 1488 1011 sit
1517 973 1662 1012 rustico

0 1039 21 1086 ss¹
97 1030 183 1070 ruri
226 1029 449 1078 habitanti,
504 1029 729 1068 necessaria
779 1029 1024 1068 domicilium
1074 1028 1264 1077 mutanti,
1304 1028 1398 1068 haec
1440 1029 1487 1067 ad
1530 1031 1655 1068 trans-

99 1088 386 1139 migrationem
417 1100 465 1126 ex
493 1087 592 1126 urbe
622 1087 664 1125 in
686 1086 892 1137 praedium
913 1085 1098 1125 videntur
1117 1086 1328 1136 portinere.
1387 1085 1552 1125 fortasse
1581 1084 1659 1124 καὶ

0 1145 36 1200 2²
97 1140 186 1184 t26v
215 1158 267 1197 γε
305 1143 622 1197 περδίκειον;
652 1145 776 1194 priori
805 1143 938 1184 versui
968 1142 1243 1193 subiungenda
1272 1144 1377 1182 sunt.
1409 1142 1458 1181 cf.
1490 1143 1535 1181 fr.
1567 1143 1662 1183 441.

845 1266 927 1308 407

305 1348 466 1399 παῖδες
495 1345 708 1402 άγένειοι,
741 1345 959 1401 Στράτων

218 1432 352 1472 Schol.
384 1431 558 1471 Acharn.
590 1431 670 1469 122
702 1427 910 1481 Στράτων·
942 1425 1010 1466 καὶ
1038 1420 1153 1474 οὗτος
1182 1425 1422 1480 κωμῳδεῖται
1451 1422 1505 1472 ὡς
1533 1424 1663 1478 λωβώ-

99 1503 219 1544 μενος
250 1487 296 1529 τὸ
325 1486 481 1542 γένειον
510 1485 578 1527 καὶ
610 1488 794 1527 λειαίνων
823 1483 866 1524 τὸ
896 1484 1026 1536 σῶμα,
1064 1481 1119 1532 ὦς
1150 1480 1414 1534 Κλεισθένης,
1445 1480 1501 1529 ὥς
1540 1494 1664 1532 φησιν

99 1541 222 1595 αὐτὸς
247 1543 543 1597 Ἀριστοφάνης
573 1542 618 1584 ἐν
641 1541 806 1584 Ὁλκάσι
834 1545 914 1582 κτλ.
945 1542 1185 1582 Fritzschius
1216 1542 1304 1580 Act.
1335 1553 1413 1580 soc.
1445 1553 1504 1591 gr.
1534 1540 1554 1578 I
1585 1540 1663 1578 143

99 1604 244 1653 παῖδες
275 1600 315 1644 δ’
346 1601 541 1657 ἆγένειοι,
574 1599 821 1652 Κλεισθένης
859 1614 899 1639 τε
936 1597 1004 1638 καὶ
1041 1595 1242 1650 Στράτων.
1300 1597 1494 1648 Bergkius
1523 1596 1660 1642 παῖδες

99 1660 289 1718 άγένειοι,
329 1659 523 1714 Στράτων
547 1658 554 1715 Ι
580 1657 647 1698 καὶ
685 1655 946 1708 Κλεισθένης.
1005 1656 1143 1707 quidni
1179 1668 1257 1694 uno
1297 1667 1413 1694 versu
1450 1653 1666 1692 mutatione

101 1722 215 1762 nulla
242 1718 326 1759 καὶ
354 1718 534 1766 παῖδες
564 1714 809 1770 άγένειοι,
841 1711 1072 1767 Στράτων
1109 1710 1191 1752 καὶ
1222 1707 1563 1761 Κλεισθένηςῖ
1617 1710 1664 1748 cf.

850 1884 934 1926 408

311 1967 476 2027 πρῴην
509 1963 746 2022 ἐρανιστοὶς
777 1963 936 2007 ἑστιῶν
965 1957 1100 2017 ἥψησ’
1132 1960 1268 2009 ἔτνος.

219 2055 389 2094 Photius
421 2050 626 2105 έρανίσας·
662 2044 942 2100 Δημοσθένης,
972 2039 1059 2083 ἀντὶ
1091 2047 1161 2089 τοῦ
1190 2039 1329 2093 ἔρανον
1358 2037 1531 2089 αἰτήσας.
1580 2034 1667 2102 ἐρα-

105 2109 246 2164 νιστὴς
275 2108 412 2163 μέντοι
441 2108 590 2162 κυρίως
622 2104 729 2146 ἐστὶν
758 2102 779 2143 ὁ
817 2103 885 2142 τοῦ
923 2100 1066 2154 ἐράνου
1100 2097 1269 2152 μετέχων
1304 2094 1372 2135 καὶ
1410 2094 1483 2146 τὴν
1500 2107 1666 2163 εφοραν,

106 2167 162 2222 ἣν
191 2164 361 2208 ἑκάστου
390 2165 516 2219 μηνὸς
538 2163 618 2204 ἔδει
638 2160 912 2215 καταβάλλειν,
935 2155 1143 2210 εἰσφέρων.
1174 2158 1214 2195 et
1235 2150 1453 2207 ἕρανιστάς·
1484 2165 1536 2198 ως
1557 2152 1667 2201 ημεῖς

106 2226 310 2267 καλοῦσιν.
339 2221 630 2278 Ἀριστοφάνης
657 2214 840 2266 Ὁλκάσιν
875 2218 957 2256 κτλ.
990 2216 1173 2265 corrupta
1209 2211 1315 2262 apud
1357 2210 1494 2274 Zonpr.
1525 2208 1543 2246 Ι
1573 2207 1667 2246 862.

108 2285 242 2325 Cram.
283 2283 436 2324 Anecd.
466 2282 596 2321 Paris.
628 2278 711 2318 IIII
750 2277 851 2325 135,
894 2275 960 2312 21.
1020 2273 1154 2323 Etym.
1185 2283 1237 2310 m.
1269 2268 1352 2307 cod.
1390 2266 1535 2305 M1ller1
1569 2260 1666 2315 (Me-

111 2343 250 2394 langes
284 2340 398 2392 125).
437 2335 591 2394 πρῴην]
631 2337 788 2387 πρῶτον
818 2332 903 2372 cod.
934 2331 1033 2370 Mill.
1085 2324 1243 2377 ἑστιῶν]
1277 2322 1423 2363 ἐσθίων
1452 2322 1534 2360 cod.
1566 2319 1668 2358 Mill.

109 2396 253 2438 ἕστίων
282 2397 415 2438 Crem.
447 2397 526 2436 An.
576 2385 728 2445 ἥψησ’]
760 2388 902 2442 ἥψησα
933 2388 1017 2428 cod.
1049 2386 1177 2432 Phot„
1210 2380 1341 2431 ἕψησα
1371 2379 1497 2418 Cram.
1517 2378 1593 2415 An.
1615 2396 1666 2402 —-

110 2457 159 2496 de
189 2457 323 2497 arms
353 2455 405 2495 cf.
437 2454 537 2493 Aah.
571 2453 667 2491 615.
697 2450 793 2500 Lys.
827 2447 922 2487 653.
954 2444 1133 2483 Schoem.
1164 2442 1259 2479 Ant.
1290 2434 1369 2488 gr.²
1399 2436 1417 2473 I
1448 2435 1546 2472 375.

854 2578 937 2620 409

318 2667 560 2720 δάπτοντα,
592 2661 909 2719 μιστύλλοντα,
942 2650 1220 2708 διαλείχοντά
1250 2663 1337 2704 μου

318 2735 400 2780 τὸν
430 2736 550 2778 κάτω
582 2728 856 2784 σπατάγγην.

231 2822 461 2861 Athenaeus
493 2820 532 2867 3,
563 2817 647 2856 910
675 2806 914 2864 μνημονεύει
944 2805 988 2845 δὲ
1016 2802 1082 2843 καὶ
1111 2806 1190 2840 τῶν
1219 2792 1454 2849 σπατάγγων
1474 2825 1482 2833 .
1506 2823 1514 2832 .
1537 2824 1545 2858 3
1568 2789 1669 2842 Ἀρι-

115 2877 321 2930 στοφάνης
353 2875 401 2916 ἕν
425 2872 611 2914 Ὁλκάσιν
641 2867 769 2915 οὕτως
798 2868 878 2905 κτλ.
911 2861 1050 2914 ἐχίνων
1078 2872 1203 2911 genus
1234 2868 1318 2895 esse
1356 2855 1471 2892 antea
1508 2850 1670 2888 duerat.

115 2934 317 2975 δάπτοντα
346 2929 515 2984 Porson]
549 2926 839 2978 δαρδάπτοντα.
879 2919 1045 2960 Photius
1076 2911 1318 2965 σπατάγγαι·
1359 2904 1511 2960 ἰχθύεις
1548 2901 1669 2948 τινές·

186 3006 304 3033 comici
325 3005 439 3038 graeci,
459 3003 513 3029 ed.
533 3001 587 3028 Th.
606 2996 725 3025 Kock.
756 2996 782 3021 I.
1362 2978 1405 3008 33
