1872 3224
192 179 279 220 460
793 175 1180 210 ΑΡΙΣΤΟΦΑΝΟΤΣ

195 282 386 336 Δράματα
424 279 452 334 ἢ
488 280 642 334 Νίοβος
655 279 795 348 (quac
826 295 849 320 a
886 281 1128 332 quibusdam
1158 280 1364 332 Archippo
1402 281 1676 332 tribuebatur,
1719 283 1773 324 cf.

191 355 292 392 quae
323 342 373 381 ad
405 339 479 387 Δὶς
511 334 692 391 ναυαγόν
722 334 1035 392 adnotavimus),
1077 335 1285 390 Δράματα.
1318 339 1486 390 adparet
1514 340 1644 392 igitur
1671 338 1773 381 duae
1827 365 1829 367 -

191 400 314 439 fuisse
345 398 500 437 fabulas
528 398 611 442 vel,
644 410 744 448 quae
775 399 838 436 est
858 395 1057 436 Dindorfii
1087 396 1298 445 sententia,
1330 396 1428 437 duas
1451 397 1630 438 eiusdem
1657 396 1772 438 fobu

165 457 250 496 -lae
281 455 493 504 editiones,
536 449 729 506 Δράματα
759 450 789 506 ἢ
819 450 1051 506 Κένταυρος
1081 455 1123 494 et
1165 449 1358 506 Δράματα
1386 450 1416 506 ἢ
1445 452 1615 508 Νίοβός.
1665 454 1774 508 frag-

188 515 324 552 menta
352 513 559 563 tripartito
592 512 860 551 enumeranda
880 513 988 561 sunt,
1020 511 1218 563 siquidem
1247 524 1347 563 quae
1368 512 1607 564 simpliciter
1625 507 1669 551 ἐκ
1690 516 1775 554 τῶν

191 565 416 622 Δραμάτων
446 570 680 609 adferuntur
710 570 759 609 ad
790 571 921 609 utram
952 569 1187 620 pertineant
1215 568 1451 621 ambiguum
1481 571 1557 613 est.

303 640 403 678 quae
442 627 578 691 Etym.
607 641 662 666 m.
697 628 870 676 286,19
903 627 1096 679 leguntur
1125 625 1301 678 δρᾶμα,
1379 623 1576 698 ,λέγεται
1603 624 1648 667 δὲ
1676 622 1774 681 δρᾶ-

188 699 292 736 ματα
323 681 390 723 καὶ
422 682 468 723 τὰ
499 677 581 723 υπὸ
612 699 694 724 των
723 686 954 736 θεατρικῶν
982 686 1164 736 μιμηλῶς
1194 682 1386 737 γινόμενα
1410 680 1466 733 ὥς
1487 682 1534 725 ἐν
1552 680 1776 740 ὑποκρίσει,

188 740 242 790 ὡς
281 752 408 794 φησιν
441 738 756 795 Ἀριστοφάνης,
796 755 842 782 ea
879 755 1124 794 quamquam
1161 744 1340 783 extrema
1379 742 1551 795 caligine
1580 745 1677 784 sunt
1705 742 1774 784 ob-

188 801 524 849 sc11riora,·cum
567 813 617 840 ne
655 800 698 840 id
735 800 898 852 quidem
936 802 1094 841 constet
1139 813 1258 851 quem
1304 800 1413 841 dicat
1449 791 1774 853 Aristophanem,

188 861 322 898 tamen
352 858 550 910 Bergkius
582 858 638 898 ita
667 870 763 898 usus
799 860 880 908 est,
919 859 967 897 ut
1003 858 1045 897 in
1076 858 1281 898 comoedia
1317 858 1486 898 alteram
1517 858 1632 910 quasi
1659 857 1774 907 fabu-

187 917 268 955 lam
299 916 341 955 in
362 929 505 955 scaena
535 916 600 967 agi
623 917 837 965 statueret,
871 915 984 956 cuius
1014 916 1074 955 rei
1095 915 1426 956 inlustrissimum
1457 917 1519 956 est
1546 915 1774 969 exemplum

188 974 231 1013 in
260 973 518 1024 Shakesperii
553 974 717 1013 Somnio
747 973 877 1013 noctis
917 974 1109 1024 aestivae;
1151 975 1272 1024 atque
1302 974 1344 1012 in
1376 972 1578 1014 Centauro
1608 972 1774 1026 quidem

189 1031 414 1081 episodium
454 1031 555 1071 illud
595 1031 717 1071 fuisse
757 1031 856 1070 dicit
892 1031 1079 1071 Herculis
1117 1043 1209 1070 cum
1238 1031 1365 1071 Pholo
1397 1029 1600 1072 Centauro
1631 1032 1772 1073 eontu-

187 1088 391 1138 bernium,
422 1089 465 1128 in
495 1088 651 1128 Niobo
639 1086 678 1142 ³¹²)
711 1088 978 1128 calamitatem
1010 1089 1144 1128 nescio
1176 1080 1308 1142 cuius,
1339 1089 1408 1140 qui
1439 1090 1487 1128 ut
1522 1088 1655 1130 Niobe
1683 1100 1773 1129 neo*

189 1146 351 1197 opinato
390 1159 484 1186 casu
526 1146 664 1186 liberis
701 1147 756 1186 sit
786 1146 952 1186 orbatus
984 1146 1185 1186 omnibus.
1234 1148 1275 1186 at
1303 1159 1433 1197 neque
1465 1146 1667 1197 quomodo
1697 1145 1774 1188 hoe

187 1205 471 1254 argumentum
511 1203 740 1244 comoediae
779 1204 992 1244 conveniat
1028 1204 1271 1255 perspicitur
1306 1217 1437 1255 neque
1466 1203 1668 1255 quomodo
1699 1203 1772 1245 du-

187 1261 283 1311 plici
313 1274 430 1312 quam
463 1260 583 1313 fingit
603 1262 750 1301 actioni
782 1263 853 1301 aut
883 1274 1047 1302 scaenae
1070 1262 1230 1302 Atticae
1261 1261 1501 1313 simplicitas
1521 1263 1592 1302 aut
1609 1261 1772 1302 histrio-

186 1332 283 1358 num
313 1331 524 1369 numerus,
557 1320 714 1359 etiamsi
744 1332 869 1359 unum
890 1319 1111 1359 alterumve
1129 1319 1467 1371 parachoregema
1487 1319 1773 1371 adsumpseris,

186 1375 369 1416 sufficere
401 1378 592 1427 potuerit.

301 1434 432 1474 multo
463 1434 620 1474 felicior
650 1434 809 1474 videtur
839 1433 886 1474 G.
910 1434 1134 1474 Hermanni
1165 1434 1413 1475 coniectura:
1446 1434 1480 1475 is
1511 1434 1616 1475 enim
1647 1432 1772 1488 (Oed.

187 1491 271 1533 Col.
294 1492 417 1556 praef.
423 1488 439 1514 ²
460 1489 536 1545 XI)
568 1505 667 1543 quae
698 1492 740 1531 in
761 1491 859 1531 Vita
890 1491 1100 1543 Sophoclis
1130 1494 1348 1532 narrantur
1378 1490 1449 1531 καί
1474 1504 1568 1532 ποτε
1599 1488 1642 1532 ἐν
1678 1489 1772 1544 δρά-

185 1562 278 1599 ματι
309 1542 490 1602 εἰσήγαγε
522 1546 592 1588 τὸν
617 1545 817 1600 Ἰοφωντα
847 1544 956 1604 αὐτῷ
987 1550 1226 1600 φθονοῦντα
1249 1551 1423 1601 2112,oe
1442 1562 1524 1590 non
1546 1549 1597 1590 ad
1619 1549 1673 1590 So
1672 1549 1772 1602 p·h0

187 1606 311 1656 clem,
351 1606 421 1646 sed
459 1607 509 1646 ad
547 1607 860 1658 Aristophanem
895 1608 1040 1656 refert,
1083 1608 1153 1658 qui
1192 1603 1237 1646 ἕν
1269 1601 1483 1659 Δραμασιν
1524 1603 1600 1661 (sie
1630 1606 1774 1649 scribit

188 1677 262 1715 pro
308 1660 352 1703 ἐν
390 1661 580 1718 δράματι)
619 1664 868 1704 simultatem
912 1665 1024 1704 illam
1061 1677 1164 1716 quae
1208 1665 1398 1716 Sophocli
1441 1677 1532 1704 cum
1574 1664 1772 1717 Iophonte

189 1721 274 1761 filio
305 1721 552 1762 intercedere
583 1721 805 1774 dicebatur,
838 1722 881 1761 in
912 1735 1096 1763 scaenam
1125 1722 1183 1762 ita
1211 1722 1428 1772 induxerit,
1459 1724 1508 1762 ut
1534 1721 1773 1775 Sophoclem

187 1779 236 1818 ab
268 1779 466 1830 Iophonte
496 1780 539 1819 in
569 1776 781 1832 φρατέρων
810 1779 1027 1832 sodalicio,
1067 1779 1175 1831 quod
1204 1781 1376 1831 propter
1406 1781 1655 1820 senectutem
1685 1792 1771 1820 rem

188 1836 427 1876 familiarem
457 1836 740 1877 administrare
770 1838 849 1876 iam
888 1850 971 1878 non
1006 1839 1163 1888 posset,
1200 1837 1395 1887 accusari,
1435 1837 1605 1878 recitato
1635 1838 1771 1878 autem

186 1895 315 1945 primo
357 1893 502 1945 Oedipi
533 1894 618 1934 Col.
660 1894 824 1935 stasimo
863 1895 1043 1935 omnium
1082 1894 1285 1947 suffragiis
1315 1894 1470 1936 absolvi
1500 1895 1662 1935 faceret.
1712 1894 1771 1936 vi-

188 1951 333 1990 dentur
371 1952 475 1990 enim
523 1955 605 1990 τῶν
649 1948 859 2004 φρατέρων
903 1954 946 1992 in
991 1953 1188 1992 alterutra
1223 1953 1429 1993 comoedia
1470 1954 1608 2003 partes
1645 1952 1771 1992 fuisse

188 2009 291 2048 conl.
323 2008 370 2047 fr.
413 2009 508 2054 286,
555 2011 597 2048 et
632 2010 907 2050 controversia
943 2010 1015 2049 illa
1050 2009 1260 2050 familiaris
1301 2011 1392 2050 acta
1429 2022 1515 2050 esse
1543 2010 1587 2050 in
1622 2009 1770 2059 Niobe,

187 2078 266 2116 quo
296 2066 459 2105 nomine
489 2067 622 2117 ipsum
655 2066 894 2118 Sophoclem
925 2067 1145 2119 significari
1177 2067 1352 2108 arbitror
1371 2069 1538 2119 propter
1558 2079 1769 2108 aerumnas

189 2122 266 2173 ipsi
297 2135 320 2161 a
351 2123 489 2163 liberis
521 2123 708 2163 obiectas.

303 2179 350 2218 de
382 2182 564 2231 tempore
592 2181 830 2221 Dramatum
861 2183 1042 2222 accurate
1080 2184 1122 2221 et
1150 2194 1233 2222 non
1263 2182 1348 2222 sine
1377 2182 1512 2222 fructu
1542 2181 1769 2233 disputavit

188 2237 522 2278 Wilamowitzius
554 2237 652 2278 obs.
687 2239 773 2278 crit.
810 2240 926 2277 11-
941 2240 1006 2279 18.
1039 2239 1088 2279 cf.
1120 2239 1238 2278 etiam
1269 2239 1408 2280 Herm.
1434 2239 1556 2279 VIIII
1577 2240 1662 2279 330
1681 2240 1768 2279 not.

187 2307 276 2333 cum
307 2295 415 2334 enim
436 2295 484 2334 ad
508 2295 630 2346 Vesp.
653 2297 708 2335 60
739 2295 892 2335 scholia
922 2296 1116 2336 adnotent
1148 2293 1192 2335 ἐν
1222 2298 1304 2344 τοῖς
1333 2293 1410 2365 πρὸ
1431 2291 1574 2336 τούτου
1594 2292 1768 2367 (Vespas

187 2351 304 2405 dicit)
337 2349 635 2405 ὁεδιδαγμένοις
675 2350 875 2405 δράμασιν
904 2352 961 2401 εἰς
991 2350 1066 2405 τὴν
1097 2348 1342 2406 ἹΙρακλέους
1378 2349 1604 2405 απληστίαν
1640 2349 1766 2392 πολλοὶ

187 2407 437 2461 προείρηται,
475 2423 550 2461 pro
589 2407 791 2463 δράμασιν
829 2411 1009 2451 scribens
1048 2407 1263 2463 Δράμασιν
1300 2412 1487 2452 Herculis
1525 2411 1671 2458 famem
1715 2410 1767 2451 ad

188 2467 381 2506 Dramata
410 2467 535 2508 refert
563 2481 608 2508 ac
639 2467 884 2508 Centaurum
914 2468 1076 2519 quidem
1105 2472 1197 2509 ante
1217 2468 1392 2520 Vespas,
1425 2467 1489 2509 01.
1511 2470 1579 2518 88,
1603 2469 1640 2517 2,
1670 2468 1767 2520 quia

189 2524 383 2573 proximis
415 2525 532 2565 annis
564 2525 663 2565 alias
695 2525 851 2566 fabulas
888 2525 1200 2577 Aristophanem
1236 2526 1416 2567 docuisse
1452 2527 1629 2576 constet,
1669 2525 1765 2566 Nio-

189 2581 285 2620 bum
328 2584 463 2621 autem
500 2586 591 2632 post
628 2582 782 2634 Vcspas
820 2584 950 2623 actam
990 2596 1076 2623 esse
1114 2583 1336 2623 contendit.
1386 2596 1432 2623 ac
1467 2583 1501 2622 si
1537 2595 1633 2623 vera
1669 2583 1767 2626 sunt

190 2650 291 2688 quae
322 2638 371 2677 de
408 2638 632 2680 Hermanni
671 2640 900 2680 coniectura
937 2653 1059 2691 supra
1097 2640 1410 2691 disputavimus,
1449 2639 1626 2679 Niobum
1655 2641 1764 2692 post-

188 2708 309 2745 quam
349 2695 548 2746 Oedipum
579 2696 799 2738 Coloneum
837 2697 1058 2749 Sophocles
1089 2698 1250 2748 scripsit
1287 2697 1446 2737 doctam
1476 2709 1563 2737 esse
1594 2698 1763 2738 constat.

282 2828 314 2872 ¹¹)
339 2829 441 2865 recte
466 2822 633 2882 Νίοβος,
665 2842 895 2877 quamquam
926 2830 1028 2868 haud
1059 2842 1143 2867 raro
1174 2830 1215 2866 in
1246 2829 1438 2866 codicibus
1469 2828 1618 2877 Νιόβη,
1650 2830 1763 2867 sicuti

191 2873 306 2911 etiam
331 2874 370 2909 in
395 2874 519 2912 indice
545 2875 626 2911 cod.
654 2877 783 2912 Ambr.
809 2877 952 2914 Novati
975 2876 1103 2913 Herm.
1126 2875 1235 2912 XIIII
1258 2879 1363 2913 464.

1867 1047 1869 1051 -
1863 1009 1872 1027 w
1852 890 1872 999 2142ss
