1872 3224
206 203 291 246 394
807 196 1200 232 ΑΡΙΣΤΟΦΑΝΟΤΣ

322 308 552 346 Athenaeus
584 307 621 353 9,
655 306 778 343 3723
807 300 1049 366 μνημονεύει
1087 316 1171 341 των
1208 298 1470 354 γηθυλλίδων
1504 297 1575 339 καὶ
1606 295 1802 367 Ἐπίχαφῃ

207 379 278 416 μος
310 362 354 403 ἐν
383 361 606 415 Φιλοκτήτῃ
637 358 788 408 οὕτως·
820 358 865 399 ἐν
894 357 939 398 δὲ
969 354 1144 411 σκόροδα
1183 356 1260 398 δύο
1301 354 1370 397 καὶ
1408 355 1652 411 γαθυλλίδες
1690 350 1789 398 δνο.’

207 437 273 460 και
291 417 579 472 Ἀριστοφάνης
602 417 868 458 Αἰολοσίκωνι
889 414 1126 471 δευτέρῳ·
1157 415 1238 454 τῶν
1257 411 1303 454 δὲ
1330 416 1411 454 κτλ.
1452 412 1793 468 σκοροδομίμητον

209 480 336 528 Toup.
355 477 562 516 Emend.1
587 474 656 529 15]
674 473 983 541 σκοροδόμητον.
1017 469 1310 526 σκοροδόμιμον
1331 470 1407 524 τὴν
1421 472 1683 514 Fritzsohiuz.
1713 484 1790 524 pro

206 532 375 588 δευτέρῳ
405 538 486 572 τῶν
516 530 561 572 δὲ
591 534 770 573 scribens
801 528 988 584 δεύτερον
1019 527 1063 570 δὲ
1092 534 1134 571 et
1163 531 1261 570 haec
1298 533 1440 582 poetae
1469 530 1606 570 verbis
1635 528 1790 571 addens
1831 580 1835 585 Ι

207 594 254 632 fr.
287 594 313 630 4
344 594 383 630 et
414 594 439 630 5
476 591 684 630 coniunxit
723 589 770 630 G.
810 591 1069 630 Hermannus
1107 589 1275 639 Ephem.
1314 588 1393 627 litt.
1428 587 1699 639 Lips.1829.
1737 586 1791 628 ef.
1836 616 1839 618 -

208 649 377 688 Grauert
408 649 512 688 Mus.
545 648 673 689 Rhen.
706 648 824 687 Nieb.
855 647 897 686 II
929 648 1025 687 500.
1057 647 1300 698 accederem,
1327 646 1407 686 nisi
1439 645 1675 696 scrupulum
1710 644 1787 685 ini-
1835 686 1838 687 ⁷

206 708 313 746 oeret
343 705 475 746 Schol.
508 705 725 756 He.phaest
760 703 906 745 Gaisf.²
935 718 976 755 p.
1009 705 1062 744 56
1095 705 1135 743 in
1168 704 1260 743 adn.
1296 705 1336 742 A
1347 701 1619 742 ιολοσίκων
1654 697 1792 755 γέγονε
1844 751 1846 754 7

207 768 403 814 πρῶτον
433 760 500 802 καὶ
529 761 772 814 δεύτερον
806 758 1142 814 Ἀριστοφάνους,
1174 757 1229 808 ὡς
1259 758 1328 799 καὶ
1356 756 1378 799 ὁ
1411 761 1593 807 Πλοῦτος
1631 762 1795 812 πρῶτον

207 819 273 859 καὶ
303 818 504 872 δεύτερον.
535 820 688 859 aceedit
718 833 825 859 nuno
854 820 982 859 multo
1013 822 1226 870 postquam
1257 831 1358 869 quae
1385 817 1631 858 antecedunt
1648 815 1791 869 scripsi

210 878 327 917 index
358 878 442 919 eod.
474 878 660 917 Ambros.
682 878 829 917 Novati
863 873 1019 930 (Herm.
1042 876 1162 915 XIIII
1184 875 1309 929 464),
1342 876 1385 915 in
1405 888 1485 927 quo
1505 886 1790 915 commemora·
1829 877 1841 907 ’-

213 939 279 974 tur
300 934 550 974 Αἰολοσίκων
570 934 623 987 β’,
655 935 680 974 i.
704 949 736 974 e.
769 935 1010 974 Aeolosicon
1041 934 1103 974 bis
1125 933 1269 973 editus.
1302 946 1346 973 ac
1368 933 1416 972 de
1438 932 1590 984 duplici
1610 930 1791 972 Aeolosi-

215 993 324 1032 conis
363 993 641 1034 commissione
673 992 879 1044 cogitabat
909 993 987 1030 imm
1020 990 1267 1031 Dindorfius.
1306 991 1429 1031 etiam
1467 991 1518 1030 fr.
1550 990 1589 1029 4.
1621 990 1646 1029 5
1677 985 1792 1041 loqui
1847 979 1872 1042 ,Τ

183 1084 190 1087 .
213 1050 374 1089 videtur
405 1049 534 1089 Sicon.
1868 1047 1872 1053 ’

979 1160 1006 1203 6

413 1238 579 1284 κοιτών
609 1238 804 1292 ἁπάσαις
835 1234 914 1296 εἷς,
945 1241 1114 1291 πύελος
1143 1240 1194 1283 δὲ
1224 1238 1290 1296 μί’
1321 1237 1519 1295 ἀρκέσει,

320 1325 462 1364 Pollux
498 1327 533 1372 1,
568 1326 619 1363 79
651 1322 809 1375 κοιτών,
841 1323 877 1363 εἰ
904 1322 981 1377 γὰρ
1019 1322 1088 1363 καὶ
1120 1321 1365 1389 Μένανδρος
1403 1319 1503 1364 αὐτὸ
1541 1318 1792 1376 βαρβαρικὸν

208 1380 356 1432 οἴεται,
398 1376 490 1420 ἀλλ’
526 1376 816 1434 Ἀριστοφάνης
855 1396 901 1421 τα
941 1386 1104 1421 τοιαῦτα
1141 1376 1368 1434 πιστότερος
1405 1376 1554 1432 αὐτοῦ,
1593 1376 1719 1420 εἰπών
1747 1375 1794 1420 ἓν

208 1437 474 1479 Αἰολοσίκωνι
505 1441 585 1477 κτλ.
629 1439 814 1479 omnibus
855 1439 1016 1479 filiabus
1054 1452 1176 1478 unam
1212 1439 1397 1486 domum,
1437 1451 1564 1478 unum
1601 1436 1792 1478 balneum

207 1497 358 1536 Aeolus
397 1497 669 1547 adsignavisse
701 1497 863 1536 dicitur.
903 1510 1004 1547 quae
1036 1497 1085 1536 de
1124 1496 1342 1536 domestica
1377 1495 1496 1535 Aeoli
1535 1495 1621 1536 vita
1654 1506 1791 1535 narra·

208 1555 267 1593 vit
297 1553 496 1593 Homerus
529 1552 624 1604 (od.
659 1555 722 1603 10,
755 1555 794 1594 8.
827 1554 895 1605 9),
926 1555 968 1593 in
1007 1553 1211 1594 sordidam
1251 1553 1537 1604 parsimoniam
1579 1553 1793 1603 detorquet

209 1611 509 1661 Aristophanes.
550 1611 774 1650 eiciendum
806 1611 966 1651 videtur
996 1608 1053 1650 δέ.

991 1722 1014 1764 7

413 1799 587 1856 δοῖδυξ,
618 1802 748 1855 θυΐα,
780 1804 1096 1858 τυροκνῆστις,
1130 1784 1313 1857 έσχάρα.

322 1885 467 1924 Pollux
501 1886 573 1931 10,
608 1885 689 1925 104
725 1889 982 1936 τυροκνῆστις
1021 1882 1129 1924 ἔστιν
1160 1915 1168 1924 .
1194 1914 1203 1923 .
1227 1915 1236 1923 .
1269 1881 1315 1923 ἕν
1340 1880 1655 1936 Ἀριστοφάνους
1694 1882 1789 1924 Αἰο·

211 1940 400 1981 λοσίκωνι
450 1944 531 1981 κτλ.
578 1943 695 1993 coqui
740 1956 836 1982 vasa
879 1945 1167 1983 enumerantur
1210 1945 1257 1982 ut
1302 1942 1508 1993 Aristoph.
1539 1939 1669 1992 Vespt
1691 1941 1788 1982 938.
1829 1989 1831 1992 ,

210 1999 316 2038 &vta
347 2011 504 2050 semper
541 1999 748 2039 Bekkerus
791 2002 832 2039 et
869 2000 1093 2040 Meinekius
1125 1998 1197 2052 (of.
1231 2000 1292 2039 ed.
1325 2000 1420 2039 min.
1454 1996 1522 2053 X),
1553 1998 1661 2050 apud
1696 1997 1790 2038 Ari-

211 2056 448 2107 stophanem
479 2056 715 2107 plerumque
745 2055 1787 2124 eveza.cf.Lobeck.Ph1-yn.165.Pathol.e1.

208 2113 250 2152 II
282 2114 349 2154 27.
382 2112 551 2152 B-ekker
583 2114 841 2166 Anecd.40‚
875 2115 927 2154 15
967 2111 1134 2166 ἐσχάρα·
1174 2111 1218 2153 τὸ
1249 2118 1415 2164 σκεῦος,
1447 2108 1514 2164 ἐφ’
1554 2106 1588 2168 ᾦ
1618 2108 1791 2153 dmum

209 2167 328 2222 κρέας
347 2165 377 2221 ἢ
396 2167 528 2221 ἰχθύς.
560 2171 774 2221 cogitanda
803 2174 866 2210 est
888 2172 1170 2222 ambulatoria,
1192 2173 1239 2211 ut
1260 2171 1358 2211 Aah.
1381 2171 1478 2211 888.
1510 2169 1697 2210 Strattid.
1720 2170 1788 2210 55.

213 2227 756 2279 Diphil.P011uc.10,18.

989 2339 1015 2382 8

689 2420 765 2462 καὶ
795 2418 1110 2475 διαστίλβονθ’
1142 2417 1322 2474 ὁρῶμεν

689 2485 842 2543 ὥσπερ
874 2487 926 2531 έν
956 2489 1100 2545 καινῷ
1129 2486 1366 2544 λυχνούχῳ

691 2555 839 2598 πάντα
869 2557 947 2611 τῆς
978 2556 1208 2625 ἐξωμίδος.

325 2650 471 2688 Pollux
506 2652 686 2699 10,116
717 2647 761 2689 ἐν
781 2647 826 2689 δὲ
846 2654 900 2704 τῷ
917 2645 1232 2702 Ἀριστοφάνους
1260 2648 1528 2689 Αἰολοσίκωνι
1549 2649 1630 2688 κτλ.
1663 2649 1785 2690 Athe-

211 2719 334 2745 naeus
367 2708 439 2754 15,
474 2708 601 2755 699f,
641 2708 710 2746 ubi
751 2708 800 2749 cf.
841 2720 942 2758 quae
978 2707 1212 2747 Dindorfius
1251 2706 1460 2746 adnotavit
1495 2719 1536 2756 p.
1572 2707 1680 2746 1561
1721 2707 1785 2746 ed.
1840 2743 1846 2749 2

211 2776 318 2802 suae.
355 2777 482 2817 καινῳ
522 2762 758 2816 Salmasius]
797 2768 913 2819 κενῳ.
952 2776 1092 2804 versus
1131 2763 1300 2815 digessit
1336 2762 1579 2802 Dindorfius.
1612 2763 1783 2806 Bekker.

211 2819 363 2859 Anecd.
403 2821 478 2868 50,
521 2821 572 2860 23
615 2823 885 2872 λυχνοῦχος.
927 2851 936 2860 .
969 2815 1110 2868 σκεῦός
1148 2834 1186 2858 τι
1223 2817 1267 2859 ἐν
1303 2817 1436 2889 κύκλῳ
1481 2815 1583 2871 εχων
1625 2817 1782 2872 κέρατα,

134 2909 137 2912 .
212 2874 330 2916 ε’νδον
350 2874 394 2916 δὲ
414 2875 561 2928 λύχνον
580 2874 772 2930 ἡμμένον,
795 2875 859 2917 δια
879 2882 963 2918 τῶν
981 2875 1160 2930 κεράτων
1178 2873 1221 2918 τὸ
1243 2881 1331 2928 φῶς
1351 2873 1558 2926 πέμποντα
1580 2875 1747 2929 (Bergk.
1753 2875 1783 2931 ).
