1872 3224
215 223 298 266 260
839 213 1137 249 ΕΤΠΟΛΙΔΟΣ

328 314 566 370 Athenaeus'
584 326 628 372 3,
665 322 778 361 106b
810 315 1133 369 συνεσταλμένως
1164 313 1203 354 δ’
1237 315 1371 367 εἴρηκε
1403 311 1610 370 (καρῖδας)
1648 311 1789 355 Εὔπο-
1828 365 1830 367 ‚

216 388 273 431 λις
305 382 348 422 ἐν
378 381 497 430 Αἰξὶν
526 378 651 426 οὕτως
682 380 761 418 κτλ.
821 375 882 429 ἐν]
917 374 961 414 ἐκ
992 377 1037 414 Ρ.
1077 375 1126 414 ef.
1158 374 1310 413 cratin.
1343 374 1428 413 320
1457 376 1499 412 et
1529 373 1579 413 de
1609 373 1790 414 Phaeaca
1829 394 1831 399 ¹

214 444 377 490 interpr.
411 438 612 489 Aristoph.
644 437 718 486 Eq.
755 436 875 474 1377.
934 433 1144 472 Ruhnken.
1186 432 1292 471 Hist.
1325 431 1411 470 crit.
1443 430 1530 470 LI.·
1557 430 1707 482 Bergk.
1738 430 1788 471 R.
1834 429 1835 433 ¹

215 512 247 537 c.
279 500 366 537 Att.
400 499 546 546 337sq.
580 494 715 533 Meier.
750 491 895 543 opusc.
926 491 946 530 1
981 492 1072 531 145.
1572 499 1586 510 ⁸
1833 512 1835 514 -

982 614 1008 656 8

416 698 619 740 Διόνυσε
649 702 788 751 χαῖρε.
838 694 900 750 μή
930 710 973 736 τι
1004 692 1138 736 πέντε
1173 693 1248 736 καὶ
1279 687 1401 743 δύο;Ι

330 782 556 821 Athenaeus
589 782 662 829 10,
695 779 837 818 426ef
870 777 910 816 οἵ
945 773 985 816 δ’
1028 774 1313 829 ἐπιτεταμένως
1352 773 1549 828 χρώμενοι
1590 779 1644 830 ‘9⁶
1675 777 1790 830 ποτῷ

215 836 289 878 δύο
319 837 435 878 οἴνου
463 836 599 876 ἔπινον
628 831 725 889 πρὸς
754 833 870 874 πέντε
910 832 1058 882 ὕδατος
1091 866 1099 874 .
1134 865 1143 873 .
1177 865 1186 875 .
1219 832 1399 881 Εὔπολις
1438 828 1572 881 Αἰξίν.
1622 831 1790 881 Photius

217 898 311 948 599,
346 897 411 935 23.
444 895 628 935 Eustath.
664 895 786 943 1624,
808 894 875 932 44.
935 891 989 944 μή
1021 891 1076 945 τι]
1107 891 1205 944 μήτε
1229 893 1274 931 Β.
1306 889 1423 943 μήτοι
1452 889 1634 954 ῌιιεὺαίὼ.
1655 887 1787 954 Phot‘

217 955 311 1002 599,
345 954 399 992 24
430 950 472 991 τὸ
501 949 784 1004 παροιμιακόν·
817 946 846 1001 ἢ
882 947 998 989 πέντε
1029 949 1164 989 πίνειν
1192 946 1222 1001 ἦ
1259 944 1336 1001 τρί’
1368 944 1398 1000 ἢ
1426 962 1481 999 μη
1518 943 1695 999 τέτταρα.
1745 958 1791 987 το

214 1007 288 1062 μὲν
316 1007 391 1062 γὰρ
421 1007 536 1049 πέντε
568 1007 648 1048 ἐστὶ
678 1007 763 1059 τρία
794 1005 862 1045 καὶ
893 1006 982 1057 δύο,
1015 1001 1058 1046 τὸ
1088 1005 1132 1046 δὲ
1171 1006 1259 1059 τρία
1289 1003 1417 1058 ἥμισυ
1455 1002 1524 1044 καὶ
1560 1001 1790 1059 διπλάσιον,

216 1064 257 1107 τὸ
291 1065 336 1106 δὲ
366 1065 526 1119 τέτταρα
557 1065 647 1105 ἴσον
678 1064 766 1119 ἴσῳ.
796 1066 847 1105 cf.
872 1065 1022 1105 Cratin.
1050 1066 1142 1105 183.
1175 1066 1362 1105 Phereor.
1386 1065 1454 1104 70.
1485 1062 1695 1114 Hermipp.
1718 1057 1789 1114 25.
1857 1084 1872 1104 2

215 1125 369 1176 Amips.
401 1125 439 1164 4.
470 1124 676 1164 Nicochar.
710 1126 747 1162 1.

1854 930 1872 962 ς

1853 966 1872 1030 Ξ

979 1211 1006 1254 9

419 1290 502 1348 τὴν
531 1292 897 1349 πανδοκεύτριαν
927 1289 1015 1347 γὰρ
1047 1288 1070 1334 ὁ
1099 1290 1290 1347 γλάμων
1321 1292 1425 1346 ἔχει.

331 1376 461 1416 Schol.
493 1376 696 1426 Aristoph.
718 1375 842 1426 Vesp.
874 1377 955 1415 902
988 1372 1206 1414 ἐκτείνουσι
1235 1372 1368 1427 μέντοι
1397 1370 1465 1412 καὶ
1494 1364 1537 1412 τὸ
1566 1368 1588 1412 ὁ
1617 1369 1790 1426 ἄρθρον.
1866 1399 1868 1401 -

218 1430 395 1480 Εὔπολις
417 1432 513 1481 Αἰξί
529 1435 609 1474 κτλ.
641 1429 662 1471 ὁ
685 1430 901 1486 Porsonus]
925 1429 1030 1484 ἀνὴρ
1051 1429 1085 1472 ὁ.
1123 1431 1287 1486 γλάμων
1310 1431 1497 1473 Fritzsch.
1516 1431 1563 1479 Q.
1578 1431 1704 1473 Arist.
1721 1429 1790 1472 90.
1870 1456 1872 1459 <

219 1488 319 1542 235]
341 1488 512 1542 γλήμων.
541 1488 702 1540 τλήμων
714 1490 763 1528 V.
785 1490 1017 1530 Dindorfius
1037 1486 1143 1542 ἁνὴρ
1164 1486 1185 1528 ὃ
1202 1487 1366 1542 γλάμων
1391 1494 1397 1539 Ι
1425 1485 1513 1540 ἔχει.
1543 1487 1790 1528 Fritzschius

218 1544 238 1585 ὁ
269 1543 429 1598 γλάμων
456 1542 559 1599 ἀνὴρ
585 1547 591 1601 Ι
619 1545 707 1598 ἔχει.
738 1548 823 1586 veri
854 1548 1024 1587 similius
1055 1551 1116 1587 est
1146 1543 1167 1585 ὁ
1197 1545 1363 1600 γλάμων
1392 1543 1471 1598 ἔχει
1496 1545 1503 1596 Ι
1529 1539 1654 1598 ἁνήρ,
1695 1545 1722 1586 i.
1754 1557 1790 1584 ο.

216 1606 262 1644 in
290 1606 549 1644 matrimonio.
589 1604 839 1656 significatur
869 1605 1144 1645 Archedemus.
1186 1605 1393 1656 Aristoph.
1427 1603 1528 1643 Ran.
1565 1602 1663 1645 417.
1693 1600 1790 1642 588.

979 1740 1032 1783 10

421 1817 697 1874 προσένεγκέ
723 1817 926 1875 μούγγύς
954 1819 1006 1862 τὸ
1036 1818 1163 1876 στόμ’
1199 1817 1457 1876 ὀσφρέσθαι
1486 1815 1538 1862 τὸ
1567 1815 1666 1861 σόν.

333 1901 558 1941 Priscianus
582 1904 646 1951 18,
670 1904 750 1941 252
781 1899 1048 1955 ὀσφραίνομαι
1077 1902 1193 1942 τοῦδε
1223 1900 1291 1942 καὶ
1319 1900 1421 1942 τόδε.
1454 1898 1635 1948 Εὔπολις
1655 1897 1789 1951 Αἰξίν.

220 1953 443 2010 ὀσφρέσθαι
459 1959 599 1998 Elmsl.
614 1959 820 2011 Aristoph.
838 1961 935 2000 Ach.
957 1958 1052 2014 179]
1074 1957 1380 2013 ὀσφραίνεσθαι.
1405 1959 1457 2000 ef.
1471 1959 1654 1999 Phereer.
1668 1958 1735 2008 69,
1745 1957 1787 1998 4.

983 2097 1032 2138 ll
1064 2114 1071 2120 ·

423 2171 591 2227 ταύτην
623 2171 709 2227 ἐγώ
742 2173 883 2229 ζητῶν
913 2176 1055 2217 πάλαι
1085 2172 1169 2230 τὴν
1199 2171 1422 2231 ἁρμογήν.

334 2254 476 2293 Pollux
496 2256 536 2303 4,
558 2256 609 2294 57
642 2253 715 2306 τὴν
734 2252 930 2308 ἁρμονίαν
949 2253 1130 2309 ἁρμογὴν
1148 2255 1330 2304 Εὔπολις
1350 2255 1505 2310 εἴρηκε·
1535 2250 1685 2306 ταύτην
1703 2255 1787 2297 κτλ.

225 2310 365 2350 Sm'das
386 2307 556 2363 ἁρμογή·
589 2310 766 2360 Εὔπολις
797 2313 918 2362 Αἰξίν
951 2317 1034 2354 κτλ.
1075 2313 1221 2368 ζητῶν]
1254 2312 1420 2366 ἐζήτουν
1447 2313 1606 2354 Suidas.
1631 2306 1792 2363 ’ζήτουν
1846 2327 1848 2330 ’

225 2368 456 2407 Meinekius.
491 2369 658 2409 Bekker.
689 2371 839 2410 Anecd.
874 2372 947 2421 15,
980 2373 1035 2411 20
1077 2367 1250 2424 ἁρμογή’
1283 2369 1477 2423 μουσικὸν
1509 2367 1706 2420 τοῦνομα,
1737 2381 1789 2407 τι-
1850 2383 1872 2390 *²

223 2421 396 2474 θέμενον
427 2422 490 2463 ἐπὶ
522 2431 603 2464 τῶν
631 2423 859 2478 ἁρμόσεων,
897 2425 946 2475 ἅς
984 2433 1198 2468 ποιοῦνται
1235 2428 1277 2467 οἱ
1309 2427 1506 2479 μουσικοί,
1551 2419 1714 2466 ἐπειδᾶν
1749 2421 1790 2474 ἐξ

223 2475 416 2531 ἁρμονίας
447 2481 502 2528 εἰς
534 2480 670 2535 ἑτέραν
698 2480 895 2536 ἁρμονίαν
923 2485 1103 2536 μετίωσι,
1134 2483 1230 2538 φέρε
1261 2482 1306 2539 (i.
1328 2499 1363 2525 e.
1391 2483 1512 2538 velut)
1546 2481 1589 2523 ἐκ
1620 2480 1792 2534 Δωρίων

225 2536 279 2582 εἷς
300 2533 496 2632 ἑΤπιώνια
539 2535 567 2590 ἢ
605 2538 647 2579 ἐκ
688 2540 878 2593 Φρυγίων
915 2542 971 2589 εἰς
1002 2539 1346 2595 Ὑπερμιξολύδια.
1387 2543 1558 2582 fortasse
1587 2539 1791 2590 sophistae

225 2606 299 2632 sun
346 2597 478 2636 verba.

986 2676 1038 2718 12

429 2751 562 2806 τοῦδε
592 2755 681 2794 νῦν
710 2753 868 2807 γεῦσαι
898 2753 1068 2809 λαβών.

338 2832 564 2873 Athenaeus
595 2836 632 2882 9,
665 2836 778 2875 3800
815 2834 857 2876 τὸ
887 2841 1028 2888 γεῦσαι
1065 2835 1203 2888 ἔχομεν
1234 2835 1278 2876 ἐν
1316 2832 1542 2883 Εὐπόλιδος
1572 2833 1672 2884 Αἰξί
1704 2836 1785 2874 κτλ.

226 2886 429 2939 Aristoph.
461 2889 558 2929 Aah.
593 2892 686 2930 188.
723 2895 814 2932 191.
