1872 3224
1827 0 1865 149 ξ

249 186 334 234 542
855 183 1245 217 ΑΡΙΣΤΟΦΑΝΟΤΣ
1846 159 1859 215 i

364 292 448 331 Vit.
482 290 688 340 Aristoph
727 288 927 336 XXVIII,
962 290 1012 327 77
1053 288 1208 328 Duebn.
1248 284 1582 358 (Ἀριστοφάνης)
1618 285 1855 340 μετήλλαξε

251 348 321 388 τὸν
350 349 441 400 βίον
469 346 619 393 παῖδας
656 338 887 384 καταλιπων
929 348 1051 397 τρεῖς,
1091 345 1297 384 Φίλιππον
1337 341 1552 398 ὁμώνυμον
1591 349 1645 401 τῶ
1680 343 1872 401 πάππῳ(

249 405 316 446 καὶ
349 404 625 455 Νικόστρατον
655 402 722 442 καὶ
749 399 940 455 Ἀραρότα
970 436 978 443 .
1002 400 1173 450 ..τινὲς
1204 399 1249 442 δὲ
1280 399 1353 442 δύο
1383 403 1499 453 φασί,
1530 402 1736 443 Φίλιππον
1763 385 1859 444 καὶ·

246 461 449 515 Ἀραρότα,
482 457 542 500 ὦν
571 459 638 500 καὶ
668 458 789 508 αὐτὸς
820 458 1006 512 ἐμνήσθη
1035 433 1115 499 κτλ.
1148 459 1246 508 ἴσως
1276 456 1424 508 αὐτοὺς
1454 458 1592 513 λέγων.
1655 461 1855 502 Cobotus‘

250 520 521 560 Mnem.1111
558 520 642 557 274
681 516 755 570 τὴν
791 514 954 571 γυναῖκ’
993 516 1237 570 αἰσχύνομαι
1271 519 1276 570 Ι
1309 517 1363 557 τώ
1400 514 1436 557 τ’
1470 521 1553 560 κτλ.
1585 518 1634 558 ad
1665 515 1835 570 Σκηνὰς

250 572 639 629 καταλαμβανούσας
669 577 792 616 refert
822 576 1035 629 Bergkius.

999 665 1086 708 589

457 726 596 778 οἴμοι,

457 793 584 835 τουτὶ
614 793 660 834 τί
686 786 766 848 ἥτις
798 789 1053 848 ἄδιοὶφορός
1082 807 1159 848 μοι
1189 793 1402 847 φαίνεται

458 858 540 903 ὁδί.

366 945 498 984 Lexic.
530 957 662 996 graec.
694 945 799 984 ined.
832 945 917 984 cod.
950 945 1139 985 Laut-ent.
1171 946 1272 996 plut.
1293 944 1410 984 LVII
1441 944 1545 996 apud
1575 943 1834 985 Herwerden.

253 1003 367 1043 Stud.
401 1004 489 1043 crit.
521 1003 586 1044 93.
617 1003 642 1040 4
682 999 906 1052 διαφέρειν·
938 998 1013 1052 ἀφ’
1047 996 1098 1041 οὗ
1127 1001 1195 1041 καὶ
1221 998 1443 1054 ἀδιάφορος
1474 998 1494 1040 ὁ
1527 998 1834 1054 μὴ’προσήκων

250 1057 350 1111 μηδὲ
371 1055 592 1110 οἰκειότητά
613 1074 701 1098 τινα
723 1058 836 1110 ἔχων,
858 1055 914 1107 ὡς
931 1055 1225 1112 Ἀριστοφάνης
1247 1059 1428 1111 Σφηξίν·
1460 1057 1520 1114 (P)
1539 1060 1622 1099 κτλ.
1642 1082 1691 1088 -
1710 1059 1769 1099 ita
1788 1060 1835 1098 ut

252 1118 473 1169 significavi
506 1117 709 1167 discripsit
741 1117 1048 1158 Herwerdenus.
1099 1130 1150 1157 an
1168 1115 1418 1169 “Ηρωσινῗ

1033 1206 1090 1249 90

732 1273 818 1330 ἄγε
844 1270 939 1317 νυν
964 1207 1042 1325 τόιὸς
1073 1272 1335 1331 ἀμυγδαλᾶς
1365 1272 1522 1330 λαβών

457 1343 589 1386 τασδὶ
619 1343 814 1395 κάταξον
844 1346 900 1399 τῇ
932 1345 1112 1399 κεφαλῇ
1141 1347 1315 1387 σαυτοῦ
1345 1345 1477 1401 λίθῳ.

367 1427 593 1467 Athenaeus
635 1428 681 1476 2,
714 1428 800 1466 53a
837 1423 1131 1479 Ἀριστοφάνης
1176 1430 1259 1467 κτλ.
1321 1427 1581 1468 circumflecti
1625 1412 1837 1479 ἀμυγδαλῆ

251 1486 376 1524 iubet.
429 1490 476 1539 τῇ
523 1488 680 1540 κεφαλῆ
717 1484 983 1526 Dobr.P1uss
1017 1486 1097 1524 314
1139 1499 1178 1536 p.
1211 1483 1280 1539 38]
1321 1483 1396 1537 τὴν
1431 1478 1622 1536 κεφαλὴν.
1684 1481 1835 1523 σαυτοῦ

252 1543 490 1582 insolentius
520 1543 710 1593 positum.
744 1542 795 1581 cf.
818 1555 919 1592 quae
941 1542 1221 1582 adnotavimus
1250 1543 1299 1582 ad
1328 1543 1434 1582 Nub.
1458 1543 1555 1582 515.
1586 1540 1733 1593 ‘capite
1763 1544 1834 1581 tuo

247 1613 321 1650 pro
351 1601 481 1649 lapide
511 1602 623 1639 usus'
628 1630 636 1638 .
668 1602 778 1639 iocus
810 1599 1041 1639 simillimus
1072 1600 1149 1639 Av.
1182 1602 1306 1652 54sq.

1002 1687 1084 1731 591

973 1755 1057 1812 τὴν
1087 1755 1276 1813 χύτραν,

461 1825 513 1868 ἐν
543 1818 573 1881 ᾗ
602 1824 657 1868 τὰ
688 1824 865 1882 κρεάδι’
895 1821 1011 1883 ἦψες
1043 1825 1338 1882 ἐζωμευμένα.

366 1910 509 1949 Pollux
541 1911 579 1957 7,
613 1910 666 1949 26
694 1906 986 1961 Ἀριστοφάνης
1016 1912 1096 1948 κτλ.
1128 1903 1234 1961 ἦψες
1273 1910 1397 1950 Dobr.
1431 1910 1537 1952 Plut
1570 1908 1672 1961 227]
1705 1905 1831 1959 ἕψεις.

253 1968 387 2017 potius
432 1960 516 2018 ἧψε
555 1962 922 2019 τᾶζωμευμένα.
969 1968 1143 2008 Bekker.
1182 1968 1334 2008 Anecd.
1374 1969 1451 2018 38,
1489 1969 1541 2007 31
1585 1963 1834 2018 ἐζωμενμένα

253 2022 369 2076 κρέα·
403 2021 740 2076 ἐζωμοποιημένα.
1005 2078 1091 2122 592

734 2147 859 2202 πλήν
890 2149 935 2189 εἴ
958 2162 1027 2197 τις
1056 2150 1238 2203 πρίαιτο
1270 2147 1484 2203 δεόμενος

459 2215 710 2269 βασκάνιον
744 2213 1016 2270 ἐπικάμινον
1046 2214 1215 2271 ἀνδρὸς
1244 2213 1456 2272 χαλκέοῖς.

371 2298 512 2337 Pollux
555 2299 714 2346 7,108
751 2297 828 2350 πρὸ
865 2295 909 2337 δὲ
946 2298 1027 2337 τῶν
1063 2298 1244 2350 καμίνων
1281 2301 1362 2347 τοῖς
1400 2301 1613 2350 χαλκεῦσιν
1649 2295 1745 2346 ἔθος
1780 2291 1836 2350 ἦν

253 2349 387 2419 γελοῖά
407 2370 496 2394 τινα
517 2355 718 2406 καταρτᾶν
737 2352 765 2406 ἢ
786 2353 1038 2394 ἐπιπλαττειν
1059 2354 1123 2395 ἐπὶ
1143 2354 1309 2406 φθόνου
1337 2352 1553 2411 ἀποτροπῇ.
1593 2353 1768 2395 ἐκαλεῖτο
1787 2351 1834 2394 δὲ

254 2407 467 2465 βασκάνια,
489 2409 543 2460 ὥς
564 2411 632 2452 καὶ
648 2409 937 2465 Ἀριστοφανης
969 2411 1046 2464 ἔφη
1074 2415 1153 2454 κτλ.
1175 2411 1410 2465 ἐπικᾶμινον
1430 2397 1653 2479 Bekkerus]
1677 2410 1742 2452 ἐπὶ
1760 2410 1834 2451 κά-

254 2483 387 2521 μινον.
431 2470 602 2509 Bekker.
636 2471 788 2510 Anccd.
821 2472 897 2519 30,
932 2472 957 2510 5
988 2469 1211 2522 βασκάνιον
1243 2500 1252 2509 .
1280 2503 1286 2510 .
1311 2503 1319 2511 .
1353 2469 1434 2509 ἔστι
1463 2468 1509 2509 δέ
1546 2484 1582 2509 τι
1612 2466 1831 2538 ἆνθρφπο-

255 2524 358 2574 ειδὲς
396 2524 724 2578 κατασκεύασμα,
762 2525 891 2580 βραχὺ
922 2525 1255 2580 παρηλλαγμένον
1284 2526 1358 2578 τὴν
1394 2525 1660 2580 ανθρωπείαν
1686 2525 1834 2578 φύσιν,

253 2581 277 2622 ὃ
306 2582 383 2635 πρὸ
405 2590 486 2623 τῶν
506 2582 774 2647 ἐργαστηρίων
794 2585 836 2624 οἵ
849 2584 1111 2637 χειρώνακτες
1131 2581 1427 2650 κρεμαννύουσι
1449 2585 1518 2623 τοῦ
1547 2582 1601 2635 μὴ
1622 2583 1834 2636 βασκαίνε-

255 2643 356 2678 σθαι
386 2638 524 2680 αὐτων
555 2635 627 2692 τὴν
658 2640 860 2694 ἐργασίαν.
901 2643 1067 2682 Vulcani
1097 2655 1163 2681 eas
1194 2642 1318 2682 fuisse
1348 2642 1544 2693 imagines
1575 2642 1832 2692 cognoscitur

255 2712 301 2736 ex
333 2699 467 2737 Schol.
499 2699 575 2738 Av.
608 2701 690 2739 436
722 2699 764 2738 οι
789 2696 833 2738 δὲ
863 2698 1035 2750 πήλινον
1054 2697 1287 2748 Ἥφαιστον
1316 2697 1414 2749 πρὸς
1436 2701 1522 2745 ταῖς
1545 2695 1693 2745 ἑστίαις
1714 2696 1830 2750 “59¹²-

254 2752 390 2805 μένον,
422 2751 475 2801 ὡς
506 2754 652 2805 ἔφορον
682 2761 753 2795 τοῦ
782 2755 910 2807 πυρός
942 2787 950 2795 .
975 2787 983 2794 .
1007 2786 1016 2794 .
1050 2753 1095 2794 ἐν
1124 2758 1210 2803 ταῖς
1242 2751 1425 2807 ἐσχάραις
1455 2751 1510 2802 ὡς
1540 2769 1647 2807 παρα
1679 2752 1834 2807 (ωσπερ

257 2809 274 2848 ε’
282 2827 302 2849 ν
322 2812 496 2851 Lobeck.
523 2811 612 2863 Agl.
637 2813 736 2864 971)
759 2816 844 2860 ταῖς
865 2812 1048 2864 καμίνοις
1071 2810 1140 2851 τὸν
1158 2810 1389 2862 ’Ἡφαιστου
1418 2808 1752 2851 ἀναπλάττουσιν.
1783 2811 1834 2850 ad

258 2869 304 2911 O.
328 2869 438 2908 Iahn.
469 2870 652 2908 Berichte
676 2871 714 2909 d.
734 2871 856 2910 sachs.
875 2871 967 2910 Ges.
987 2871 1024 2910 d.
1042 2870 1166 2910 Wiss.
1190 2870 1297 2908 1855
1313 2884 1350 2920 p.
1370 2871 1421 2909 67
1439 2871 1597 2921 relegat
1613 2869 1662 2908 H.
1681 2869 1831 2909 Iacobi.
