1872 3224
235 195 317 237 722
866 192 1181 228 ΣΤΡΑΤΤΙΔΟΣ

234 296 479 353 ὀνομάζεται.
511 299 693 337 Bursian.
727 296 871 348 Geogr.
905 310 966 348 gr.
996 297 1016 335 I
1047 297 1143 338 352.
1174 297 1412 347 Harpocran
1455 299 1497 336 etz
1527 297 1694 337 Photius
1725 297 1809 336 Πο-

234 354 355 407 ταμός
386 350 627 409 (Ποταμοί)·
661 352 947 407 ἐκωμῳδοῦντο
976 350 1020 391 δὲ
1051 353 1110 405 (οἵ
1127 348 1338 406 Ποτάμιοι)
1369 351 1433 402 ὣς
1454 352 1649 408 ῥαδίως
1681 351 1812 406 δεχό-

233 427 375 464 μενοι
406 410 524 458 τοὺς
554 409 974 463 παρεγγράπτους
1006 406 1365 465 (παρεγγράφους),
1395 413 1421 451 i.
1443 425 1478 451 e.
1501 412 1608 452 cives
1637 411 1738 451 falso
1768 412 1811 451 in

237 471 393 509 tabulas
424 470 606 520 publicas
636 471 833 519 receptos.

1002 579 1058 622 37

439 659 568 716 ὑμεῖς
599 675 647 702 τε
677 661 845 710 πάντες
875 657 982 710 ἔξιτ’
1017 658 1092 701 ἐπὶ
1122 657 1173 700 τὸ
1206 659 1396 701 Πύθιον

356 761 360 765 .
419 727 540 777 ὅσοι
571 727 781 783 πάρεστε,
813 724 872 783 μὴ
905 726 1120 782 λαβόντες
1150 727 1387 782 λαμπάδας

440 795 544 852 μήδ
579 793 688 839 ἄλλο
720 795 863 852 μηδὲν
895 796 1114 851 ἐχόμενον
1146 796 1412 839 Φιλυλλίου.

350 890 479 930 801101.
510 891 718 941 Arisssoph.
758 891 866 930 Plut.
909 892 1019 930 1194
1057 886 1292 942 Λυκόφρων
1329 885 1451 960 ᾠηθη
1476 903 1636 943 πρωτον
1672 895 1815 930 τοῦτον

236 941 581 1017 (Ἀριστοφάνην)
601 947 730 1003 δοῖδας
763 944 969 1002 ᾑτηκέναι·
1000 946 1191 999 πεποίηκε
1219 945 1263 986 δὲ
1283 944 1352 987 καὶ
1381 945 1425 986 ἐν
1441 942 1815 998 Ἐκκλησιαζούσαις

237 1001 349 1044 αὐτό.
409 1002 507 1044 ἀλλὰ
536 1003 612 1057 γὰρ
630 989 834 1057 Στράττις
871 1002 963 1053 πρὸ
1002 1002 1296 1057 ἀμφοτέρων
1333 1003 1527 1044 τούτων
1563 1002 1680 1052 τοὺς
1718 1005 1815 1044 Πο-

237 1062 446 1113 ταμίους
477 1061 733 1101 διδάσκων
763 1062 820 1109 εἰς
856 1060 1072 1101 Φιλύλλιον
1110 1058 1304 1114 ἀναφέρει
1333 1059 1376 1100 τὸ
1406 1066 1568 1114 πρᾶγμα
1597 1064 1678 1103 κτλ.
1736 1061 1813 1102 πά-

237 1130 347 1171 ρεστε
379 1118 434 1172 V]
474 1133 547 1171 περ
586 1116 674 1159 ἐστὲ
713 1118 747 1157 Θ
777 1119 871 1158 Ald.
962 1121 1000 1160 3.
1032 1118 1247 1158 Φιλυλλίου
1286 1118 1587 1172 Hemsterhus]
1625 1118 1814 1159 Φυλλίου.

237 1174 391 1226 φύλλον
436 1176 481 1217 Θ.
512 1177 658 1228 Pythia
693 1177 772 1216 tria
807 1179 921 1216 erant
961 1177 1003 1216 in
1039 1176 1198 1225 Attica,
1239 1189 1364 1216 unum
1400 1178 1444 1216 in
1482 1177 1602 1226 urbe,
1641 1178 1815 1217 alterum

238 1234 409 1282 Oenoae‚
442 1235 609 1273 tertium
639 1235 709 1273 ubi
738 1247 845 1273 nunc
874 1234 1035 1285 Daphni
1074 1234 1358 1274 monasterium
1399 1235 1522 1274 situm
1551 1236 1613 1274 est
1642 1234 1815 1275 Athenis

236 1291 465 1330 Eleusinem
496 1291 775 1342 proficiscenti.
834 1291 877 1330 id
908 1291 1015 1341 quod
1035 1292 1078 1330 in
1098 1291 1196 1331 urbe
1226 1292 1312 1330 erat
1341 1291 1556 1342 significari
1582 1293 1688 1331 recte
1708 1291 1812 1331 iudi-

239 1350 347 1388 cavit
367 1348 707 1389 Hemsterhusius.
740 1349 790 1387 cf.
821 1348 1007 1388 Bursian.
1040 1348 1187 1400 Geogr.
1218 1361 1278 1400 gr.
1311 1347 1330 1387 1
1361 1349 1455 1388 302.

1005 1459 1062 1503 38

445 1525 500 1570 οὐ
532 1529 662 1570 λίνον
693 1529 805 1584 λίνῳ
837 1526 1096 1578 συνάπτεις.

352 1608 415 1649 ἐπὶ
445 1616 526 1650 τῶν
556 1609 602 1649 τὰ
633 1607 736 1649 αὐτα
767 1603 834 1649 δια
864 1610 944 1650 τῶν
963 1606 1101 1649 αυττὸν
1121 1609 1329 1663 δρώντων·
1363 1609 1557 1663 Στράττις
1586 1610 1815 1663 Ποταμίοις.

236 1667 414 1707 Photius.
449 1668 593 1708 Sujdas
623 1667 735 1707 λίνον
764 1667 859 1721 λίνῳ
891 1666 1128 1715 συνάπτεις·
1161 1666 1225 1708 ἐπὶ
1255 1674 1337 1708 των
1366 1667 1413 1708 τὰ
1442 1667 1559 1721 όμοια
1586 1666 1815 1722 ἐπιμιγνύν-

239 1738 331 1774 των,
362 1721 391 1775 ἢ
420 1722 786 1795 παρακρουομένων
815 1723 884 1764 καὶ
912 1721 1172 1768 ἆπατώντων.
1235 1724 1428 1791 Στράττις
1460 1727 1677 1780 Ποταμοῖς.
1709 1726 1816 1766 idem

237 1778 294 1820 οὐ
315 1780 428 1821 λίνον
448 1781 544 1836 λίνῳ
565 1781 806 1829 συνάπτεις·
838 1779 903 1822 ἐπὶ
932 1797 1014 1822 των
1043 1779 1090 1820 τὰ
1119 1779 1221 1822 αὐτα
1241 1781 1296 1835 μὴ
1318 1776 1386 1822 δια
1415 1788 1498 1823 των
1526 1779 1664 1823 αὐτῶν
1692 1796 1815 1836 πρατ-

236 1836 402 1878 τόντων.
463 1853 519 1878 ου
533 1854 593 1878 τω
643 1837 837 1892 Στράττις
882 1837 926 1878 ἐν
963 1838 1192 1890 Ποταμίοις.
1226 1841 1357 1881 Schol.
1389 1841 1495 1881 Plat.
1529 1843 1611 1881 369
1641 1841 1816 1880 Bekker.

235 1894 349 1934 λίνον
379 1895 474 1948 λίνῳ
505 1895 740 1944 συνάπτεις·
774 1894 838 1935 ἐπὶ
868 1901 948 1936 τῶν
978 1894 1024 1935 τὰ
1055 1893 1157 1935 αὐτα
1189 1894 1257 1936 διὰ
1287 1903 1369 1937 τῶν
1398 1894 1535 1937 αὐτῶν
1563 1894 1592 1949 ἢ
1619 1892 1816 1965 λεγόντων

235 1949 264 2003 ἢ
293 1950 530 2005 δρώντων
511 1952 539 2005 η’
573 1951 620 1993 τὰ
651 1967 767 2005 ομοια
797 1953 854 2001 εἰς
892 1952 1032 2003 φιλίαν
1060 1954 1332 2006 συναγόντων.
1391 1952 1586 2006 μέμνηται
1615 1951 1660 1993 δὲ
1689 1950 1815 2006 αὐτῆς

233 2006 509 2061 Ἀριστοτέλης
541 2009 585 2049 ἐν
619 2026 672 2050 τω
703 2025 728 2062 γ
757 2016 827 2062 τῆς
864 2015 1040 2062 φυσικῆς
1078 2007 1325 2063 ακροάσεως·
1363 2025 1418 2050 ου
1455 2009 1531 2064 γὰρ
1569 2010 1682 2050 λίνον
1716 2009 1812 2066 λίνῳ

238 2065 458 2106 συνάπτειν
488 2065 580 2109 ἐστί.
610 2067 678 2107 καὶ
709 2066 900 2121 Στράττις
931 2069 1148 2120 Ποταμοῖς.
1180 2070 1231 2109 cf.
1253 2069 1465 2109 Heindorf.
1495 2069 1598 2108 Plat.
1628 2069 1808 2120 Euthyd.

237 2138 275 2174 p.
307 2127 406 2165 390
449 2125 627 2192 Hesych.
659 2123 772 2164 λίνον
799 2124 908 2179 λίνῳ.
942 2126 1090 2166 Zenob.
1121 2127 1162 2175 4,
1195 2128 1262 2167 96.
1303 2126 1542 2177 Diogenian.
1574 2127 1612 2175 6,
1647 2127 1699 2165 16
1729 2122 1814 2178 (ἐπὶ

237 2186 318 2220 τῶν
356 2196 401 2220 τα
435 2176 593 2233 ἀσθενῆ
630 2177 822 2222 ἀσθενέσι
860 2165 1183 2237 συναπτόντων).
1221 2183 1352 2224 Schol.
1393 2183 1558 2224 Lucian.
1589 2195 1630 2233 p.
1664 2183 1743 2222 197
1773 2184 1816 2223 et

239 2239 322 2277 224
354 2241 452 2279 extr.
484 2239 674 2280 Iacobitz.

1007 2350 1063 2393 39

445 2430 667 2486 ἐγχέλεων
697 2429 883 2482 ἀνεψιός

355 2511 545 2566 Στράττις
577 2510 621 2552 ἐν
650 2512 868 2565 Ποταμίοις
899 2510 996 2581 ε’φη.
1021 2513 1249 2552 Athenaeus
1281 2514 1319 2562 7,
1343 2514 1471 2553 299b.
1501 2513 1604 2552 Plau
1633 2513 1811 2565 Euthyd,

242 2571 322 2610 298
341 2571 385 2665 31
417 2585 485 2610 και
533 2567 584 2609 σὺ
633 2568 712 2623 α’ρα
748 2567 921 2621 ἀδελφὸς
958 2564 996 2609 εἷ
1048 2574 1129 2609 τῶν
1165 2569 1328 2621 κωβιῶν
1382 2568 1449 2609 καὶ
1492 2569 1697 2623 κυναρίων
1746 2567 1814 2610 καὶ

238 2640 339 2679 χοιρι
367 2641 450 2666 ιων.

912 2750 1136 2786 ΠΤΤῙΣΟΣ

355 2866 515 2906 ΤὶίῑιΙΙιιε
547 2866 749 2909 obscurus.
783 2866 1041 2907 casaubonus
1073 2865 1260 2913 Πίτυλος.
1292 2865 1438 2908 Athen.
1472 2866 1509 2916 7,
1541 2859 1621 2906 327
1633 2880 1668 2906 e.
1707 2865 1807 2906 Pho-
