1872 3224
207 199 285 242 182
816 189 1176 226 ΦΕΡΕΚΡΑΤΟΤΣ

315 303 452 342 Pollux
485 303 520 349 7,
555 301 605 338 15
636 296 705 337 τὸν
734 294 778 336 δὲ
807 288 930 335 πολλοὶ
961 291 1194 344 ὠνούμενον
1225 291 1376 342 ἔξεστιν
1412 286 1540 331 εἰπεῖν
1575 286 1773 345 noll-ay&
1806 317 1811 339 ,-

204 371 345 412 ρασον,
384 359 419 398 εἰ
460 355 527 396 καὶ
562 358 718 406 φαῦλον
755 352 951 403 τοῦνομα,
995 348 1081 390 ἀλλ’
1123 349 1183 390 ὅτι
1222 344 1474 403 Φερεκράτης
1519 346 1683 402 εἴρηκεν
1725 345 1811 389 {vx

202 415 375 468 Πέρσαις
411 417 490 454 κτλ.
551 412 695 464 τηλιῶν
731 407 935 464 Kuhnius]
967 405 1013 448 θ’
1049 405 1186 460 ἡλίων.
1241 409 1353 448 ‘cum
1392 407 1537 446 Pollux
1568 406 1772 447 abiecbumt
1822 451 1824 454 y

203 488 285 515 esse
316 474 487 512 declarat
518 467 870 523 (πολλαγόρασον),
910 468 958 507 de
998 468 1072 506 hoo
1109 467 1299 507 universo
1336 477 1482 516 genere
1520 462 1774 516 plebeiorum*

203 531 469 571 conviciorum
514 528 751 568 sententiam
794 527 899 565 ferre
945 524 1165 564 censendus
1210 525 1300 564 est’.
1340 522 1443 562 Lob.
1481 521 1633 574 Phryn.
1670 521 1772 563 436.
1818 546 1831 567 s

203 588 368 627 Bekker.
389 586 538 625 Anecd.
571 586 666 635 275,
692 585 742 623 15
773 579 799 635 ἡ
830 581 943 634 τηλία
973 579 1084 628 σανὶς
1113 576 1411 631 ἀλφιτοπωλικὴ
1441 580 1621 631 πλατεῖα,
1651 588 1777 636 προσώ
1826 584 1831 587 ’

202 641 401 696 ηλωμένας
431 641 571 693 ἔχουσα
602 640 733 694 κύκλῳ
764 639 929 686 σανίδας
958 638 1029 678 τοῦ
1056 636 1110 690 μὴ
1141 637 1186 677 τὰ
1217 636 1367 687 ἄλφιτα
1389 634 1608 677 ἐκπίπτειν.
1640 635 1779 677 Sohoh
1827 635 1830 674 j

205 702 407 751 Aristoph.
438 701 545 739 Plut.
571 701 677 739 1037
710 697 821 745 ἰδίως
853 695 1028 736 ἐκαλεῖτο
1058 696 1169 747 τηλία
1199 709 1255 734 πε
1268 694 1520 747 ρίφραγμα
1550 691 1777 734 σανίδων
1829 709 1832 710 ’

204 756 221 796 ε’
231 773 254 796 ν
283 763 335 812 τῇ
365 754 541 812 ἀγορᾷ,
581 754 624 795 ἐν
653 749 686 810 ᾧ
715 753 862 805 ἄλφιτα
895 752 1201 805 ἐπιπράσκοντο.
1263 754 1414 803 ‘itaque
1444 750 1610 803 perinde
1630 753 1704 792 -eat
1727 760 1776 793 w
1830 770 1838 791 1

207 817 240 854 si
270 816 494 865 scripsisset
525 810 566 852 τὸ
598 811 759 852 παιδίον
780 810 822 851 τὸ
842 805 966 850 πολλοὶ
986 808 1054 850 καὶ
1074 803 1154 849 ἀπὸ
1182 812 1342 849 πολλῶν
1372 811 1519 860 τηλιῶν
1547 804 1776 862 ἀγοράζων’.
1844 831 1845 834 ¹

212 873 382 911 Meinek.

948 957 1028 1000 127

415 1037 488 1081 ἐπὶ
518 1038 726 1094 τηγάνοις
755 1034 1005 1080 καθίσανθ’
1038 1034 1269 1092 ὑφάπτειν
1299 1037 1383 1080 τοῦ
1414 1035 1551 1092 φλέω.

319 1123 548 1161 Athenaeus
580 1123 626 1171 6,
659 1123 776 1161 2280
817 1118 989 1173 τήγανον
1025 1116 1063 1159 δ’
1106 1119 1267 1172 εἴρηκεν
1298 1150 1307 1158 .
1333 1151 1341 1159 .
1368 1111 1377 1161 ζ
1408 1117 1662 1173 Φερεκράτης
1695 1147 1706 1159 .
1728 1147 1739 1159 .
1761 1149 1772 1160 .

208 1178 252 1218 ἐν
283 1176 456 1231 Πέρσαις
486 1180 566 1216 κτλ.
597 1176 703 1229 φλέω
734 1178 921 1230 Meinek]
955 1175 1095 1228 φλέως.
1147 1174 1353 1228 ὑφάπτειν
1382 1191 1406 1217 a
1443 1177 1568 1218 verbo
1608 1176 1774 1216 iubendi

204 1236 584 1345 {igigtuszfflgfm'
644 1237 693 1276 cf.
726 1236 929 1291 Aristoph.
962 1237 1062 1275 Rau.
1096 1236 1177 1274 244
1217 1249 1307 1275 cum
1346 1236 1512 1287 interpr.
1541 1247 1658 1286 saepe
1687 1229 1778 1284 ὀξύ·

938 1382 1032 1426 ,128

456 1442 715 1516 στεφάνους.
739 1476 787 1504 τε
817 1464 927 1504 πᾶσι
958 1459 1270 1517 κῶμφαλωτάς
1300 1460 1531 1517 χρυσίδας.

320 1545 545 1583 Athenaeus
587 1546 659 1592 11,
692 1546 772 1584 502
792 1558 814 1583 a
850 1543 1100 1597 Φερεκράτης
1139 1541 1183 1583 δὲ
1213 1541 1242 1596 ἢ
1273 1540 1294 1583 ὁ
1323 1541 1552 1596 πεποιηκώς
1588 1535 1682 1592 τούς
1720 1542 1778 1592 εἰς

207 1597 332 1640 αὐτὸν
350 1598 671 1652 ἀναφερομένους
694 1598 854 1653 Πέρσας
885 1602 1004 1652 φησί·
1037 1601 1263 1652 στεφάνους
1293 1604 1374 1643 κτλ.
1406 1602 1657 1653 comparanti
1687 1601 1779 1641 Ari-

209 1659 337 1709 stoph.
370 1659 467 1697 Aah.
502 1659 554 1697 74
593 1660 717 1709 legati
756 1660 928 1710 hospitio
968 1661 1122 1710 excepti
1152 1674 1175 1699 a
1204 1660 1417 1699 Persarum
1454 1672 1546 1711 rege
1577 1659 1642 1700 vel
1672 1658 1777 1698 dona

209 1716 257 1753 ab
277 1716 348 1754 illo
370 1716 490 1755 missa
511 1715 779 1767 intellegenda
802 1717 999 1759 videntur.
1035 1718 1085 1757 cf.
1103 1716 1252 1757 Cratin.
1276 1719 1344 1757 50.

950 1829 1032 1870 129

453 1898 582 1955 οὗτος
612 1904 684 1960 σύ,
716 1913 798 1948 ποῖ
822 1906 903 1961 τὴν
935 1905 1161 1963 ἀργυρίδα
1192 1907 1324 1965 τηνδὶ
1354 1910 1530 1965 φέρεις;

321 1988 462 2027 Athen.
496 1991 559 2041 11,
588 1990 669 2029 502
686 1990 712 2028 b
743 1989 811 2040 τῆς
843 1987 886 2028 δὲ
916 1987 1129 2044 ἀργυρίδος
1161 1989 1307 2044 φιάλης
1328 1988 1579 2045 Φερεκράτης
1601 1989 1647 2031 ἐν
1669 1987 1776 2044 Πέρ-

215 2054 301 2092 σαις
333 2042 436 2083 οὕτω
465 2044 721 2097 μνημονεύει·
754 2040 869 2094 οὗτος
901 2044 952 2086 σύ
983 2050 1066 2088 κτλ.

267 2247 331 2296 τίς
361 2243 402 2287 δ’
436 2245 534 2288 ἔσθ’
566 2244 673 2303 ἡμῖν
710 2251 801 2291 τῶν
839 2251 933 2292 σῶν
962 2248 1140 2304 ἀροτῶν
1168 2249 1198 2307 ἢ
1229 2254 1485 2307 ζυγοποιῶν
1523 2253 1588 2295 ἔτι
1626 2252 1771 2309 χρεία,

268 2313 296 2368 ἢ
326 2314 678 2370 δρεπανουργῶν
708 2315 736 2372 ἦ
762 2318 1059 2372 χαλκοτύπων
1086 2315 1115 2376 ἢ
1141 2319 1394 2376 σπέρματος
1421 2318 1450 2377 ἦ
1470 2321 1756 2377 χαρακισμοῦ
1766 2338 1777 2372 ;

269 2379 508 2437 αὐτόματοι
533 2381 619 2439 γάρ
644 2382 719 2427 διὰ
740 2387 831 2427 τῶν
854 2386 1052 2441 τριόδων
1073 2388 1264 2444 ποταμοὶ
1287 2391 1497 2445 λιπαροῖς
1518 2387 1783 2440 ἐπιπάστοις

271 2449 415 2504 ζωμοῦ
445 2450 636 2505 μέλανος
666 2452 739 2495 καὶ
763 2451 1019 2508 Ἀχιλλείοις
1048 2455 1202 2511 μάζαις
1240 2459 1547 2514 κοχυδοῦντες
1589 2454 1780 2515 ἐπιβλὺξ

233 2526 253 2556 5
277 2514 363 2559 ἀπὸ
379 2521 469 2560 τῶν
485 2519 638 2574 πηγῶν
653 2523 745 2564 τῶν
760 2525 841 2563 τοῦ
852 2524 1069 2566 Πλούτου
1086 2524 1345 2581 ῥεύσονται,
1365 2529 1498 2582 σφῶν
1512 2524 1778 2582 ἀρύτεσθαι.

272 2581 295 2626 ὁ
326 2583 439 2635 Ζεύς
469 2585 510 2628 δ’
543 2586 641 2630 ὕων
670 2593 779 2642 οἴνῳ
811 2593 979 2648 καπνίᾳ
1009 2591 1122 2635 κατὰ
1151 2596 1234 2636 τοῦ
1266 2594 1469 2650 κεράμου
1488 2593 1780 2651 βαλανεύσει,

272 2650 357 2694 ἀπὸ
372 2657 463 2695 τῶν
478 2654 526 2696 δὲ
539 2658 680 2710 τεγῶν
701 2655 844 2712 ὀχετοὶ
864 2659 1075 2715 βοτρύων
1094 2661 1206 2716 μετὰ
1225 2664 1484 2706 ναστίσκων
1503 2662 1780 2720 πολυτύρων

274 2717 581 2773 ὀχετεύσονται
610 2728 764 2782 θερμῷ
795 2725 884 2769 σὺν
915 2729 1031 2770 ἔτνει
1061 2731 1136 2772 καὶ
1167 2729 1707 2787 λειριοπολφανεμώναις.

272 2785 325 2829 τά
356 2787 405 2830 δὲ
436 2789 489 2844 δὴ
523 2790 685 2847 δένδρη
716 2793 799 2836 τάν
829 2802 922 2845 τοῖς
952 2794 1108 2852 ὄρεσιν
1138 2799 1323 2854 χορδαῖς
1360 2797 1518 2850 ὀπταῖς
1559 2800 1782 2857 ἐριφείοις

219 2863 260 2894 10
277 2855 591 2913 φυλλοροήσει,
615 2860 688 2902 καὶ
708 2863 954 2914 τευθιδίοις
973 2862 1184 2909 ἁπαλοῖσι
1206 2869 1381 2922 κίχλαις
1400 2865 1440 2911 τ’
1463 2866 1778 2925 ἀναβράστοις.
