1872 3224
204 256 258 298 52
846 244 1089 279 κΡΑΤιΝοΤ

315 357 482 396 Bekker.
516 353 663 393 Anecd.
695 353 796 400 436,
829 352 851 389 6
884 352 923 388 et
962 348 1071 387 Suid.
1103 343 1182 384 ἀπὸ
1214 342 1423 395 στόματος·
1455 339 1510 390 ὡς
1540 337 1680 393 ἡμεῖς,
1710 338 1755 380 τὸ

204 412 255 467 μὴ
287 406 351 452 διὰ
381 409 636 465 γραμμάτων,
666 404 756 447 ἀλλ’
789 399 867 445 ἀπὸ
887 403 1043 457 μνήμης
1076 434 1084 443 .
1111 433 1119 441 .
1144 433 1152 441 .
1185 404 1381 451 Κρατῖνος
1420 397 1466 439 δὲ
1497 394 1618 438 ταύτὸ
1651 393 1754 438 τοῦτ’

206 464 304 509 εἀπὸ
340 467 530 521 γλώττης’
569 464 733 516 Νόμοις.
785 466 823 502 2.
860 459 947 501 ἀλλ’
986 458 1079 514 ἀπὸ]
1127 458 1172 499 τὰ
1216 457 1316 498 ἄλλα
1354 453 1480 509 (ἀλλ’)
1520 452 1600 495 ἆπὸ
1639 455 1755 496 Suid.

205 530 252 569 A.
300 521 544 577 μνημονεύω]
582 518 841 574 μνημονεύων
885 519 995 559 Suid.
1033 519 1082 559 A.
1121 541 1174 546 —
1213 517 1261 556 de
1299 516 1457 567 legibus
1494 515 1628 554 nescio
1665 513 1757 564 qui‘s

204 585 487 633 interrogatus,
530 581 646 619 homo
676 579 822 629 probus
853 580 891 616 et
928 576 1113 626 simplex,
1146 574 1375 624 respondet.
1427 584 1591 622 prorsus
1639 570 1758 611 aliter

203 640 419 680 insiciarius
449 638 572 678 Arist.
604 637 676 686 Eq.
711 636 802 674 188.

933 779 1013 822 123

341 872 423 916 οὐκ
454 871 718 928 ἄπερρήσεις
747 869 805 913 σύ
834 872 1028 919 θᾶττονς
1063 867 1264 911 ἀποτιλῶ
1293 878 1344 910 σε
1374 866 1586 923 τήμερον.

316 968 483 1007 Bekker.
522 966 667 1005 Anecd.
707 966 807 1008 422.
847 966 869 1003 9
909 960 1165 1014 ἆπερρήσεις·
1203 958 1426 1017 ἆπελεύσῃ,
1464 957 1757 1015 ἆποφθαρήσῃ.

204 1022 306 1078 οῧτῳ
336 1025 531 1074 Κρατῖνος
568 1019 732 1073 Νόμοις,
769 1018 942 1059 ἆποτιλῶ
980 1031 1023 1059 σε
1059 1021 1223 1060 Porson.
1257 1019 1358 1060 Adv.
1392 1018 1464 1071 39]
1503 1013 1756 1057 ἆποτιλῶσαι.

204 1082 422 1132 Hesychius
448 1077 697 1131 ἀπερρήσεις·
730 1075 946 1132 ἀπελεύσῃ,
966 1074 1252 1131 ἇποφθαρήσῃ.
1283 1072 1542 1129 ἀπερρήσεις,
1562 1077 1610 1115 ut
1630 1075 1757 1115 Arist.

203 1138 307 1178 Nub.
331 1139 423 1177 783.
443 1138 533 1176 Pac.
559 1138 679 1175 1294.
701 1137 805 1175 Eccl.
836 1137 913 1175 169
935 1133 1094 1184 ὄῖπερρε.
1126 1130 1353 1173 ἀποτίλλειν
1382 1134 1518 1173 eadem
1541 1133 1580 1173 vi
1602 1132 1757 1172 dictum

204 1208 286 1234 esse
306 1196 439 1244 potest
457 1207 534 1244 qua
554 1194 677 1233 Arist.
700 1193 803 1232 Eccl.
828 1194 907 1232 724
940 1191 1116 1242 (saepius
1137 1189 1430 1242 παρατίλλειν).
1463 1194 1640 1230 ceterum
1661 1189 1758 1230 haec

205 1265 250 1290 ex
279 1264 416 1291 scaena
445 1252 627 1300 excerpta
656 1250 841 1289 videntur
871 1250 991 1289 simili
1023 1250 1148 1290 Arist.
1179 1249 1254 1299 Eq.
1288 1249 1451 1299 284sq.,
1485 1249 1653 1298 36‘lsq„
1693 1247 1756 1287 in-

203 1309 340 1358 primis
371 1308 622 1347 369—374.
659 1304 898 1357 quapropter
927 1306 1256 1345 Wilamowitzius
1279 1305 1374 1346 obs.
1404 1306 1494 1344 crit.
1521 1306 1573 1345 29
1594 1306 1680 1344 not.
1706 1303 1757 1343 12

203 1377 359 1404 versum
394 1365 498 1404 inter
534 1364 630 1402 duas
666 1376 853 1414 personas
891 1364 1078 1403 distribui
1115 1376 1232 1413 posse
1270 1376 1350 1402 non
1389 1363 1492 1402 male
1532 1361 1756 1401 admonuit.

203 1422 332 1460 minus
362 1421 460 1460 bene
490 1422 538 1471 ad
567 1421 753 1460 Nemesin
785 1418 975 1474 (Νεμέσει
1004 1434 1074 1471 pro
1106 1415 1277 1471 Νόμοις)
1309 1420 1516 1460 referenda
1547 1419 1682 1469 duxit,
1713 1420 1761 1458 ut

205 1480 334 1517 essent
363 1479 542 1517 ‘alicuius
572 1478 621 1516 ad
651 1478 975 1517 transformatam
1006 1478 1198 1518 Nemesin
1227 1480 1297 1516 aut
1329 1477 1511 1517 Nemesis
1541 1477 1591 1516 ad
1620 1475 1759 1516 Iovem

205 1547 365 1584 cycnum
395 1535 554 1574 minae?
584 1548 674 1573 nam
703 1535 799 1574 talia
827 1536 871 1574 in
909 1536 1048 1585 quavis
1085 1535 1288 1574 comoedia
1318 1535 1395 1574 dici
1433 1537 1617 1585 possunt·
1663 1533 1760 1573 Por-

205 1592 289 1629 soni
320 1592 543 1640 opinionem
582 1592 718 1630 ‘verba
756 1605 840 1631 esse
879 1593 1047 1632 alicuius
1082 1592 1130 1630 ad
1169 1592 1321 1643 gallum
1360 1606 1390 1632 s.
1430 1590 1642 1643 gallinam’
1673 1590 1760 1630 iure

205 1648 430 1697 inprobavit
459 1648 690 1688 Meinekius.

932 1759 1013 1801 124

333 1849 509 1905 χρυσίδι
540 1850 746 1894 σπένδων
775 1850 974 1906 γέγραφε
1004 1857 1096 1901 τοῖς
1127 1847 1258 1906 ὄφεσι
1290 1858 1413 1894 πιεῖν
1445 1851 1613 1903 διδούς.

315 1943 538 1983 Athenaeus
581 1946 650 1992 11,
684 1945 797 1984 5021)
841 1943 1027 1995 χρυσίδος
1063 1942 1106 1984 δὲ
1154 1942 1430 1998 (μνημονεύει)
1472 1947 1672 1998 Κρατῖνος
1716 1942 1763 1985 ἐν

208 1997 369 2049 Νόμοις.
389 2000 502 2045 ⁴idem
523 2002 633 2040 496e
663 1999 794 2050 ῥυσίς·
827 1999 952 2052 φιάλη
973 2007 1116 2054 χρυσῇ.
1138 2004 1337 2051 Κρατῖνος
1367 2000 1410 2042 ἐν
1431 2002 1586 2055 Νόμοις
1607 2000 1762 2055 (ῥυσίδι

207 2055 414 2096 σπένδων’.
445 2058 548 2106 quod
579 2059 788 2097 manifesto
820 2061 1065 2109 corruptum.
1105 2073 1255 2111 angues
1286 2063 1381 2100 sunt
1411 2061 1759 2113 pharmacopolae.

207 2113 330 2151 Bekk.
367 2114 515 2152 Anecd.
554 2115 654 2165 314,
693 2116 746 2154 20
790 2118 1128 2166 φαρμακοπώλαι·
1174 2117 1215 2156 οἵ
1255 2115 1347 2164 τοὺς
1382 2115 1496 2168 ὄφεις
1533 2115 1760 2168 τρέφοντες.

208 2169 423 2208 Meinekius
466 2167 648 2223 κέκραγε·
697 2175 776 2218 τοῖς
813 2194 870 2201 -
907 2171 1037 2215 δίδου.
1085 2175 1241 2214 facilius
1279 2176 1441 2215 videtur
1487 2172 1679 2215 σπένδων
1720 2170 1758 2214 τ’
1832 2202 1833 2205 =

209 2222 364 2289 ἔφραζε·
395 2229 473 2312 τρῖς
501 2250 555 2257 --
585 2227 708 2267 δίδου.
740 2229 808 2268 sed
839 2231 928 2280 quis
949 2232 991 2270 in
1023 2233 1135 2271 tanta
1164 2232 1336 2284 caligine
1356 2235 1535 2284 praestet
1555 2246 1597 2273 se
1620 2245 1762 2274 verum

208 2295 401 2321 invenisse
417 2313 425 2321 .

935 2387 1014 2430 125

408 2473 480 2515 καὶ
509 2472 673 2528 δρόσον
702 2477 882 2531 βάλλων
910 2477 1057 2521 ἕωθεν
1087 2477 1269 2535 χλιαρὸς
1296 2466 1525 2537 ταγηνίας.

317 2565 542 2634 *Athenaeus
568 2570 632 2618 14,
656 2571 734 2610 646
759 2570 980 2624 ταγηνίτης,
1010 2575 1186 2620 πλακοῦς
1216 2572 1260 2613 ἐν
1279 2572 1397 2630 ἐλαίῳ
1421 2571 1762 2629 τετηγανισμένος,

214 2616 238 2684 δ’
263 2634 328 2659 και
351 2622 542 2673 ταγηνίας.
572 2623 808 2677 μνημονεύει
830 2659 837 2667 .
862 2660 870 2668 .
895 2659 905 2669 .
928 2631 1125 2678 Κρατῖνος
1147 2629 1191 2671 ἐν
1211 2630 1378 2684 Νόμοις.
1410 2633 1518 2684 quod
1540 2632 1763 2673 Meinekius

213 2679 372 2715 ανωθεν
401 2681 646 2721 scribendum
676 2688 811 2724 censet
839 2699 910 2736 pro
941 2684 1081 2740 ἕωθεν,
1111 2690 1151 2727 id
1183 2702 1264 2729 non
1291 2691 1559 2730 necessarium
1588 2690 1761 2731 videtur.
1805 2732 1809 2734 .

216 2733 262 2796 de
291 2735 468 2798 placenta
486 2738 527 2775 in
546 2739 660 2779 furno
682 2745 791 2781 cocta
819 2743 998 2793 loquitur
1018 2758 1106 2784 cum
1138 2747 1284 2786 comica
1309 2748 1482 2798 quadam
1502 2747 1770 2799 magnificem

214 2791 280 2827 tia.
318 2791 412 2829 talia
451 2795 579 2833 autem
614 2798 739 2845 primo
776 2812 890 2839 mane
927 2802 1160 2852 agebantur.
1204 2804 1253 2843 cf.
1291 2804 1474 2844 Pherecr.
1519 2807 1584 2845 10.
1630 2816 1788 2844 rorem-

216 2845 408 2885 Meinekio
439 2848 563 2889 dicere
591 2853 747 2892 videtur
776 2856 966 2896 ‘umorem
1003 2859 1109 2909 ignis
1139 2861 1180 2900 vi
1210 2873 1258 2900 ex
1294 2862 1478 2911 placenta
1507 2862 1627 2901 melle
1657 2861 1761 2901 oleo-

217 2914 290 2951 que
322 2904 479 2942 subacta
507 2909 783 2949 exsudantem’.
