1872 3224
247 188 302 231 94
898 179 1150 213 KPATINOT

246 286 408 344 μάζουσ’
441 285 505 327 άεὶ
533 288 683 326 Iacobs.
714 286 860 324 Athen.
894 285 989 322 248.
1023 305 1076 311 —
1107 296 1197 321 cum
1234 295 1275 322 v.
1308 282 1332 320 2
1363 264 1466 320 bene
1496 280 1669 321 contulit
1698 276 1804 322 Her-

249 349 451 389 werdenus
483 345 595 384 Stud.
627 344 714 382 crit.
739 344 789 381 77
823 341 973 391 Sophil.
1007 342 1030 380 3
1060 337 1230 391 ἄκρατος
1262 334 1408 377 ἐδίδοτ’
1442 336 1535 377 ἴσον
1555 335 1644 385 ἴσῳ.
1681 333 1805 391 ἅγιό-

247 408 320 456 λην
348 404 487 443 melius
516 414 635 451 quam
671 400 753 450 hic,
792 399 860 437 ubi
899 398 1033 448 poculi
1064 410 1190 448 genus
1221 409 1307 436 esse
1336 396 1532 444 somniat,
1575 395 1807 437 Athenaeus

247 461 526 511 interpretatur
547 459 625 497 667
635 469 655 495 0
685 453 856 494 ἐκάλουν
877 451 914 492 δ’
936 450 1008 492 ἀπ’
1032 450 1205 506 ἀγκύλης
1226 451 1300 504 τὴν
1319 458 1390 492 τοῦ
1411 450 1609 504 κοττάβου
1637 449 1806 506 πρόεσιν

247 516 311 557 διά
342 515 385 556 τὸ
414 513 670 566 (ἐπαγκυλοῦν
699 511 773 564 τὴν
809 509 946 560 δεξιὰν
983 514 1092 563 χεῖρα
1131 508 1175 550 ἐν
1212 513 1293 556 τοῖς
1327 506 1703 564 ἀποκοτταβισμοῖς.
1751 509 1804 554 ef.

248 575 457 625 Antiphan.
487 573 552 619 55,
587 572 650 610 15.
683 592 734 598 —
767 567 1082 620 ἐπονομάζουσα]
1117 569 1245 608 Schol.
1270 568 1437 607 Theocr.
1462 569 1528 620 14,
1551 570 1602 607 17
1632 563 1806 608 εἰώθασι
1864 583 1872 615 q

249 663 257 672 .
290 662 299 670 .
332 629 375 669 ἕν
404 633 484 676 τοῖς
515 626 748 678 συμποσίοις
777 624 950 679 ἄκρατον
979 624 1199 678 λαμβάνειν
1228 623 1295 663 καὶ
1324 622 1535 676 ὀνομάζειν
1567 617 1676 672 τινας
1706 621 1803 678 ἔρω-
1863 635 1872 678 ζ.

245 686 388 740 μένους
424 683 453 738 η’
488 684 629 736 φίλους
673 682 740 723 καὶ
779 680 928 734 ἐπιχεῖν
965 688 1013 737 τῇ
1041 688 1106 737 γῇ.
1152 683 1298 722 Eubul.
1333 685 1399 732 56,
1433 684 1472 722 6.
1517 682 1733 723 Phileteer.
1769 683 1804 725 1.
1868 685 1872 730 ⁶.

247 745 419 785 Clearch.
454 745 491 782 1.
522 743 646 781 oratio
677 742 887 781 admodum
926 743 1124 780 contorta:
1163 741 1219 779 sic
1250 740 1356 780 enim
1386 739 1612 790 exspectari
1640 741 1804 792 poterat

245 802 416 841 πίνουσα
448 796 743 850 ἔπονομάζουσά
774 811 813 836 τε
841 797 891 852 τῷ
920 796 1127 851 Κορινθίῳ
1156 794 1241 836 πέει
1269 793 1342 836 ἀπ’
1374 793 1549 849 ἀγκύλης
1579 794 1665 848 ἵησι
1683 793 1804 837 λάτα-

246 875 330 912 γας.
361 859 494 908 itaque
523 856 739 896 videndum
770 869 820 893 an
850 868 923 905 pro
962 851 1250 906 ἐπονομάζουσ’
1291 851 1549 894 scribendum
1587 855 1642 895 sit
1676 849 1803 900 ἅπα-

167 909 177 919 ’
247 909 543 961 κοντίζουσ’.
575 914 747 952 ceterum
770 912 956 951 Cratinus
986 911 1168 964 παρῳδεῖ
1190 912 1396 962 Euripidis
1428 912 1722 952 Stheneboeam
1751 911 1802 956 fr.

246 974 326 1012 667
350 972 502 1011 Nauck.
532 967 655 1008 πεσὸν
684 966 728 1007 δέ
758 983 822 1007 νιν
842 966 1010 1020 λέληθεν
1039 965 1160 1008 οὐδὲν
1190 966 1233 1007 ἐκ
1253 967 1388 1021 χερός,
1419 965 1508 1008 ἀλλ’
1530 964 1663 1017 εὐθὺς
1692 963 1804 1025 αὐδᾷ

246 1032 314 1084 *τῷ
336 1027 539 1081 Κορινθίῳ
560 1022 701 1080 ξένῳ’.
735 1026 783 1066 cf.
805 1027 1009 1077 Aristoph.
1034 1027 1193 1066 Thesm.
1214 1027 1297 1066 404
1329 1030 1383 1082 τῷ
1402 1022 1638 1079 κατέαγενὴ
1660 1024 1803 1081 χύτρας

245 1084 319 1125 οὐκ
349 1082 436 1124 ἔσθ’
468 1082 574 1131 ὅπως
603 1080 649 1122 ού
680 1083 735 1138 τῷ
766 1082 970 1137 Κορινθίῳ
1001 1081 1111 1138 ξένῳ.

971 1206 1055 1249 274

445 1298 557 1354 πρὸς
585 1299 665 1339 τοῦ
697 1297 910 1346 Σόλωνος
939 1298 1011 1339 καὶ
1040 1298 1306 1353 Δράκοντος
1335 1292 1427 1341 οἷσι
1457 1300 1548 1341 νῦν

446 1364 702 1421 φρύγουσιν
731 1363 817 1420 ἤδη
848 1362 926 1415 τοὶς
955 1364 1125 1422 κάχρυς
1154 1373 1247 1417 τοῖς
1278 1365 1513 1422 κύρβεσιν.

355 1460 553 1499 Plutarch.
595 1459 673 1498 Sol.
714 1461 765 1498 25
811 1458 1221 1511 προσηγορεύθησαν
1245 1459 1307 1513 (οἵ
1341 1457 1527 1508 Σόλωνος
1564 1457 1700 1517 νόμοι)
1747 1458 1804 1512 ὧς

241 1514 501 1569 Ἀριστοτέλης
530 1515 643 1566 φησί,
673 1514 858 1567 κύρβεις·
889 1514 956 1555 καὶ
979 1518 1174 1569 Κρατῖνος
1205 1515 1226 1558 ὃ
1249 1516 1420 1570 κωμικὸς
1441 1516 1576 1572 εἴρηκέ
1600 1533 1682 1559 που
1701 1517 1801 1575 πρὸς

245 1579 314 1612 τοῦ
345 1572 528 1619 Σόλωνος
557 1575 637 1611 κτλ.
671 1571 818 1625 κάχρυς
850 1573 983 1624 Steph.
1015 1577 1055 1614 et
1084 1572 1142 1629 A]
1173 1574 1347 1628 κάγχρυς
1378 1576 1458 1619 ΒΟ.
1490 1579 1572 1624 τοῖς
1611 1574 1805 1631 κύρβεσιν

246 1631 408 1671 Porson.
447 1631 552 1669 Adv.
584 1631 665 1668 284
696 1628 823 1682 Lips.]
862 1633 947 1677 ταῖς
978 1632 1090 1671 codd.
1122 1633 1250 1679 Plut.‚
1289 1635 1358 1685 qui
1395 1634 1482 1674 sine
1521 1634 1644 1675 dubio
1682 1636 1803 1677 etiam

245 1682 339 1728 αἷσι,
371 1688 419 1726 (10
449 1699 592 1738 genere
622 1687 864 1726 dissentiunt
894 1688 1094 1729 Porsonus
1124 1693 1164 1729 et
1193 1691 1482 1731 Valckenarius
1510 1691 1640 1732 Diatr.
1661 1693 1804 1745 Eurip.

247 1745 324 1782 221
337 1757 367 1785 c.
390 1744 593 1793 Aristoph.
614 1744 690 1783 Av.
715 1746 821 1783 1354
845 1741 889 1782 ἐν
918 1748 1003 1791 ταῖς
1035 1750 1115 1785 τῶν
1145 1750 1354 1800 πελαργῶν
1383 1745 1576 1801 κύρβεσιν
1596 1750 1680 1790 cod.
1703 1750 1803 1790 Ven.
1850 1771 1855 1776 ·

246 1803 338 1846 τοῖς.
369 1801 418 1840 cf.
452 1813 551 1850 quae
580 1801 852 1840 adnotavimus
883 1802 931 1840 ad
962 1803 1167 1854 Aristoph.
1198 1805 1304 1844 Nub.
1336 1807 1432 1845 448.
1474 1807 1716 1847 sententiam
1745 1808 1804 1848 sic

245 1858 415 1907 explicat
444 1857 666 1896 Mcinekius
697 1855 794 1906 πρὸς
823 1862 904 1896 τῶν
932 1856 1127 1911 κύρβεων,
1159 1855 1218 1908 οἷς
1240 1867 1319 1901 νῦν
1338 1857 1557 1915 φρύγουσι,
1589 1864 1689 1912 ’τοῖς
1709 1861 1804 1916 κύρ·

246 1914 332 1965 βεσι
360 1916 455 1953 nota
484 1914 720 1953 attractione
751 1915 900 1954 dictum
930 1929 1001 1966 pro
1033 1921 1114 1956 τῶν
1150 1914 1364 1971 κύρβεων’.
1412 1921 1482 1960 sed
1518 1924 1804 1973 praeterquam

245 1971 349 2020 quod
385 1971 458 2010 hoc
494 1971 653 2020 quidem
692 1972 995 2012 adsimilationis
1032 1988 1159 2025 genus
1197 1990 1450 2028 nequaquam
1491 1980 1633 2017 notum
1669 1981 1732 2019 est
1760 1979 1803 2018 in

245 2028 379 2066 multis
410 2025 610 2077 variisque
640 2029 723 2067 eius
752 2030 978 2079 generibus,
1010 2043 1079 2070 cur
1108 2031 1207 2084 πρός
1235 2034 1300 2073 1110
1328 2047 1410 2074 11011
1440 2034 1642 2086 significet
1672 2037 1804 2086 ‘prope

246 2084 379 2134 legum
407 2084 577 2123 tabulas'
606 2085 755 2123 nullam
784 2087 899 2125 video
931 2100 1103 2127 causam.
1147 2090 1195 2131 cf.
1229 2091 1436 2142 Aristoph.
1466 2092 1564 2143 Lys.
1597 2094 1679 2132 633
1708 2089 1802 2146 ἆγο-

245 2138 351 2191 ράσω
382 2173 390 2180 .
421 2170 429 2178 .
464 2170 471 2178 .
503 2138 611 2191 ἑξῆς
638 2138 945 2194 Ἀριστογείτονι.
975 2157 1041 2184 eas
1072 2146 1231 2187 tabulas
1261 2148 1341 2187 iam
1372 2149 1430 2188 ita
1457 2149 1673 2189 contemni'
1689 2150 1800 2199 dicit,

246 2199 291 2235 ut
320 2197 361 2235 in
392 2197 486 2236 cibis
517 2198 752 2247 adparandis
784 2200 839 2239 eis
868 2202 1048 2240 utantur.

970 2323 1055 2366 275

679 2414 734 2468 τῇ
762 2412 942 2468 μάστιγι
972 2413 1164 2468 κνάψειν
1195 2411 1248 2460 εὖ
1276 2415 1396 2474 μάλα

445 2475 474 2533 ἢ
504 2483 802 2536 συμπατῆσαι.

357 2559 496 2598 Pollux
526 2563 564 2612 7,
597 2563 649 2602 38
680 2559 750 2601 τοῦ
778 2560 823 2602 δὲ
851 2561 1043 2605 κνάπτειν
1071 2563 1224 2619 ἡγεῖται
1264 2566 1307 2607 τὸ
1339 2569 1536 2621 πατῆσαι,
1567 2566 1622 2618 ὥς
1654 2571 1801 2622 Κρατῖ-

246 2627 312 2661 νος
342 2611 538 2665 ὑποδηλοῖ
561 2618 721 2665 παίζων.
758 2622 967 2661 translatio
1005 2625 1130 2674 petita
1160 2629 1222 2665 est
1250 2627 1299 2666 ab
1330 2639 1449 2677 opero
1478 2628 1661 2667 fullonio.
1699 2627 1798 2679 Hip-

246 2684 350 2720 pocr.
385 2673 444 2711 De
471 2674 579 2713 victu
607 2689 689 2715 san.
724 2678 759 2724 1,
792 2679 816 2716 8
848 2677 890 2716 οἵ
914 2684 1084 2730 γναφεῖς
1115 2681 1432 2734 λάκτίζουσι,
1462 2683 1692 2736 παίουσι,
1731 2683 1800 2724 κό-

245 2738 432 2778 πτουσιν,
463 2727 628 2769 ἕλκουσι.
659 2734 710 2772 cf.
744 2734 926 2777 Schneid.
961 2737 1105 2788 Script.
1143 2740 1192 2778 R.
1224 2753 1257 2779 r.
1289 2741 1372 2787 IIII
1402 2742 1533 2781 385b.
1573 2744 1800 2792 temporum

247 2785 389 2833 quibus
418 2785 558 2826 Pollux
594 2802 686 2829 usus
722 2794 784 2830 est
819 2793 922 2831 ratio
961 2795 1080 2834 simul
1109 2798 1151 2835 et
1179 2798 1302 2837 verba
1341 2798 1469 2848 ipsius
1497 2811 1624 2849 paene
1652 2800 1803 2850 cogunt

246 2841 415 2880 scribere
443 2841 557 2895 πρὶν
585 2847 846 2898 συμπατῆσαι.
