1872 3224
769 188 956 224 ΧΕΙΡῼΝ
1228 161 1231 164 ⁴
1582 195 1655 237 191

208 299 245 334 '5
275 285 390 334 κατὰ
419 289 570 346 χειρὸς
598 282 657 347 ἦν
686 288 742 334 τά
773 290 1001 349 πράγματ’
1034 293 1385 354 ἐνθυμουμένῳ·

278 363 370 404 νῦν
401 356 444 402 δ’
479 358 584 416 ἄρτι
615 376 692 417 μοι
722 359 773 404 τὸ
803 364 946 418 γῆρας
978 362 1186 420 ἐντίθησι
1216 367 1346 421 νοῦν,

279 429 356 472 καὶ
385 427 500 472 κατὰ
530 431 665 484 μίτον
694 430 749 474 τοὶ
779 430 1008 487 πράγματ’
1041 432 1339 489 ἐκλογίζομαι.

5 581 11 585 .
39 574 42 579 ι
188 525 385 567 Stobaeus
415 526 553 566 Floril.
590 528 684 576 116,
720 528 770 566 12
804 540 893 567 eum
923 529 1110 569 lemmate
1150 528 1438 583 Φερεκράτους.
1485 532 1534 570 ad
1566 531 1655 572 Chi-

3 586 209 643 x'‘l-'onem
245 584 501 624 referendum
541 597 627 624 esse
666 584 804 624 docuit
841 586 1064 627 Meinekius
1106 588 1209 627 conl.
1241 588 1433 628 Priscian.
1469 590 1541 638 18,
1576 590 1657 628 242

39 690 41 693 ¹
72 639 323 695 Φερεκράτης
345 640 565 691 Χείρωσιν·
598 640 677 681 νῦν
707 641 731 680 δ
737 638 746 654 ⁷
771 639 861 692 ἄρτι
881 657 947 694 μοι
967 641 1011 683 τὸ
1030 648 1155 696 γῆρας
1176 642 1360 695 ἐντίθησι
1391 650 1503 686 νοῦν.
1571 661 1609 686 v.
1634 649 1655 686 7

38 702 42 706 ’
72 713 127 747 ex·
149 700 274 740 lexico
306 699 614 740 vindobonensi
645 700 804 739 addidit
832 700 1033 753 Bergkius
1066 703 1108 742 Z.
1141 702 1170 741 f.
1203 702 1348 742 Altert.
1385 704 1516 753 1851,
1558 705 1653 744 275.

73 754 112 798 2.
143 756 447 815 πολλοῖςῃθιοεῐι.
470 754 622 811 marg]
653 756 859 805 πολλάκις.
893 755 1169 812 ἐγκυλῖσαι,
1198 762 1245 798 ut
1265 761 1472 811 Aristoph.
1497 761 1656 801 Thesm.

73 816 168 856 767.
230 817 268 858 3.
300 815 373 867 ἠν.
406 816 456 855 cf.
489 829 590 866 quae
632 815 822 855 adnotavi
860 818 909 855 ad
950 817 1155 868 Aristoph.
1196 817 1273 857 Av.
1308 819 1373 859 97.
1409 819 1555 857 Eubul.
1590 820 1656 859 31.

0 872 258 928 ‚÷=„Antid0t.
299 875 342 921 2,
377 873 417 913 5.
449 874 636 913 Menand.
670 873 846 913 Cramer.
881 874 1034 914 Anecd.
1070 874 1143 914 Ox.
1177 875 1258 914 IIII
1290 877 1393 924 363,
1428 877 1493 914 24.
1534 876 1656 926 Apol-

20 940 22 942 ’
69 931 152 972 Ιοᾶ.
189 931 216 970 4
254 929 428 984 (Nauck
462 931 607 970 Philol.
639 930 699 970 VI
729 931 845 995 413).
914 933 954 972 4’.
987 928 1156 971 ἐδόκουν
1186 932 1308 972 ‘mihi
1341 934 1526 973 ‘videbar'
1559 946 1656 983 φρο-

21 1018 24 1023 .
70 991 161 1028 νεῖν
205 985 407 1039 δηλονότι.
473 991 512 1031 5.
544 984 647 1027 κατὰ
691 981 820 1039 χειρὸς
857 982 911 1040 ἦν
951 991 1068 1030 ‘alles
1102 992 1199 1041 yiny
1236 992 1316 1029 mir
1345 991 1456 1030 leicht
1483 1003 1561 1030 von
1590 993 1658 1031 der

39 1096 51 1105 μ’
67 1047 209 1087 Hand
252 1047 427 1087 Meinek.
477 1047 527 1087 cf.
569 1047 716 1087 Telecl.
751 1049 794 1097 1,
828 1048 867 1085 2.
906 1047 1084 1087 Lobeck.
1123 1048 1276 1099 Phryn.
1309 1049 1406 1087 327.
1487 1050 1523 1088 7.
1555 1045 1656 1087 κατοὶ

20 1127 25 1130 >
69 1103 185 1154 μίτον
214 1105 241 1144 1.
275 1118 310 1145 e.
341 1106 503 1156 singula
532 1106 750 1145 secundnm
779 1106 968 1147 ordinem.
1002 1105 1084 1145 Cic.
1115 1106 1166 1144 ad
1195 1105 1547 1154 Att.14,16‚3
1578 1106 1657 1145 He-

15 1191 17 1193 >
70 1163 161 1203 rodi
189 1164 435 1204 mandaram
463 1166 509 1204 ut
537 1164 636 1203 mihi
665 1155 766 1202 κατά
797 1161 912 1214 μίτον
940 1164 1132 1204 scriberet.

825 1322 905 1366 147

345 1412 403 1472 νὴ
434 1413 516 1458 τὸν
545 1413 625 1458 Δί’
658 1413 811 1472 ὥσπερ
844 1414 895 1457 αι’
921 1414 1170 1471 παροψίδες

343 1483 427 1542 τὴν
459 1485 610 1528 αἰτίαν
640 1481 795 1540 ἔχουσ’
828 1478 918 1527 άπὸ
947 1485 1041 1526 τῶν
1070 1481 1362 1540 ἡδυσμάτων,

344 1552 426 1606 οὓς
456 1551 480 1597 ὀ
511 1555 702 1605 καλέτας
732 1551 853 1605 άξιοῖ
877 1552 961 1596 τοῦ
991 1551 1198 1609 μηδενός.

184 1650 417 1691 Athenaeus
450 1652 488 1700 9,
522 1650 640 1690 3681)
671 1646 739 1688 καὶ
769 1646 877 1700 παρὰ
908 1662 961 1703 τῳ
1001 1644 1074 1687 τὸν
1114 1646 1302 1699 Χείρωνα
1339 1643 1574 1698 πεποιηκότι
1610 1645 1655 1685 δὲ

0 1734 5 1748 .
69 1721 139 1747 τον
168 1707 224 1754 εἰς
257 1706 517 1761 Φερεκράτην
547 1703 851 1759 ἀναφερόμενον
890 1689 954 1745 ἐπὶ
983 1702 1209 1757 ἡδύσματος
1241 1701 1266 1756 ἡ
1297 1702 1476 1756 παροψὶς
1515 1707 1652 1752 κεῖται,

67 1763 136 1804 καὶ
165 1759 236 1818 οὐχ
267 1762 322 1814 ὥς
357 1765 553 1830 Δίδυμος
569 1763 612 1804 ἐν
643 1769 696 1819 τῷ
726 1762 818 1816 περὶ
846 1762 1159 1814 παρεφθορυίας
1190 1759 1353 1811 λέξεως,
1386 1760 1450 1800 ἐπὶ
1481 1766 1551 1800 τοῦ
1581 1758 1654 1812 ἆγ-

67 1822 189 1875 γείου.
251 1822 363 1890 φησὶ.
380 1821 476 1876 γάρ·
510 1817 560 1875 νὴ
591 1816 660 1861 τὸν
696 1818 762 1860 Δί’
796 1819 931 1868 ὥσπερ
962 1823 1043 1860 κτλ.
1105 1822 1144 1860 3.
1166 1817 1351 1871 καλέτας]
1385 1817 1506 1889 καλὸς
1538 1819 1654 1865 οὗτος

70 1881 238 1922 Casaub.
231 1912 255 1934 .,
297 1882 366 1933 qui
397 1882 527 1932 prima
558 1879 780 1920 rectissime
812 1880 869 1918 sic
907 1880 1200 1929 interpretatur
1239 1876 1389 1916 “αἰτίαν
1409 1875 1511 1927 ἔχειν
1532 1877 1655 1927 signi-

65 1938 163 1979 ficat
191 1952 495 1990 nonnumquam
525 1940 614 1988 dici,
636 1938 852 1985 nominari,
874 1935 1220 1988 namqyooei‘ofim’.
1254 1933 1321 1986 (cf.
1344 1933 1561 1985 Phrynich.
1584 1934 1652 1973 54.

68 1996 174 2036 Plat.
207 1997 341 2039 Alcib.
373 1997 393 2035 I
428 1997 542 2036 119a
572 1994 706 2035 αἰτίαν
737 1991 814 2045 ἔχει
843 1967 911 2032 'Bada
942 1991 1017 2044 τὴν
1047 1989 1292 2058 Περικλέους
1331 1989 1555 2030 συνουσίαν
1586 2001 1653 2029 σο-

69 2049 248 2106 φώτερος
278 2049 520 2108 γεγονέναι.)
553 2055 629 2093 ‘ait
650 2052 891 2103 paropsidas
920 2052 1085 2102 eloyium
1105 2051 1291 2099 consequi
1319 2063 1345 2089 α
1375 2047 1655 2089 condimentis.

68 2125 162 2152 nam
192 2115 316 2162 prout
345 2112 416 2150 illa
448 2106 742 2163 (condimenta)
766 2110 861 2149 sunt
890 2109 996 2148 bona
1016 2109 1087 2148 aut
1106 2108 1222 2157 mala,
1255 2107 1311 2147 sic
1343 2107 1532 2146 dicuntur
1560 2119 1654 2157 par-

69 2170 228 2221 opsides
273 2170 401 2208 bonae
441 2171 512 2208 aut
549 2168 708 2207 malae'.
757 2179 897 2207 versus
944 2167 1057 2205 tertii
1100 2165 1340 2206 sententiam
1375 2164 1530 2215 primus
1567 2177 1653 2214 per·

70 2228 203 2278 spexit
240 2227 535 2267 Herwerdenus
575 2225 674 2266 Obs.
714 2224 802 2265 crit.
837 2221 887 2263 17
928 2224 1107 2264 scribens
1145 2220 1250 2261 οὕτω
1291 2219 1335 2260 τὸ
1372 2219 1514 2267 κάλλος
1552 2217 1653 2269 ἀξιῶ

69 2289 142 2324 τοῦ
183 2282 371 2336 μηδενός.
439 2284 536 2336 quid
579 2283 839 2323 Pherecrates
885 2281 1029 2321 dixerit
1074 2280 1306 2332 significabo
1354 2279 1488 2318 addito
1532 2291 1650 2318 versu

69 2342 196 2382 altero
227 2355 338 2382 meae
368 2342 560 2382 fabricae.
599 2338 704 2380 οὕτω
736 2335 779 2379 τὸ
811 2332 950 2385 κάλλος
987 2336 1129 2387 ἄξιον
1166 2337 1234 2375 τοῦ
1273 2334 1467 2388 μηδενός,
1506 2331 1559 2386 ἢν
1597 2333 1652 2386 μὴ

69 2398 181 2439 καλοὶ
210 2413 309 2452 προ.)
292 2399 388 2438 σῶσι
417 2399 470 2455 τῷ
499 2393 633 2438 κάλλει
665 2393 810 2451 τρόποι.
843 2398 870 2436 1.
896 2411 929 2436 e.
951 2396 1207 2447 pulchritudo
1237 2407 1310 2444 per
1331 2407 1371 2433 se
1393 2394 1478 2433 sola
1499 2393 1602 2431 nulli
1604 2406 1651 2431 us

68 2458 189 2508 pretii
219 2460 298 2510 est,
330 2458 409 2498 nisi
452 2457 642 2496 accedant
677 2457 774 2496 boni
811 2468 961 2503 mores,
1002 2454 1119 2493 sicuti
1156 2449 1382 2504 παροψίδες
1422 2450 1470 2489 de
1508 2450 1653 2489 natura

71 2488 420 2555 condimentorum
450 2515 680 2555 additorum
712 2514 839 2554 bonae
869 2524 1067 2563 pravaeve
1096 2509 1305 2549 habentur.

824 2659 905 2702 148

348 2751 613 2810 ἀμυγδάλας
642 2752 718 2796 καὶ
748 2753 868 2808 μῆλα
898 2749 975 2793 καὶ
1004 2748 1252 2806 μιμαίκυλα

345 2821 422 2866 καὶ
451 2822 597 2880 μύρτα
628 2821 704 2864 καὶ
735 2821 891 2863 σέλινα
923 2817 1004 2870 κάξ,
1036 2821 1166 2860 οἴνου
1195 2816 1366 2871 βότρυς

344 2891 421 2935 καὶ
450 2888 634 2947 μυελόν.
