1872 3224
795 195 989 233 ΠΟΑΕῙΣ
1592 209 1672 252 321

850 298 935 343 232

717 386 830 446 αὕτη
861 393 983 447 Χίος,
1016 393 1129 450 καλὴ
1162 396 1291 447 πόλις
1322 432 1331 441 .
1357 433 1365 441 .
1393 436 1400 443 .

184 450 350 506 πέμπει
379 449 467 507 γὰρ
499 450 610 509 ὑμῖν
640 459 754 507 ναῦς
782 459 957 516 μακρὰς
988 460 1158 520 ἄνδρας
1187 463 1236 508 θ’
1269 465 1379 510 ὅταν
1410 468 1566 527 δεήσῃ,

185 521 262 564 καὶ
291 519 439 564 τᾶλλα
469 527 715 580 πειθαρχεῖ
741 529 903 583 καλῶς,
936 528 1161 587 ἅπληκτος
1191 533 1342 590 ὥσπερ
1372 537 1519 589 ἵππος.

211 615 347 659 Schol.
378 617 589 670 Aristoph.
621 621 697 661 Av.
730 622 814 662 880
844 620 945 676 λέγει
975 622 1019 664 δὲ
1048 626 1136 680 περὶ
1165 634 1234 680 τῆς
1262 630 1365 671 Χίου
1394 630 1462 672 καὶ
1493 632 1670 683 Εὔπολις

30 693 39 697 «
94 669 141 713 ἓν
161 668 356 714 Πόλεσιν·
388 673 492 727 αὕτη
523 679 604 718 κτλ.
669 681 704 720 1.
734 678 900 733 πάρεστι
935 685 1146 734 supplebat
1175 687 1426 731 Hermannus
1459 690 1602 742 opusc.
1633 693 1671 732 V

93 731 192 772 295.
225 732 276 772 cf.
309 732 449 774 Cobet.
481 735 630 776 Mnem.
662 750 755 777 nov.
777 738 798 777 I
820 740 913 778 235.
945 742 1085 790 quidni
1117 742 1317 785 Πόσειδον
1346 749 1409 787 vel
1439 748 1528 798 φίλε
1560 751 1638 790 Ζεῦ
1649 751 1669 790 ¹?

0 847 34 893 2³5,
91 847 209 887 alteri
238 861 437 899 personae
469 851 622 892 tribuit.
654 850 815 902 πόλις,
849 857 895 894 ut
926 854 1077 895 Cratin.
1101 859 1197 899 228.
1234 860 1337 902 Plat.
1360 861 1527 905 Phaedr.
1551 866 1669 904 253d

91 901 295 957 ἅπληκτος
325 904 448 954 ἵππος
487 907 697 961 κελεύματι
735 907 864 962 μόνον
899 910 965 951 καὶ
1001 911 1101 968 λόγῳ
1139 911 1367 969 ἡνιοχεῖται.
1429 919 1590 961 Homer.
1621 922 1668 961 Il.

0 966 24 1013 5⁵³⁴
95 960 162 1014 23,
194 964 277 1004 387
308 968 349 1005 et
378 964 496 1005 Pind.
530 966 592 1006 01.
627 969 663 1017 1,
698 969 753 1009 20
783 975 988 1022 comparat
1016 971 1198 1024 Raspius.

851 1106 936 1150 233

134 1243 139 1247 Α
178 1189 205 1248 ἡ
238 1189 284 1235 δ’
315 1190 488 1251 ὑστάτη
520 1197 611 1238 ποῦ
636 1193 754 1247 ’σθ’;
788 1200 836 1240 Β.
871 1196 951 1254 ἥδε
983 1199 1173 1252 Κύζικος
1202 1201 1315 1245 πλέα
1346 1204 1592 1260 στατήρων.

181 1265 237 1304 Α.
271 1262 323 1306 ἐν
352 1262 463 1320 τῇδε
491 1266 653 1307 τοίνυν
683 1268 739 1322 τῇ
769 1267 899 1309 πόλει
930 1270 1150 1324 φρουρῶν
1180 1268 1276 1313 ποτ’
1310 1269 1447 1322 αὐτὸς

178 1329 366 1386 γυναῖκ’
400 1332 590 1377 ἐκίνουν
621 1335 849 1389 κολλύβου
880 1336 955 1378 καὶ
985 1339 1124 1380 παῖδα
1155 1338 1231 1381 καὶ
1259 1339 1466 1395 γέροντα,

178 1397 323 1456 κᾶξῆν
354 1399 465 1458 ὅλην
495 1400 579 1459 τὴν
608 1402 782 1460 ἡμέραν
811 1403 887 1447 τὸν
918 1404 1099 1448 κύσθον
1131 1407 1390 1464 ε’κκορίζειν.

211 1495 344 1537 Schol.
368 1498 579 1550 Aristoph.
604 1500 696 1540 Pac.
723 1502 831 1540 1176
864 1500 918 1548 εἰς
949 1501 1153 1541 κιναιδίαν
1182 1502 1435 1556 διαβάλλεται
1458 1504 1667 1559 (Κύζικος)

90 1549 192 1593 ὥστε
212 1551 315 1606 μηδὲ
331 1555 412 1594 τῶν
427 1551 662 1609 ἀναγκαίων
685 1555 750 1596 διὰ
775 1553 848 1610 τὴν
872 1555 1067 1612 εὐρύτητα
1095 1563 1255 1612 κρατεῖν
1270 1559 1491 1611 δύνασθαι,
1525 1559 1579 1610 ὡς
1604 1561 1671 1602 καὶ

92 1608 276 1660 Εὔπολις
307 1610 352 1652 ἐν
389 1611 585 1654 Πόλεσιν·
624 1611 648 1667 ἢ
681 1610 722 1654 δ’
754 1613 906 1666 ὑστάτη
937 1618 1017 1659 κτλ.
1110 1620 1146 1657 1.
1177 1614 1202 1668 ’ἡ
1239 1614 1279 1656 δ’
1310 1615 1460 1670 ὑστάτη
1490 1619 1547 1667 τίς
1577 1618 1669 1671 ἥδε;

95 1669 141 1708 Β.
173 1671 256 1712 κτλ.
290 1670 562 1725 Cobet.,0bs.
594 1673 681 1712 crit.
716 1675 808 1716 189.
858 1687 902 1714 ac
938 1675 1119 1725 profecto
1150 1676 1295 1714 mirum
1335 1679 1395 1716 est
1431 1678 1671 1729 interrogari

89 1728 160 1767 ubi
186 1727 285 1768 haec
314 1729 460 1780 ultima
490 1730 544 1769 sit
574 1731 730 1775 civitas,
763 1731 935 1771 fortasse
965 1728 990 1783 ἡ
1022 1728 1062 1770 δ’
1095 1730 1245 1783 ὕστατη
1275 1730 1452 1772 τοῦσθ’
1484 1732 1556 1785 ἥδε
1586 1732 1669 1773 Κύ-

90 1785 196 1832 ζικος
226 1787 333 1836 κτλ.,
370 1787 396 1825 i.
430 1800 464 1826 e.
506 1786 569 1826 τοί
602 1785 696 1830 ἔστι.
789 1790 826 1829 2.
860 1786 935 1842 ἐγώ
972 1792 1064 1840 post
1102 1794 1291 1842 φρουρῶν
1327 1791 1415 1830 add.
1452 1792 1666 1831 Hermann.

88 1855 171 1882 non
200 1844 355 1884 accedo.
444 1846 481 1884 3.
512 1842 675 1897 γυναῖκ’
708 1843 872 1885 ἐκίνουν
907 1843 1043 1901 (scrib.
1075 1860 1164 1886 cum
1202 1847 1321 1887 Dind.
1353 1845 1538 1901 ε’βίνουν)
1577 1851 1667 1887 κολ-

89 1898 218 1953 λύβου
250 1899 404 1955 Herm.]
441 1899 604 1942 ἐκίνουν
633 1900 678 1942 δὲ
698 1907 873 1956 γυναῖκα
903 1901 1077 1957 κολύβου
1098 1905 1146 1944 V.
1207 1906 1244 1944 4.
1266 1901 1395 1957 κᾶξῆν
1414 1903 1511 1957 ὅλην
1531 1906 1668 1945 Herm.

90 1952 242 2020 211ng
262 1970 312 2009 V.
343 1968 507 2010 κύσθον
537 1970 696 2025 Herm]
729 1971 900 2012 σκύθον.
940 1974 1139 2025 gloriatur
1169 1974 1382 2024 Euelpides
1412 1975 1545 2014 nescio
1578 1975 1667 2025 quis

92 2025 164 2080 (cf.
197 2029 406 2079 Aristoph.
429 2028 506 2069 Av.
533 2030 719 2082 137sq.)‚
752 2031 861 2081 quod
891 2031 932 2070 in
963 2032 1062 2070 urbe
1093 2031 1291 2082 opulenta,
1323 2032 1392 2070 ubi
1421 2035 1558 2071 noctes
1590 2034 1667 2071 sta-

89 2086 244 2125 teribus
274 2088 516 2136 emerentur,
548 2087 635 2137 ipse
666 2090 877 2127 venustate
915 2089 1091 2128 effecerit
1129 2090 1168 2127 et
1205 2089 1423 2140 elegantia,
1462 2091 1508 2127 ut
1542 2101 1667 2139 paene

90 2144 217 2194 gratis
249 2145 506 2183 scortaretur.
553 2157 626 2195 pro
656 2141 746 2183 ποτ’
787 2139 926 2194 αὐτός,
966 2147 1072 2196 quod
1111 2158 1329 2196 pronomen
1361 2147 1545 2196 ineptum
1581 2158 1666 2185 esse

91 2201 214 2240 etiam
246 2200 422 2240 Cobetus
453 2204 591 2242 censet
620 2197 738 2256 (Obs.
770 2204 860 2243 crit.
895 2203 974 2242 189
1006 2204 1098 2242 adn.
1134 2201 1196 2256 1),
1227 2203 1479 2243 scribendum
1509 2203 1669 2242 videtur

89 2250 189 2309 μετ’
233 2254 600 2310 Αὐτοκλείδου,
640 2259 844 2300 Autoc'lide
880 2262 1124 2310 imperatore.
1183 2260 1417 2300 Autoclides
1452 2260 1557 2299 idem
1598 2260 1666 2310 qui

87 2314 272 2357 Autocles
303 2316 426 2356 Thuc.
459 2317 499 2365 4,
533 2318 600 2357 53.
636 2319 729 2357 119.
761 2318 813 2358 cf.
835 2331 935 2369 quae
969 2331 1088 2369 supra
1120 2318 1167 2356 ad
1199 2318 1246 2356 fr.
1272 2318 1355 2357 210
1374 2317 1664 2356 adnotavimus.

89 2373 125 2413 is
169 2373 362 2414 Autocles
407 2374 566 2414 idemne
611 2376 666 2414 sit
709 2388 800 2415 cum
846 2388 892 2415 eo
938 2388 1056 2426 quem
1102 2375 1198 2425 Lys.
1231 2376 1268 2421 3,
1303 2376 1354 2412 12
1386 2375 1666 2412 commemorat

89 2432 239 2470 nescio.
273 2433 450 2471 ceterum
481 2435 641 2472 stateres
671 2431 857 2484 Cyziceni
888 2433 997 2471 aurei
1035 2434 1129 2470 sunt
1169 2434 1208 2470 et
1244 2432 1454 2480 propterea
1492 2429 1662 2477 Graecis,

72 2489 159 2539 ·qui
189 2490 392 2540 argenteis
423 2489 505 2528 fere
526 2491 703 2529 nummis
723 2491 951 2538 utebantur,
984 2489 1199 2528 admodum
1229 2488 1347 2538 grati.
1395 2488 1444 2525 cf.
1477 2487 1571 2537 Lys.
1595 2487 1660 2534 32,

85 2547 128 2584 6.
179 2546 386 2585 Demosth.
434 2547 508 2594 34,
548 2548 613 2586 23.
660 2548 775 2587 Phot.
816 2547 988 2597 Hesych.
1033 2545 1142 2585 Suid.
1203 2540 1418 2594 Κυζικηνοὶ
1462 2547 1662 2595 στατῆρες.

92 2602 266 2643 Hultsch
298 2604 457 2643 Metrol.
492 2605 588 2644 268.

844 2715 929 2757 234

297 2793 531 2847 ἄσπονδος
561 2795 606 2838 δ’
638 2791 754 2851 α’νήρ
785 2793 1124 2850 σπουδαρχίδου
1155 2792 1342 2834 κακίων.

206 2890 376 2930 Bekker.
407 2891 560 2931 Anecd.
592 2892 698 2939 453,
738 2891 789 2928 21
829 2885 1052 2934 ἄσπονδος·
1092 2882 1113 2924 ὁ
1151 2883 1204 2937 μὴ
1244 2883 1476 2932 σπουδαῖος.
1536 2881 1662 2930 οὕτως

161 2961 275 2990 Comici
297 2963 412 2996 graeci,
433 2963 479 2990 ed.
499 2963 559 2989 Th.
578 2962 694 2988 Kock.
720 2962 744 2987 Ι.
1348 2954 1389 2985 21

26 794 30 796 ’
93 791 141 829 ut
169 789 378 833 Herwerd.
401 790 498 832 Obs.
530 794 618 833 crit.
645 795 712 834 25.
794 797 832 836 2.
864 794 976 850 ὑμῖν]
1009 794 1106 849 ἡμῖν
1127 802 1320 853 Meinek.,
1351 807 1419 855 qui
1455 820 1613 847 versum
1645 811 1668 847 3
