1872 3224
206 181 287 224 716
835 182 1142 217 ΣΤΡΑΤΊῚΔΟΣ

975 295 1028 337 15

324 390 455 430 Sehol.
487 390 610 429 Arist.
640 390 739 428 Ran.
771 389 853 428 404
885 387 1013 458 χρόνῳ
1053 386 1091 427 δ’
1132 387 1301 442 ὕστερον
1339 386 1386 428 οὐ
1425 390 1554 444 πολλῷ
1595 403 1674 428 τινι
1709 387 1778 429 καὶ

207 444 398 493 καθάπαξ
416 447 607 513 περιεῖλε
644 444 843 513 Κινησίας
883 461 952 493 τας
989 445 1193 499 χορηγίας
1232 445 1271 495 ἐξ
1309 440 1361 485 ου
1399 461 1466 486 και
1502 445 1710 526 Στράττις
1733 444 1778 486 ἐν

207 503 258 556 τῷ
289 503 344 549 εἰς
375 498 499 541 αὑτὸν
529 498 696 554 δράματι
727 500 807 554 ἔφη
837 507 966 554 σκηνῆ
994 500 1068 554 μὲν
1097 508 1167 542 τοῦ
1187 502 1424 555 χοροκτόνου
1455 503 1665 555 Κινησίου.
1698 507 1775 544 ‘re-

207 560 381 610 quiritur
423 557 616 632 μέμνηται
652 560 717 599 vel
761 560 890 599 simile
934 560 1052 611 quid’
1090 561 1274 600 Dindorf.
1311 574 1384 611 pro
1422 558 1499 612 ἐφῆ
1537 565 1667 612 σκηνῆ
1702 557 1777 612 μὲν

209 615 465 656 Meinekius'
451 616 547 667 ε’φη
579 610 733 667 σκηνὴ
762 614 851 668 μέν
872 614 1010 656 ἐστιν
1039 614 1130 674 ἥδε
1150 623 1234 656 τοῦ
1268 632 1302 669 χ.
1330 619 1467 671 ΙΚιν.
1491 617 1537 658 G.
1558 618 1775 658 Hermann.

207 675 355 712 Annal.
387 673 559 713 Vindob.
592 673 659 713 CX
699 676 751 714 78
798 671 920 725 σκευὴ
964 671 1039 725 μὲν
1082 675 1157 713 οὐν
1200 689 1235 726 χ.
1275 676 1324 714 Κ.
1365 675 1540 715 Cobetus
1577 675 1629 714 N.
1658 676 1687 714 1.
1720 676 1774 714 10

207 728 334 781 σκηνὴ
365 727 439 781 μὲν
467 729 540 781 ἥδε
579 736 649 769 τοῦ
687 745 722 782 χ.
760 733 862 770 θεοῦ
889 728 894 784 Ι
921 730 1119 781 Κινησίου
1157 732 1260 771 conl.
1302 732 1486 782 Sophocl.
1524 732 1588 772 El.
1629 733 1675 782 6,
1713 732 1775 772 his

206 788 338 827 veihis
369 790 528 838 poetam
560 789 737 827 fabulam
767 801 952 827 exorsum
981 801 1067 828 esse
1098 789 1341 829 existimans.
1373 791 1415 828 at·
1443 789 1532 840 quis
1563 789 1660 829 deus
1681 798 1775 840 σκη-

209 842 285 895 νὴν
315 845 466 884 habet‘?
499 846 742 885 Fritzschius
773 845 979 896 Aristoph.
1011 846 1109 885 Ran.
1132 860 1171 896 p.
1197 847 1276 885 196
1308 847 1474 897 σκλῆναι
1510 843 1606 897 μετὰ
1636 850 1708 885 τοῦ
1736 859 1770 898 χ.

206 903 273 953 Κ.,
307 901 598 953 Sannyrionem
628 903 879 954 intellegens.
914 904 1146 943 ‘exarescere
1176 915 1263 943 cum
1293 904 1487 944 chorioida
1517 902 1703 944 O'mesia?

975 1037 1027 1080 16

322 1131 455 1170 Schol.
477 1131 685 1182 Aristoph.
698 1132 772 1172 Av.
786 1132 894 1171 1569
916 1125 994 1183 εἶχε
1016 1128 1060 1171 δὲ
1084 1130 1445 1184 (Λαισποδίας)
1468 1129 1534 1170 καὶ
1539 1129 1667 1203 περὶ
1694 1128 1778 1180 τὰς

205 1183 394 1239 κνήμας
425 1187 554 1236 αἰτίας
584 1186 715 1238 τινάς,
753 1186 808 1236 ὥς
839 1199 937 1239 φησι
967 1187 1159 1241 Στράττις
1191 1186 1235 1228 ἕν
1265 1187 1451 1244 Κινησία.
1510 1184 1639 1236 αἷτίας
1676 1186 1780 1240 ἐχειν

206 1259 279 1296 pio
310 1248 499 1295 accusari,
529 1248 696 1287 inrideri
714 1246 966 1298 grammatici
996 1247 1102 1286 haud
1130 1259 1221 1286 raro
1242 1246 1392 1286 dicunt.
1425 1246 1646 1286 Meinekius
1666 1245 1704 1284 V
1724 1247 1778 1286 53

208 1303 341 1342 adfert
371 1303 543 1354 Hesych.
576 1302 775 1356 λεσβίσαι·
808 1302 942 1351 αἰτίας
969 1297 1075 1355 εἶχον
1105 1299 1277 1351 ἀτόπους
1307 1303 1354 1343 αἶ
1378 1299 1458 1342 άπὸ
1488 1300 1665 1356 Λέσβου.

973 1438 1023 1481 17

322 1520 450 1560 Schol.
484 1521 686 1571 Aristoph.
716 1521 825 1560 Plut.
859 1522 942 1562 550
977 1518 1386 1575 (Θρασύβουλος)
1417 1519 1567 1574 μήποτε
1598 1516 1620 1559 ὁ
1658 1516 1777 1569 άξιω-

207 1570 369 1643 ματικὸς
407 1575 474 1616 καὶ
510 1574 714 1629 αὐθάδης,
753 1574 807 1626 ὥς
845 1575 1036 1631 Στράττις
1075 1576 1120 1618 ἐν
1156 1577 1209 1632 τῷ
1246 1578 1435 1633 Κινησία.
1497 1578 1679 1618 ‘indicari
1715 1579 1776 1618 vi-

209 1635 325 1674 detur
354 1635 388 1673 is
427 1635 720 1686 Thrasybulus,
761 1637 871 1676 cuius
910 1636 1059 1675 mentio
1096 1635 1143 1675 fi'n
1180 1637 1223 1675 in
1262 1636 1410 1676 Eccles.
1451 1637 1552 1676 203:
1591 1649 1685 1675 nam
1720 1635 1778 1674 ibi

207 1705 364 1742 quoque
403 1692 642 1732 describitur
680 1706 703 1731 a
741 1693 952 1733 scholiaste
989 1689 1179 1744 αὐθάδης
1215 1691 1281 1732 καὶ
1327 1690 1548 1745 δωροδόκος
1588 1689 1710 1747 (356)
1739 1694 1779 1732 et

205 1745 430 1800 ὑπερόπτης
461 1754 532 1788 τοῦ
562 1747 705 1800 δημου.
764 1750 924 1789 idemne
955 1750 1080 1790 suerii:
1117 1751 1187 1801 qui
1228 1750 1474 1801 Colysstensis
1512 1762 1658 1802 neone,
1697 1762 1779 1789 non
1848 1768 1850 1770 ·

206 1806 824 1848 affirmaverim’.Hemste1-hus.

972 1919 1024 1961 18

319 2000 549 2041 Athenaeus
581 2003 649 2052 12,
682 2003 803 2041 551d
832 1996 885 2053 ἦν
914 1998 959 2041 δὲ
995 1999 1120 2050 ὅντως
1158 1998 1402 2054 μακρότατος
1440 2000 1508 2041 καὶ
1545 1999 1776 2050 λεπτότατος

206 2054 227 2096 ὁ
259 2057 529 2126 Κινησίας,
561 2058 617 2106 εἰς
649 2055 696 2097 ὃν
725 2058 792 2098 καὶ
822 2057 915 2099 όλον
944 2058 1075 2112 δρᾶμα
1111 2057 1282 2126 γέγραφε
1303 2056 1513 2110 Στράττις,
1542 2057 1779 2106 Φθιώτην

203 2111 423 2165 Ἀχιλλέα
463 2111 588 2154 αὐτὸν
623 2118 780 2166 καλων,
819 2109 885 2155 δια
923 2114 967 2154 τὸ
1007 2114 1051 2155 ἐν
1090 2116 1136 2170 τῇ
1173 2112 1300 2155 αὑτοῦ
1335 2114 1493 2167 ποιήσει
1529 2121 1702 2167 συνεχως
1732 2113 1775 2155 τὸ

205 2172 376 2210 Φθιῶτα
406 2169 545 2224 λέγειν.
606 2172 759 2220 παίζων
787 2167 863 2212 οὖν
892 2173 949 2220 εἰς
970 2171 1043 2225 τὴν
1063 2171 1176 2213 ἰδέαν
1196 2166 1322 2213 αὐτοῦ
1352 2171 1429 2225 ἔφη
1462 2169 1620 2213 Φθιῶτ’
1649 2169 1775 2224 Ἀχιλ-

206 2230 289 2268 λεῦ.
323 2230 373 2269 cf.
405 2230 610 2281 Aristoph.
643 2231 743 2270 Ran.
778 2231 900 2270 1264.

977 2354 1028 2396 19

320 2435 580 2486 Harpocratio
602 2438 697 2487 111,
711 2435 766 2475 24
781 2434 992 2490 (μέμνηται
1013 2433 1284 2490 Κινησίου)
1309 2431 1499 2506 Στράττις
1530 2432 1625 2474 ολον
1645 2434 1776 2487 δρᾶμα

206 2490 374 2543 ποιήσας
405 2492 460 2540 εἰς
490 2490 629 2543 αὐτόν,
660 2491 757 2547 ὅπερ
789 2492 994 2547 ἐπεγράφη
1025 2491 1243 2545 Κινησίας,
1286 2490 1330 2533 ἐν
1365 2508 1396 2548 ῳ
1435 2490 1501 2532 καὶ
1538 2490 1626 2544 τὴν
1660 2488 1775 2532 ασέ-

209 2549 320 2600 βεια
334 2564 356 2588 ν
387 2546 512 2589 αὐτοῦ
542 2550 738 2605 κωμῳδεῖ.

971 2662 1028 2704 20

321 2743 465 2782 Pollux
500 2746 565 2797 10,
596 2746 675 2784 189
707 2742 900 2798 Στράττις
931 2742 975 2784 ἐν
1003 2748 1057 2798 τῷ
1087 2716 1262 2798 Κινησία
1298 2741 1368 2782 τὸν
1403 2741 1672 2795 Σαννυρίωνα
1709 2739 1776 2782 διὰ

206 2798 281 2896 {hv
289 2795 521 2896 δίζξνότητα
550 2815 609 2840 κα
600 2797 714 2854 ’ναβ
726 2815 746 2840 ο
758 2817 781 2841 ν
809 2804 930 2841 καλεῖ.
990 2802 1040 2841 cf.
1069 2814 1170 2853 quae
1199 2801 1478 2842 adnotavimus
1499 2801 1549 2840 ad
1569 2801 1774 2852 Aristoph.

223 2871 244 2896 r
