1872 3224
205 192 290 241 ‘562
788 191 1176 231 ΑΡΙΣΤΟΦΑΝΟΤΣ
1827 0 1872 242 1

1862 243 1872 268 5

319 295 552 342 Athenaeus
585 303 621 350 2,
654 302 738 341 480
764 297 1052 353 Ἀριστοφάνης
1081 301 1445 342 κτλ.Ε1131;81;111113
1479 300 1604 352 1570,
1635 303 1675 342 5.
1725 299 1779 342 ad
1863 270 1872 294 Ξ

206 360 510 456 ᾶΑξῙοὲὲῗοοῄοω
540 361 704 409 propter
733 359 850 397 metri
882 371 972 398 cum
1009 359 1059 400 fr.
1094 361 1148 399 10
1186 358 1489 399 similitudinem
1526 359 1652 399 refert
1679 359 1779 400 Din-

950 505 1034 547 696

684 581 759 626 καὶ
790 581 848 625 σύ
878 585 1203 640 κυρηβιοπῶλα

684 647 915 708 Εὔκρατες
945 651 1165 703 στύππαξ.

321 734 452 775 Schol.
483 735 558 803 Eq.
592 737 673 774 254
705 730 922 788 Εὐκράτης
952 733 1122 786 ἔφευγεν
1158 731 1271 774 εὐθὺ·
1297 735 1377 773 τῶν
1393 733 1633 788 κυρηβίων·
1673 732 1778 774 ἔνθα

204 792 250 830 αἱ
275 790 426 844 κάχρυς
456 792 692 858 φρύγονται.
743 790 895 843 κάχρυς
927 790 971 831 δέ
1010 791 1111 831 εἰσιν
1141 791 1187 831 αἱ
1219 789 1492 844 λελεπισμέναι
1517 790 1672 859 κριθαὶ
1699 788 1776 840 ἀφ’

206 843 266 888 ων
295 846 320 900 ἡ
352 845 539 900 πτισάνη.
591 860 764 888 σκωπτει
793 847 838 888 δὲ
868 847 936 888 καὶ
966 846 1039 887 τὸν
1067 845 1286 901 Εὐκράτην
1316 845 1371 896 ὥς
1411 845 1604 900 τοιαύτην
1633 845 1776 902 τέχνην

164 927 168 930 ·
203 904 354 957 ἔχοντα.
406 904 450 945 ἐν
479 905 613 953 α’λλοις
651 912 754 959 γοῦν
791 902 1071 959 φανερώτερον
1108 916 1208 957 φησι
1247 908 1330 946 κτλ.
1380 904 1587 959 Εὔκρατες
1617 919 1695 947 om.
1729 905 1775 946 Θ.

205 961 390 1011 στυππαξ
426 961 639 1016 Bergkius]
683 961 849 1012 στύπαξ.
907 964 1038 1004 Schol.
1070 964 1144 1014 Eq.
1180 965 1259 1003 129
1298 961 1482 1012 στύππαξ
1519 960 1564 1002 δὲ
1602 959 1778 1003 ἐκαλεῖτο

206 1018 273 1058 διὰ
305 1015 348 1059 τὸ
378 1019 711 1072 στυππειοπώλης
742 1015 858 1060 εἶναι.
891 1019 1077 1069 στύππαξ
1108 1021 1324 1060 formatum
1345 1023 1405 1061 est
1423 1024 1471 1060 ut
1491 1021 1664 1069 πλοῦταξ
1683 1021 1775 1061 alia.

208 1078 255 1119 of.
286 1078 461 1118 Lobeck.
493 1078 652 1118 Pathol.
684 1080 785 1128 prol.
818 1079 915 1120 448.
957 1078 1130 1129 Hesych.
1163 1076 1398 1116 στύππακα·
1431 1074 1776 1129 στυππειοπώλην.

207 1135 256 1174 de
287 1136 460 1175 Euorate
490 1136 563 1186 Eq.
598 1136 692 1174 254.
725 1135 962 1186 Babyloniis
994 1135 1181 1174 attribuit
1210 1135 1402 1175 Fritzseh.
1437 1135 1533 1174 Bab.
1564 1136 1634 1175 40.
1659 1137 1696 1175 1.

409 1328 451 1368 τί
481 1323 566 1382 γὰρ
599 1326 674 1370 ἐπὶ
705 1325 991 1381 κακότροπον
1022 1324 1238 1381 ε’μόλετον
1266 1326 1370 1381 βίον

411 1393 732 1452 ἀδικομηχάνςο
761 1396 916 1451 τέχνης

316 1478 488 1517 Bekker.
520 1478 671 1518 Aneod.
695 1478 790 1526 343,
815 1479 866 1516 21
899 1472 1214 1529 άδικομήχανος·
1243 1473 1535 1530 Ἀριστοφάνης
1564 1479 1657 1526 ml„
1686 1475 1778 1529 ἐμό-

199 1537 315 1574 ’λετον
353 1532 545 1586 Bekken]
589 1532 756 1585 ἐμόλετε.
808 1537 903 1575 sunt
933 1535 1092 1575 dimetri
1123 1535 1362 1584 dochmiaci,
1401 1548 1572 1585 quorum
1603 1535 1776 1575 alterum

201 1593 318 1632 facile
350 1592 533 1642 suppleas
564 1592 702 1632 addito
733 1589 954 1643 πνθομένω.

951 1703 1035 1746 698

407 1784 474 1833 τίς
505 1779 614 1837 ὄρεα
643 1782 888 1838 βαθύκομα
917 1781 1017 1825 τάδ’
1051 1782 1243 1826 ἐπέσυτο
1272 1784 1474 1838 βροτῶν;

317 1866 564 1916 Hephaestio
596 1868 636 1917 8,
670 1868 720 1905 11
761 1863 806 1905 τὸ
835 1863 1223 1917 προκελευσματικὸν
1251 1861 1324 1904 ’ὑπ’
1358 1863 1478 1905 ἐνίων
1506 1864 1776 1918 καλούμενον,

201 1917 289 1962 οἷον
319 1918 361 1962 τὸ
391 1921 648 1975 τετράμετρον
679 1928 794 1962 τοῦτο
823 1921 867 1962 τὸ
901 1919 1230 1976 Ἀριστοφάνειον
1258 1925 1339 1963 κτλ.
1390 1920 1557 1962 ἐπέσυτο
1588 1919 1674 1977 Es]
1706 1920 1772 1962 έπ-

201 1978 344 2019 έσσυτο
381 1981 491 2020 Flor.
533 1983 575 2020 et
613 1981 696 2020 eod,
739 1981 819 2020 alii.
870 1981 1116 2032 Hephaestio
1153 1981 1530 2031 proceleusmaticos
1568 1993 1641 2031 pro
1679 1993 1772 2020 ana.-

200 2038 348 2088 paestis
378 2038 531 2087 positos
561 2038 862 2088 interpretatur.

951 2126 1035 2169 699

406 2204 576 2260 ῥήματά
606 2220 653 2248 τε
683 2205 835 2260 κομψὰ
865 2203 939 2248 καὶ
970 2189 1142 2260 παίγνι’
1176 2206 1488 2248 ἐπιδεικνύναι

530 2271 540 2287 2
586 2270 597 2286 2
642 2271 652 2287 9
699 2271 709 2286 Ί

318 2356 487 2398 Bekker.
519 2357 671 2396 Anecd.
694 2358 790 2405 415,
814 2358 867 2396 29
899 2358 940 2395 et
971 2357 1112 2396 Suidas
1142 2350 1214 2394 ἀπ’
1246 2351 1506 2425 άκροφυσίων
1534 2352 1677 2423 λόγους
1691 2351 1772 2394 έν-

209 2411 440 2452 δεικνύναι·
481 2411 601 2452 οἱονεὶ
639 2411 849 2461 καινους
888 2411 956 2452 καὶ
991 2409 1330 2464 νεοποιήτους.
1373 2409 1661 2464 Ἀριστοφάνης
1690 2413 1772 2452 κτλ.

202 2468 302 2522 λέγει
333 2465 407 2522 γάρ
438 2463 505 2508 δια
535 2467 611 2520 μὲν
640 2475 711 2509 τοῦ
731 2466 804 2508 ἀπ’
829 2467 1088 2523 ἅκροφυσίων
1118 2469 1311 2517 καινῶς
1342 2466 1578 2523 εἰργασμένα
1597 2467 1666 2508 καὶ
1685 2463 1774 2508 οἷον

201 2525 245 2565 ἐκ
276 2525 418 2579 πυρός,
450 2525 516 2566 διὰ
547 2524 591 2566 δὲ
612 2532 683 2567 τοῦ
711 2523 793 2568 άπὸ
813 2525 1147 2580 κινναβευμάτων
1175 2521 1263 2565 οἷον
1291 2531 1485 2574 καινῶς
1514 2523 1772 2578 πεπλασμένα

202 2582 270 2622 καὶ
302 2578 496 2638 (καινὴν)
519 2583 707 2624 διάθεσιν
745 2582 895 2636 ἔχοντα.
926 2584 1116 2636 κίνναβος
1152 2598 1228 2636 γαρ
1257 2581 1300 2622 τὸ
1330 2582 1520 2633 εἴδωλον,
1550 2579 1652 2635 πρὸς
1682 2580 1706 2622 ὃ
1734 2581 1777 2622 οἰ

202 2639 370 2679 πλάσται
399 2639 467 2680 καὶ
497 2641 537 2680 οἷ
563 2640 764 2694 ζωγράφοι
791 2640 1003 2693 βλέποντες
1035 2641 1284 2680 διατίθενται
1318 2636 1552 2686 πλάττοντες
1581 2637 1651 2678 καὶ
1678 2635 1770 2707 γρά-

203 2710 359 2747 φοντες.
405 2695 509 2736 κάπό
541 2696 860 2750 καναβευμάτων
878 2696 944 2751 K.]
977 2696 1044 2737 καὶ
1073 2703 1155 2737 τῶν
1182 2693 1609 2765 άποκινναβευμάτων.
1666 2692 1771 2735 κάπὸ
1846 2709 1848 2711 ·

201 2754 338 2805 κιναβ.
371 2752 1034 2807 Β1111161ς.Ηθεγο11.άκροφύσια·
1067 2753 1113 2793 τὰ
1143 2753 1248 2807 ἄκρα
1277 2758 1361 2792 των
1388 2749 1547 2804 ἀσκῶν,
1579 2750 1624 2792 ἐν
1652 2747 1712 2800 οἷς
1732 2752 1775 2792 οἱ

201 2813 356 2862 χαλκεῖς
391 2808 432 2850 τὸ
470 2816 552 2865 πῦρ
590 2810 829 2863 ἐκφυσωσιν.
879 2812 1046 2853 Photius
1084 2809 1409 2863 κιναβευμάτων·
1441 2807 1766 2871 πονηρευμάτων.

203 2868 376 2920 Hesych.
409 2867 702 2921 κιναβεύματα·
734 2866 1080 2922 πανουργεύματα.
1126 2881 1228 2919 quae
1257 2868 1362 2907 unde
1391 2868 1579 2907 fluxerint
1608 2859 1764 2908 nescio:
