1872 3224
182 199 269 242 492
782 195 926 231 Apim
928 194 1169 229 οΦΑΝοΤΣ

181 301 351 351 ζούσαις.
384 302 515 343 Schol.
547 301 667 351 Vesp.
703 301 826 339 1038.
857 302 900 339 et
928 299 1077 339 ibidem
1107 295 1249 350 πέρυσι
1278 290 1352 350 γὰρ
1374 312 1442 345 τας
1465 293 1654 348 Νεφέλας
1675 294 1754 341 ἐδι-

182 361 315 424 δαξεν,
347 357 392 398 ἑν
420 353 484 405 αἷς
516 354 607 404 τοὺς
638 354 727 409 περὶ
759 351 982 420 Σωκράτην
1011 353 1287 411 ἐκωμῴὸησεν.
1317 351 1564 407 ἠπιάλους
1593 351 1645 394 δὲ
1672 350 1754 398 αὖ·

182 431 294 464 τους
331 414 612 466 ὠνόμασεν,
651 410 706 461 ὦς
745 413 837 465 (εἰς)
877 407 1079 465 ὠχρότητα
1118 410 1434 465 παρασκώπτων.
1494 425 1597 464 quae
1633 414 1677 453 et
1705 412 1757 452 ad

182 475 401 524 Vesparum
436 486 595 512 versum
623 475 667 511 et
695 472 745 511 ad
776 471 913 512 Nubes
943 472 1149 522 pertinere
1178 473 1357 522 possunt.

928 582 1013 626 385

385 637 592 695 κόλασμα

290 720 581 775 Ἀριστοφάνης
613 721 831 774 Νεφέλαις.
863 725 1037 764 Bekker.
1069 724 1220 764 Anecd.
1255 725 1350 775 105,
1381 726 1417 765 2.

929 835 1013 879 386

381 892 744 949 μετεωρολέσχας

294 973 339 1014 ἐν
368 979 454 1023 ταῖς
486 973 688 1026 Νεφέλαις
719 973 836 1029 (ἔφη)
867 973 959 1023 τοὺς
988 974 1251 1027 φιλοσόφους,
1280 973 1340 1016 ὅτι
1370 973 1417 1015 τὰ
1447 972 1618 1029 οὐράνια
1647 988 1755 1028 περι·

190 1032 362 1076 νοοῦσιν.
396 1034 530 1074 Schol.
560 1034 651 1073 Pac.
686 1034 752 1074 92.
785 1035 834 1073 cf.
869 1034 976 1074 Nub.
1010 1035 1105 1074 360.

891 1181 1049 1216 ΝΗΣΟΙ

290 1274 497 1326 Archippo
534 1288 557 1314 a
586 1275 826 1326 quibusdam
867 1275 1132 1315 tribuebatur.
1167 1275 1217 1315 cf.
1249 1275 1371 1314 Mein.
1403 1274 1423 1314 I
1454 1274 1550 1324 209,
1589 1275 1640 1317 fr.
1673 1275 1755 1314 397

180 1334 222 1370 et
251 1345 354 1382 quae
386 1332 666 1373 adnotavimus
697 1332 747 1371 ad
771 1330 845 1379 Δὶς
876 1329 1065 1385 ναυαγόν.
1125 1333 1167 1372 in
1187 1332 1425 1384 fragmentis
1445 1331 1547 1371 nihil
1568 1334 1630 1372 est
1648 1331 1756 1383 quod

177 1389 446 1440 Aristophane
491 1390 545 1429 sit
589 1389 816 1441 indignum.
888 1390 939 1429 ad
984 1402 1122 1440 pacem
1165 1389 1522 1430 commendandam
1566 1389 1756 1440 scriptam

175 1459 261 1486 esse
291 1446 536 1497 chorumque
566 1447 787 1487 insularum
818 1447 944 1487 fuisse
974 1449 1146 1487 constat.
1178 1448 1229 1487 cf.
1263 1444 1429 1494 Πόλεις,
1462 1447 1593 1499 Δῆμοι
1623 1446 1675 1486 al.
1706 1446 1755 1486 ad

180 1503 244 1543 Ol.
280 1504 332 1543 92
365 1504 518 1543 incerta
547 1505 773 1560 coniectura
802 1504 965 1544 rettulit
994 1504 1205 1556 Bergkius.

382 1712 419 1761 ai
449 1721 589 1773 μῶρε,
620 1721 760 1774 μῶρε,
790 1721 932 1761 ταῦτα
962 1716 1097 1762 πάντ’
1132 1719 1184 1762 ἐν
1214 1716 1308 1775 τῇδ’
1342 1720 1430 1762 ἔνι·

384 1787 529 1829 οἰκεῖν
558 1786 644 1842 μὲν
675 1785 727 1829 έν
757 1784 883 1844 ἀγρῷ
913 1788 1079 1830 τοῦτον
1109 1788 1162 1831 ἐν
1191 1789 1254 1845 τῷ
1282 1788 1425 1844 γηδίςο

382 1853 700 1910 ἀπαλλαγέντα
730 1854 822 1898 τῶν
853 1853 952 1899 κατ’
984 1853 1158 1911 ἀγορὰν
1187 1855 1482 1913 πραγμάτων,

381 1923 658 1980 κεκτημένον
689 1923 928 1981 ζευγάριον
959 1925 1132 1968 οἰκεῖον
1161 1926 1309 1981 βοοῖν,

326 2003 348 2035 5
380 1990 520 2037 ἔπειτ’
552 1991 740 2036 ἀκούειν
770 1995 1032 2049 προβατίων
1061 1993 1368 2050 βληχωμένων

381 2062 548 2118 τρυγός
578 2076 625 2104 τε
656 2060 819 2118 φωνὴν
850 2062 913 2113 είς
943 2062 1141 2119 λεκάνην
1169 2061 1445 2120 η’θουμένης,

383 2129 481 2188 ὄψῳ
512 2130 562 2174 δὲ
592 2132 788 2186 χρῆσθαι
820 2131 1063 2181 σπινιδίοις
1093 2147 1140 2174 τε
1168 2133 1244 2174 ’καὶ
1274 2132 1461 2187 κίχλαις,

383 2197 458 2241 καὶ
488 2197 547 2255 μὴ
579 2198 841 2254 περιμένειν
871 2198 912 2251 ἐξ
944 2197 1112 2255 ἀγορᾶς
1142 2199 1329 2256 ἰχθύδια

382 2274 574 2322 τριταῖα,
607 2269 899 2324 πολυτίμητα,
933 2269 1300 2325 βεβασανισμένα

306 2346 348 2377 10
380 2333 454 2379 ἐπ’
488 2335 784 2392 ἰχθυοπώλου
815 2335 933 2392 χειρὶ
963 2337 1334 2395 παρανομωτάτῃ.

293 2419 490 2460 Stobaeus
521 2420 664 2460 Floril.
697 2421 766 2469 55,
799 2421 822 2459 7
851 2415 1163 2472 Ἀριστοφάνους
1194 2416 1362 2472 Νήσων.
1406 2434 1479 2472 pro
1509 2419 1648 2472 νήσων
1667 2420 1754 2461 cod.

174 2476 462 2516 l'a1.Stobaei
493 2477 669 2528 optimus
702 2480 882 2529 νησσων,
913 2479 959 2516 ut
989 2477 1165 2517 dubitari
1195 2479 1328 2529 possit
1364 2480 1501 2524 utrum
1538 2477 1589 2516 ad
1627 2477 1754 2517 Phoe-

175 2533 304 2572 nissas
335 2546 386 2572 an
416 2534 464 2573 ad
496 2534 656 2574 Insulas
685 2534 900 2584 pertineat.
961 2534 1030 2575 sed
1050 2534 1360 2575 Phoenissamm
1393 2537 1631 2586 argumento
1661 2535 1755 2574 alie-

175 2603 273 2628 num
303 2590 475 2630 videtur.
566 2592 606 2630 2.
638 2588 683 2630 ἐν
712 2587 822 2646 ἀγρῷ
852 2589 1013 2644 τοῦτον]
1045 2586 1171 2644 αργὸν
1199 2584 1325 2643 αὐτὸν
1345 2591 1558 2643 Bergkius‚
1580 2589 1624 2630 ἐν
1643 2586 1754 2645 ἀγρῷ

173 2651 332 2696 πρῶτον
361 2647 763 2698 Meinekius.nihi1
800 2652 861 2688 est
897 2649 1003 2699 quod
1042 2649 1170 2700 magis
1207 2637 1348 2700 poetae
1388 2649 1603 2688 conveniat
1631 2661 1754 2700 quam

174 2701 336 2742 οἰκεῖν
364 2700 454 2753 μὲν
483 2700 821 2757 ἁβροδίαιτον
851 2703 895 2744 ἐν
915 2719 968 2759 τω
989 2704 1126 2759 γηδίῳ.
1158 2706 1209 2746 ef.
1231 2706 1374 2745 Aesch.
1397 2705 1508 2744 Pers.
1530 2706 1598 2744 41.
1627 2706 1751 2745 Thuc.

178 2762 214 2802 1
247 2761 288 2799 6.
321 2760 466 2799 Athen
503 2763 567 2809 12,
600 2763 733 2802 543d.
766 2744 998 2802 Blomfie‘ld.
1030 2761 1162 2802 Gloss.
1195 2763 1304 2802 Pers.
1327 2763 1396 2801 41.
1428 2775 1522 2802 nam
1552 2761 1678 2802 οἰκεῖν
1708 2759 1754 2801 ἐν

174 2804 283 2869 ἀγρῷ
314 2813 359 2854 ἐν
388 2821 441 2870 τῷ
471 2818 594 2872 γηδίῳ
625 2820 785 2869 quidem
826 2819 1038 2858 manifesto
1077 2821 1268 2872 corrupta
1306 2821 1414 2859 sunt.
1503 2820 1543 2858 4.
1586 2818 1752 2872 οἰκεῖον]

175 2871 420 2913 οἰκείοινῗ
501 2877 538 2913 5.
562 2875 793 2927 προβατίων
814 2873 996 2929 Grotius]
1019 2874 1246 2928 προβάτων.
1316 2878 1353 2918 6.
1377 2872 1518 2928 τρυγός
1539 2876 1730 2918 ABVoss.
1733 2875 1748 2928 j
