<?xml version="1.0" encoding="UTF-8"?>
<!DOCTYPE html PUBLIC "-//W3C//DTD XHTML 1.0 Transitional//EN"
    "http://www.w3.org/TR/xhtml1/DTD/xhtml1-transitional.dtd">
<html xmlns="http://www.w3.org/1999/xhtml" xml:lang="en" lang="en">
 <head>
  <title>
</title>
<meta http-equiv="Content-Type" content="text/html;charset=utf-8" />
  <meta name='ocr-system' content='tesseract 3.04.00' />
  <meta name='ocr-capabilities' content='ocr_page ocr_carea ocr_par ocr_line ocrx_word'/>
</head>
<body>
  <div class='ocr_page' id='page_1' title='image "./comicorumatticor01kockuoft_0466.png"; bbox 0 0 1872 3224; ppageno 0'>
   <div class='ocr_carea' id='block_1_1' title="bbox 178 178 1157 227">
    <p class='ocr_par' dir='ltr' id='par_1_1' title="bbox 178 178 1157 227">
     <span class='ocr_line' id='line_1_1' title="bbox 178 178 1157 227; baseline -0.017 0"><span class='ocrx_word' id='word_1_1' title='bbox 178 185 263 227; x_wconf 83' lang='grc'><strong><em>436</em></strong></span> <span class='ocrx_word' id='word_1_2' title='bbox 765 178 1157 215; x_wconf 78' lang='grc' dir='ltr'><strong>ΑΡΙΣΤΟΦΔΝΟΤΣ</strong></span> 
     </span>
    </p>
   </div>
   <div class='ocr_carea' id='block_1_2' title="bbox 177 262 1760 447">
    <p class='ocr_par' dir='ltr' id='par_1_2' title="bbox 177 262 1760 447">
     <span class='ocr_line' id='line_1_2' title="bbox 179 262 1755 341; baseline -0.004 -12"><span class='ocrx_word' id='word_1_3' title='bbox 179 290 444 341; x_wconf 74' lang='lat' dir='ltr'><strong>vestigatores</strong></span> <span class='ocrx_word' id='word_1_4' title='bbox 474 289 581 326; x_wconf 81' lang='lat' dir='ltr'><strong>recte</strong></span> <span class='ocrx_word' id='word_1_5' title='bbox 611 288 749 325; x_wconf 85' lang='lat' dir='ltr'><strong>monet</strong></span> <span class='ocrx_word' id='word_1_6' title='bbox 779 298 899 335; x_wconf 84' lang='lat' dir='ltr'><strong>quam</strong></span> <span class='ocrx_word' id='word_1_7' title='bbox 930 285 988 332; x_wconf 77' lang='lat' dir='ltr'><strong><em>sit</em></strong></span> <span class='ocrx_word' id='word_1_8' title='bbox 1023 283 1235 322; x_wconf 85' lang='lat' dir='ltr'><strong>ridiculum</strong></span> <span class='ocrx_word' id='word_1_9' title='bbox 1266 281 1429 322; x_wconf 81' lang='lat' dir='ltr'><strong>eredere</strong></span> <span class='ocrx_word' id='word_1_10' title='bbox 1466 262 1755 334; x_wconf 75' lang='lat' dir='ltr'><strong>talia&#39;poetam</strong></span> 
     </span>
     <span class='ocr_line' id='line_1_3' title="bbox 180 338 1758 394; baseline -0.004 -8"><span class='ocrx_word' id='word_1_11' title='bbox 180 347 243 386; x_wconf 89' lang='lat' dir='ltr'><strong>vel</strong></span> <span class='ocrx_word' id='word_1_12' title='bbox 272 346 510 385; x_wconf 82' lang='lat' dir='ltr'>mediocrem</span> <span class='ocrx_word' id='word_1_13' title='bbox 544 343 620 382; x_wconf 84' lang='lat' dir='ltr'><strong><em>sibi</em></strong></span> <span class='ocrx_word' id='word_1_14' title='bbox 659 344 790 393; x_wconf 84' lang='lat' dir='ltr'><strong>ipsum</strong></span> <span class='ocrx_word' id='word_1_15' title='bbox 827 342 1002 381; x_wconf 85' lang='lat' dir='ltr'><strong>scribere</strong></span> <span class='ocrx_word' id='word_1_16' title='bbox 1039 353 1121 380; x_wconf 87' lang='lat' dir='ltr'><strong><em>non</em></strong></span> <span class='ocrx_word' id='word_1_17' title='bbox 1158 341 1351 391; x_wconf 86' lang='lat' dir='ltr'><strong>potuisse.</strong></span> <span class='ocrx_word' id='word_1_18' title='bbox 1412 340 1521 379; x_wconf 87' lang='lat' dir='ltr'><strong>idem</strong></span> <span class='ocrx_word' id='word_1_19' title='bbox 1550 340 1659 391; x_wconf 80' lang='lat' dir='ltr'><strong>quod</strong></span> <span class='ocrx_word' id='word_1_20' title='bbox 1686 338 1758 394; x_wconf 69' lang='grc' dir='ltr'><strong><em>βίᾳ</em></strong></span> 
     </span>
     <span class='ocr_line' id='line_1_4' title="bbox 177 397 1760 447; baseline -0.003 -4"><span class='ocrx_word' id='word_1_21' title='bbox 177 404 314 443; x_wconf 86' lang='lat' dir='ltr'><strong>reiecit</strong></span> <span class='ocrx_word' id='word_1_22' title='bbox 343 415 423 442; x_wconf 89' lang='lat' dir='ltr'><strong><em>non</em></strong></span> <span class='ocrx_word' id='word_1_23' title='bbox 454 401 676 440; x_wconf 81' lang='lat' dir='ltr'><strong>adsentior:</strong></span> <span class='ocrx_word' id='word_1_24' title='bbox 710 402 771 439; x_wconf 81' lang='lat' dir='ltr'><strong>est</strong></span> <span class='ocrx_word' id='word_1_25' title='bbox 801 402 906 439; x_wconf 88' lang='lat' dir='ltr'><strong>enim</strong></span> <span class='ocrx_word' id='word_1_26' title='bbox 938 402 1075 438; x_wconf 78' lang='lat' dir='ltr'><strong><em>contra</em></strong></span> <span class='ocrx_word' id='word_1_27' title='bbox 1104 402 1307 438; x_wconf 74' lang='lat' dir='ltr'><strong><em>naturam.</em></strong></span> <span class='ocrx_word' id='word_1_28' title='bbox 1340 397 1390 436; x_wconf 81' lang='lat' dir='ltr'><strong><em>cf.</em></strong></span> <span class='ocrx_word' id='word_1_29' title='bbox 1414 397 1518 437; x_wconf 85' lang='lat' dir='ltr'><strong>Plin.</strong></span> <span class='ocrx_word' id='word_1_30' title='bbox 1543 397 1593 437; x_wconf 86' lang='lat' dir='ltr'><strong><em>N.</em></strong></span> <span class='ocrx_word' id='word_1_31' title='bbox 1615 397 1657 438; x_wconf 83' lang='lat' dir='ltr'><strong><em>h.</em></strong></span> <span class='ocrx_word' id='word_1_32' title='bbox 1691 399 1760 447; x_wconf 84' lang='lat'><strong><em>10,</em></strong></span> 
     </span>
    </p>
   </div>
   <div class='ocr_carea' id='block_1_3' title="bbox 183 460 1012 611">
    <p class='ocr_par' dir='ltr' id='par_1_3' title="bbox 183 460 1012 611">
     <span class='ocr_line' id='line_1_5' title="bbox 183 460 512 500; baseline -0.009 0"><span class='ocrx_word' id='word_1_33' title='bbox 183 462 273 500; x_wconf 90' lang='lat'><strong>166.</strong></span> <span class='ocrx_word' id='word_1_34' title='bbox 307 461 382 499; x_wconf 86' lang='lat' dir='ltr'><strong><em>Av.</em></strong></span> <span class='ocrx_word' id='word_1_35' title='bbox 417 460 512 498; x_wconf 88' lang='lat'><strong>695.</strong></span> 
     </span>
     <span class='ocr_line' id='line_1_6' title="bbox 934 567 1012 611; baseline 0.013 -1"><span class='ocrx_word' id='word_1_36' title='bbox 934 567 1012 611; x_wconf 87' lang='lat'><strong><em>187</em></strong></span> 
     </span>
    </p>
   </div>
   <div class='ocr_carea' id='block_1_4' title="bbox 379 658 1400 784">
    <p class='ocr_par' dir='ltr' id='par_1_4' title="bbox 379 658 1400 784">
     <span class='ocr_line' id='line_1_7' title="bbox 383 658 1400 716; baseline -0.003 -12"><span class='ocrx_word' id='word_1_37' title='bbox 383 661 550 711; x_wconf 81' lang='grc' dir='ltr'><strong><em>πάσαις</em></strong></span> <span class='ocrx_word' id='word_1_38' title='bbox 578 660 790 716; x_wconf 75' lang='grc' dir='ltr'><strong><em>γυναιξὶν</em></strong></span> <span class='ocrx_word' id='word_1_39' title='bbox 820 658 866 712; x_wconf 78' lang='grc' dir='ltr'><strong><em>ἐξ</em></strong></span> <span class='ocrx_word' id='word_1_40' title='bbox 899 658 1001 709; x_wconf 83' lang='grc' dir='ltr'><strong><em>ἑνός</em></strong></span> <span class='ocrx_word' id='word_1_41' title='bbox 1029 658 1085 714; x_wconf 81' lang='grc' dir='ltr'><strong><em>γε’</em></strong></span> <span class='ocrx_word' id='word_1_42' title='bbox 1111 674 1194 702; x_wconf 88' lang='grc' dir='ltr'><strong><em>του</em></strong></span> <span class='ocrx_word' id='word_1_43' title='bbox 1223 658 1400 714; x_wconf 82' lang='grc' dir='ltr'><strong><em>τρόπου</em></strong></span> 
     </span>
     <span class='ocr_line' id='line_1_8' title="bbox 379 726 1324 784; baseline 0 -12"><span class='ocrx_word' id='word_1_44' title='bbox 379 727 532 783; x_wconf 75' lang='grc' dir='ltr'><strong><em>ὥσπερ</em></strong></span> <span class='ocrx_word' id='word_1_45' title='bbox 563 727 760 784; x_wconf 78' lang='grc' dir='ltr'><em>παροψὶς</em></span> <span class='ocrx_word' id='word_1_46' title='bbox 789 726 945 784; x_wconf 84' lang='grc' dir='ltr'><strong><em>μοιχὸς</em></strong></span> <span class='ocrx_word' id='word_1_47' title='bbox 977 728 1324 783; x_wconf 80' lang='grc' dir='ltr'><strong><em>ἐσκευασμένος.</em></strong></span> 
     </span>
    </p>
   </div>
   <div class='ocr_carea' id='block_1_5' title="bbox 173 817 1761 1106">
    <p class='ocr_par' dir='ltr' id='par_1_5' title="bbox 173 817 1761 1106">
     <span class='ocr_line' id='line_1_9' title="bbox 289 817 1757 877; baseline -0.002 -13"><span class='ocrx_word' id='word_1_48' title='bbox 289 826 517 866; x_wconf 79' lang='lat' dir='ltr'><strong>Athenaeus</strong></span> <span class='ocrx_word' id='word_1_49' title='bbox 559 827 597 874; x_wconf 89' lang='lat'><strong><em>9,</em></strong></span> <span class='ocrx_word' id='word_1_50' title='bbox 641 826 722 864; x_wconf 90' lang='grc'><strong><em>367</em></strong></span> <span class='ocrx_word' id='word_1_51' title='bbox 743 824 767 863; x_wconf 84' lang='lat' dir='ltr'>d</span> <span class='ocrx_word' id='word_1_52' title='bbox 800 824 882 864; x_wconf 91' lang='grc'><strong><em>368</em></strong></span> <span class='ocrx_word' id='word_1_53' title='bbox 901 824 963 864; x_wconf 86' lang='lat' dir='ltr'><strong><em>bc</em></strong></span> <span class='ocrx_word' id='word_1_54' title='bbox 1006 819 1298 876; x_wconf 81' lang='grc' dir='ltr'><strong><em>Ἀριστοφάνης</em></strong></span> <span class='ocrx_word' id='word_1_55' title='bbox 1348 821 1550 877; x_wconf 74' lang='grc' dir='ltr'><strong><em>Δαιδάλῳ.</em></strong></span> <span class='ocrx_word' id='word_1_56' title='bbox 1609 817 1757 875; x_wconf 79' lang='grc' dir='ltr'><strong><em>τρόπον</em></strong></span> 
     </span>
     <span class='ocr_line' id='line_1_10' title="bbox 177 880 1759 934; baseline -0.001 -12"><span class='ocrx_word' id='word_1_57' title='bbox 177 883 392 934; x_wconf 75' lang='lat' dir='ltr'><strong>utrubique</strong></span> <span class='ocrx_word' id='word_1_58' title='bbox 445 883 638 922; x_wconf 84' lang='lat' dir='ltr'><strong>omissum</strong></span> <span class='ocrx_word' id='word_1_59' title='bbox 685 882 734 921; x_wconf 83' lang='lat' dir='ltr'><strong><em>ab</em></strong></span> <span class='ocrx_word' id='word_1_60' title='bbox 782 881 887 920; x_wconf 91' lang='lat' dir='ltr'><strong><em>ABP</em></strong></span> <span class='ocrx_word' id='word_1_61' title='bbox 934 881 1026 921; x_wconf 75' lang='lat' dir='ltr'><strong>add.</strong></span> <span class='ocrx_word' id='word_1_62' title='bbox 1073 880 1159 921; x_wconf 89' lang='lat' dir='ltr'><strong><em>VL.</em></strong></span> <span class='ocrx_word' id='word_1_63' title='bbox 1204 881 1448 921; x_wconf 84' lang='lat' dir='ltr'><strong>Fritzschius</strong></span> <span class='ocrx_word' id='word_1_64' title='bbox 1492 880 1553 921; x_wconf 82' lang='lat' dir='ltr'><strong>De</strong></span> <span class='ocrx_word' id='word_1_65' title='bbox 1601 892 1759 932; x_wconf 69' lang='lat' dir='ltr'><strong>parops,</strong></span> 
     </span>
     <span class='ocr_line' id='line_1_11' title="bbox 176 933 1761 992; baseline -0.001 -13"><span class='ocrx_word' id='word_1_66' title='bbox 176 942 198 978; x_wconf 92' lang='grc'>7</span> <span class='ocrx_word' id='word_1_67' title='bbox 238 954 278 979; x_wconf 87' lang='grc' dir='ltr'><strong><em>π.</em></strong></span> <span class='ocrx_word' id='word_1_68' title='bbox 316 939 501 992; x_wconf 80' lang='grc' dir='ltr'><strong><em>γυναιξίν</em></strong></span> <span class='ocrx_word' id='word_1_69' title='bbox 553 937 660 978; x_wconf 78' lang='grc' dir='ltr'><strong><em>ἔστιν</em></strong></span> <span class='ocrx_word' id='word_1_70' title='bbox 705 936 744 986; x_wconf 77' lang='grc' dir='ltr'><strong><em>ἐξ</em></strong></span> <span class='ocrx_word' id='word_1_71' title='bbox 787 933 875 986; x_wconf 78' lang='grc' dir='ltr'><strong><em>ἑνός</em></strong></span> <span class='ocrx_word' id='word_1_72' title='bbox 921 935 966 990; x_wconf 80' lang='grc' dir='ltr'><strong><em>γε’</em></strong></span> <span class='ocrx_word' id='word_1_73' title='bbox 1005 951 1102 989; x_wconf 79' lang='grc' dir='ltr'><strong><em>του,</em></strong></span> <span class='ocrx_word' id='word_1_74' title='bbox 1149 939 1259 990; x_wconf 87' lang='lat' dir='ltr'><strong>quod</strong></span> <span class='ocrx_word' id='word_1_75' title='bbox 1305 936 1466 978; x_wconf 82' lang='lat' dir='ltr'><strong>comicis</strong></span> <span class='ocrx_word' id='word_1_76' title='bbox 1509 937 1670 989; x_wconf 80' lang='lat' dir='ltr'><strong>quidem</strong></span> <span class='ocrx_word' id='word_1_77' title='bbox 1705 936 1761 977; x_wconf 43' lang='lat' dir='ltr'><strong><em>‘et</em></strong></span> 
     </span>
     <span class='ocr_line' id='line_1_12' title="bbox 173 996 1757 1048; baseline -0.001 -11"><span class='ocrx_word' id='word_1_78' title='bbox 173 997 335 1037; x_wconf 82' lang='lat' dir='ltr'><strong>Platoni</strong></span> <span class='ocrx_word' id='word_1_79' title='bbox 381 998 616 1048; x_wconf 88' lang='lat' dir='ltr'><strong>philosopho</strong></span> <span class='ocrx_word' id='word_1_80' title='bbox 662 999 702 1036; x_wconf 87' lang='lat' dir='ltr'><strong>et</strong></span> <span class='ocrx_word' id='word_1_81' title='bbox 737 996 964 1036; x_wconf 79' lang='lat' dir='ltr'><strong>oratoribus</strong></span> <span class='ocrx_word' id='word_1_82' title='bbox 1009 997 1117 1047; x_wconf 89' lang='lat' dir='ltr'><strong>quod</strong></span> <span class='ocrx_word' id='word_1_83' title='bbox 1148 997 1269 1036; x_wconf 79' lang='lat' dir='ltr'><strong>seiam</strong></span> <span class='ocrx_word' id='word_1_84' title='bbox 1301 998 1486 1048; x_wconf 83' lang='lat' dir='ltr'><strong>ignotum</strong></span> <span class='ocrx_word' id='word_1_85' title='bbox 1525 997 1600 1036; x_wconf 76' lang='lat' dir='ltr'><strong>est·</strong></span> <span class='ocrx_word' id='word_1_86' title='bbox 1660 1007 1757 1036; x_wconf 79' lang='lat' dir='ltr'><strong>con-</strong></span> 
     </span>
     <span class='ocr_line' id='line_1_13' title="bbox 173 1052 1760 1106; baseline -0.001 -13"><span class='ocrx_word' id='word_1_87' title='bbox 173 1057 238 1093; x_wconf 84' lang='lat' dir='ltr'><strong><em>tra</em></strong></span> <span class='ocrx_word' id='word_1_88' title='bbox 276 1055 326 1094; x_wconf 82' lang='lat' dir='ltr'><strong>ef.</strong></span> <span class='ocrx_word' id='word_1_89' title='bbox 372 1055 493 1096; x_wconf 85' lang='lat' dir='ltr'><strong>Thuc.</strong></span> <span class='ocrx_word' id='word_1_90' title='bbox 540 1057 584 1106; x_wconf 85' lang='lat'><strong><em>6,</em></strong></span> <span class='ocrx_word' id='word_1_91' title='bbox 623 1055 690 1093; x_wconf 89' lang='lat'><strong><em>34.</em></strong></span> <span class='ocrx_word' id='word_1_92' title='bbox 731 1053 854 1093; x_wconf 81' lang='lat' dir='ltr'><strong>Isocr.</strong></span> <span class='ocrx_word' id='word_1_93' title='bbox 894 1055 938 1102; x_wconf 88' lang='lat'><strong><em>5,</em></strong></span> <span class='ocrx_word' id='word_1_94' title='bbox 980 1054 1019 1093; x_wconf 92' lang='lat'><strong><em>3.</em></strong></span> <span class='ocrx_word' id='word_1_95' title='bbox 1079 1053 1230 1093; x_wconf 77' lang='lat' dir='ltr'><strong>Ledam</strong></span> <span class='ocrx_word' id='word_1_96' title='bbox 1275 1052 1493 1105; x_wconf 79' lang='lat' dir='ltr'><strong>significari</strong></span> <span class='ocrx_word' id='word_1_97' title='bbox 1538 1053 1760 1093; x_wconf 75' lang='lat' dir='ltr'><strong>arbitratur</strong></span> 
     </span>
    </p>
   </div>
   <div class='ocr_carea' id='block_1_6' title="bbox 173 1112 1012 1266">
    <p class='ocr_par' dir='ltr' id='par_1_6' title="bbox 173 1112 1012 1266">
     <span class='ocr_line' id='line_1_14' title="bbox 173 1112 385 1163; baseline 0.005 -13"><span class='ocrx_word' id='word_1_98' title='bbox 173 1112 385 1163; x_wconf 82' lang='lat' dir='ltr'><strong>Bergkius.</strong></span> 
     </span>
     <span class='ocr_line' id='line_1_15' title="bbox 930 1222 1012 1266; baseline 0 -1"><span class='ocrx_word' id='word_1_99' title='bbox 930 1222 1012 1266; x_wconf 88' lang='lat'><strong><em>188</em></strong></span> 
     </span>
    </p>
   </div>
   <div class='ocr_carea' id='block_1_7' title="bbox 379 1311 1417 1440">
    <p class='ocr_par' dir='ltr' id='par_1_7' title="bbox 379 1311 1417 1440">
     <span class='ocr_line' id='line_1_16' title="bbox 379 1311 1417 1370; baseline -0.001 -13"><span class='ocrx_word' id='word_1_100' title='bbox 379 1311 403 1357; x_wconf 89' lang='grc' dir='ltr'>ὁ</span> <span class='ocrx_word' id='word_1_101' title='bbox 432 1314 752 1370; x_wconf 84' lang='grc' dir='ltr'><strong><em>μηχανοποιός,</em></strong></span> <span class='ocrx_word' id='word_1_102' title='bbox 786 1312 922 1358; x_wconf 81' lang='grc' dir='ltr'><strong>ὁπότε</strong></span> <span class='ocrx_word' id='word_1_103' title='bbox 953 1312 1111 1370; x_wconf 81' lang='grc' dir='ltr'><strong><em>βούλει</em></strong></span> <span class='ocrx_word' id='word_1_104' title='bbox 1141 1311 1221 1357; x_wconf 88' lang='grc' dir='ltr'><strong><em>τὸν</em></strong></span> <span class='ocrx_word' id='word_1_105' title='bbox 1251 1311 1417 1370; x_wconf 85' lang='grc' dir='ltr'><strong><em>τροχὸν</em></strong></span> 
     </span>
     <span class='ocr_line' id='line_1_17' title="bbox 382 1379 1384 1440; baseline 0.001 -15"><span class='ocrx_word' id='word_1_106' title='bbox 382 1383 488 1439; x_wconf 76' lang='grc' dir='ltr'><strong><em>ἷμᾶν</em></strong></span> <span class='ocrx_word' id='word_1_107' title='bbox 519 1382 698 1437; x_wconf 82' lang='grc' dir='ltr'><strong><em>άνεκάς,</em></strong></span> <span class='ocrx_word' id='word_1_108' title='bbox 732 1382 848 1438; x_wconf 81' lang='grc' dir='ltr'><strong><em>λέγε,</em></strong></span> <span class='ocrx_word' id='word_1_109' title='bbox 882 1390 1008 1439; x_wconf 79' lang='grc' dir='ltr'><strong><em>χαῖρε</em></strong></span> <span class='ocrx_word' id='word_1_110' title='bbox 1040 1383 1207 1440; x_wconf 74' lang='grc' dir='ltr'><strong><em>φέγγος</em></strong></span> <span class='ocrx_word' id='word_1_111' title='bbox 1236 1379 1384 1438; x_wconf 83' lang='grc' dir='ltr'><strong><em>ἡλίου.</em></strong></span> 
     </span>
    </p>
   </div>
   <div class='ocr_carea' id='block_1_8' title="bbox 167 1471 1758 2100">
    <p class='ocr_par' dir='ltr' id='par_1_8' title="bbox 167 1471 1758 2100">
     <span class='ocr_line' id='line_1_18' title="bbox 285 1471 1758 1527; baseline -0.001 -10"><span class='ocrx_word' id='word_1_112' title='bbox 285 1479 501 1518; x_wconf 84' lang='lat' dir='ltr'><strong>Erotianus</strong></span> <span class='ocrx_word' id='word_1_113' title='bbox 532 1480 601 1527; x_wconf 83' lang='lat'><strong><em>42,</em></strong></span> <span class='ocrx_word' id='word_1_114' title='bbox 623 1481 648 1517; x_wconf 87' lang='lat'>5</span> <span class='ocrx_word' id='word_1_115' title='bbox 679 1479 812 1518; x_wconf 87' lang='lat' dir='ltr'>Klein.</span> <span class='ocrx_word' id='word_1_116' title='bbox 843 1473 1016 1525; x_wconf 82' lang='grc' dir='ltr'><strong><em>άνεκάς·</em></strong></span> <span class='ocrx_word' id='word_1_117' title='bbox 1048 1473 1139 1518; x_wconf 71' lang='grc' dir='ltr'><strong><em>ἀντὶ</em></strong></span> <span class='ocrx_word' id='word_1_118' title='bbox 1169 1482 1240 1517; x_wconf 82' lang='grc' dir='ltr'><strong><em>τοῦ</em></strong></span> <span class='ocrx_word' id='word_1_119' title='bbox 1270 1472 1462 1517; x_wconf 77' lang='grc' dir='ltr'><em>ἀνωτάτω</em></span> <span class='ocrx_word' id='word_1_120' title='bbox 1493 1508 1502 1518; x_wconf 95' lang='grc'><strong><em>.</em></strong></span> <span class='ocrx_word' id='word_1_121' title='bbox 1528 1507 1538 1516; x_wconf 95' lang='grc'><strong><em>.</em></strong></span> <span class='ocrx_word' id='word_1_122' title='bbox 1560 1507 1569 1516; x_wconf 95' lang='grc'><strong><em>.</em></strong></span> <span class='ocrx_word' id='word_1_123' title='bbox 1601 1471 1656 1524; x_wconf 80' lang='grc' dir='ltr'><strong><em>ὥς</em></strong></span> <span class='ocrx_word' id='word_1_124' title='bbox 1686 1473 1758 1516; x_wconf 74' lang='grc' dir='ltr'><strong><em>καὶ</em></strong></span> 
     </span>
     <span class='ocr_line' id='line_1_19' title="bbox 167 1531 1756 1589; baseline 0.001 -17"><span class='ocrx_word' id='word_1_125' title='bbox 167 1531 457 1586; x_wconf 82' lang='grc' dir='ltr'><strong><em>Ἀριστοφάνης</em></strong></span> <span class='ocrx_word' id='word_1_126' title='bbox 489 1533 533 1574; x_wconf 77' lang='grc' dir='ltr'><strong><em>ἐν</em></strong></span> <span class='ocrx_word' id='word_1_127' title='bbox 569 1534 757 1589; x_wconf 76' lang='grc' dir='ltr'><em>Δαιδάλῳ</em></span> <span class='ocrx_word' id='word_1_128' title='bbox 787 1534 913 1586; x_wconf 89' lang='grc' dir='ltr'><strong><em>φησίν</em></strong></span> <span class='ocrx_word' id='word_1_129' title='bbox 943 1537 1026 1574; x_wconf 85' lang='grc' dir='ltr'><strong><em>κτλ.</em></strong></span> <span class='ocrx_word' id='word_1_130' title='bbox 1059 1535 1160 1587; x_wconf 78' lang='grc' dir='ltr'><strong><em>ἰμᾶν</em></strong></span> <span class='ocrx_word' id='word_1_131' title='bbox 1189 1534 1257 1587; x_wconf 88' lang='lat' dir='ltr'><strong><em>K.]</em></strong></span> <span class='ocrx_word' id='word_1_132' title='bbox 1291 1532 1379 1574; x_wconf 75' lang='grc' dir='ltr'><strong><em>ἐᾶν.</em></strong></span> <span class='ocrx_word' id='word_1_133' title='bbox 1419 1532 1515 1573; x_wconf 78' lang='grc' dir='ltr'><strong><em>ἐλᾶν</em></strong></span> <span class='ocrx_word' id='word_1_134' title='bbox 1543 1533 1756 1585; x_wconf 68' lang='lat' dir='ltr'><strong>Bergkim,</strong></span> 
     </span>
     <span class='ocr_line' id='line_1_20' title="bbox 172 1586 1756 1646; baseline 0 -16"><span class='ocrx_word' id='word_1_135' title='bbox 172 1589 300 1631; x_wconf 75' lang='grc' dir='ltr'><strong><em>ἕλκειν</em></strong></span> <span class='ocrx_word' id='word_1_136' title='bbox 330 1593 470 1633; x_wconf 85' lang='lat' dir='ltr'><strong>Cobet.</strong></span> <span class='ocrx_word' id='word_1_137' title='bbox 504 1593 651 1634; x_wconf 89' lang='lat' dir='ltr'><strong>Mnem.</strong></span> <span class='ocrx_word' id='word_1_138' title='bbox 683 1593 718 1631; x_wconf 90' lang='lat' dir='ltr'><strong>V</strong></span> <span class='ocrx_word' id='word_1_139' title='bbox 755 1594 847 1632; x_wconf 85' lang='lat'><strong>197.</strong></span> <span class='ocrx_word' id='word_1_140' title='bbox 879 1588 1027 1640; x_wconf 82' lang='grc' dir='ltr'><strong><em>άνεκάς</em></strong></span> <span class='ocrx_word' id='word_1_141' title='bbox 1066 1590 1262 1646; x_wconf 65' lang='lat' dir='ltr'><strong>Brunck]</strong></span> <span class='ocrx_word' id='word_1_142' title='bbox 1303 1588 1476 1639; x_wconf 77' lang='grc' dir='ltr'><strong><em>κάνεκὰς</em></strong></span> <span class='ocrx_word' id='word_1_143' title='bbox 1515 1591 1549 1630; x_wconf 92' lang='grc' dir='ltr'>Β</span> <span class='ocrx_word' id='word_1_144' title='bbox 1579 1586 1756 1646; x_wconf 75' lang='grc' dir='ltr'><strong><em>κᾷνεκᾶς</em></strong></span> 
     </span>
     <span class='ocr_line' id='line_1_21' title="bbox 172 1646 1756 1704; baseline 0 -16"><span class='ocrx_word' id='word_1_145' title='bbox 172 1649 267 1700; x_wconf 86' lang='lat' dir='ltr'><strong><em>AC,</em></strong></span> <span class='ocrx_word' id='word_1_146' title='bbox 297 1646 378 1704; x_wconf 73' lang='grc' dir='ltr'><strong><em>κᾷν</em></strong></span> <span class='ocrx_word' id='word_1_147' title='bbox 413 1647 508 1697; x_wconf 77' lang='grc' dir='ltr'><strong><em>ἑκὰς</em></strong></span> <span class='ocrx_word' id='word_1_148' title='bbox 547 1664 577 1689; x_wconf 90' lang='lat' dir='ltr'><strong><em>z.</em></strong></span> <span class='ocrx_word' id='word_1_149' title='bbox 611 1650 660 1689; x_wconf 90' lang='lat' dir='ltr'><strong>de</strong></span> <span class='ocrx_word' id='word_1_150' title='bbox 695 1653 861 1690; x_wconf 78' lang='lat' dir='ltr'><strong>accentu</strong></span> <span class='ocrx_word' id='word_1_151' title='bbox 900 1650 952 1690; x_wconf 87' lang='lat' dir='ltr'><strong><em>cf.</em></strong></span> <span class='ocrx_word' id='word_1_152' title='bbox 984 1650 1134 1692; x_wconf 69' lang='lat' dir='ltr'><strong>Cratet.</strong></span> <span class='ocrx_word' id='word_1_153' title='bbox 1170 1652 1234 1691; x_wconf 91' lang='lat'><strong><em>10.</em></strong></span> <span class='ocrx_word' id='word_1_154' title='bbox 1275 1648 1373 1701; x_wconf 73' lang='grc' dir='ltr'><strong><em>[μᾶν</em></strong></span> <span class='ocrx_word' id='word_1_155' title='bbox 1409 1649 1576 1690; x_wconf 82' lang='lat' dir='ltr'><strong>verbum</strong></span> <span class='ocrx_word' id='word_1_156' title='bbox 1615 1650 1679 1688; x_wconf 84' lang='lat' dir='ltr'><strong>est</strong></span> <span class='ocrx_word' id='word_1_157' title='bbox 1712 1649 1756 1689; x_wconf 86' lang='lat' dir='ltr'><strong><em>in</em></strong></span> 
     </span>
     <span class='ocr_line' id='line_1_22' title="bbox 173 1705 1754 1758; baseline 0 -13"><span class='ocrx_word' id='word_1_158' title='bbox 173 1708 245 1746; x_wconf 82' lang='lat' dir='ltr'><strong><em>tali</em></strong></span> <span class='ocrx_word' id='word_1_159' title='bbox 282 1720 324 1746; x_wconf 88' lang='lat' dir='ltr'><strong>re</strong></span> <span class='ocrx_word' id='word_1_160' title='bbox 363 1709 582 1758; x_wconf 83' lang='lat' dir='ltr'><strong>proprium.</strong></span> <span class='ocrx_word' id='word_1_161' title='bbox 635 1708 684 1747; x_wconf 88' lang='lat' dir='ltr'><strong>ef.</strong></span> <span class='ocrx_word' id='word_1_162' title='bbox 722 1707 843 1758; x_wconf 83' lang='lat' dir='ltr'><strong>Vesp.</strong></span> <span class='ocrx_word' id='word_1_163' title='bbox 883 1709 977 1750; x_wconf 89' lang='grc'><strong><em>379.</em></strong></span> <span class='ocrx_word' id='word_1_164' title='bbox 1017 1709 1114 1748; x_wconf 89' lang='grc'><strong><em>396.</em></strong></span> <span class='ocrx_word' id='word_1_165' title='bbox 1149 1708 1199 1747; x_wconf 87' lang='lat' dir='ltr'><strong><em>fr.</em></strong></span> <span class='ocrx_word' id='word_1_166' title='bbox 1231 1707 1328 1747; x_wconf 89' lang='grc'>349.</span> <span class='ocrx_word' id='word_1_167' title='bbox 1369 1706 1503 1747; x_wconf 82' lang='lat' dir='ltr'><strong>Schol.</strong></span> <span class='ocrx_word' id='word_1_168' title='bbox 1534 1705 1630 1758; x_wconf 79' lang='lat' dir='ltr'><strong>Lys.</strong></span> <span class='ocrx_word' id='word_1_169' title='bbox 1673 1706 1754 1746; x_wconf 81' lang='grc'><strong><em>722</em></strong></span> 
     </span>
     <span class='ocr_line' id='line_1_23' title="bbox 171 1756 1755 1832; baseline 0.001 -30"><span class='ocrx_word' id='word_1_170' title='bbox 171 1763 344 1815; x_wconf 83' lang='grc' dir='ltr'><strong><em>τροχιλία</em></strong></span> <span class='ocrx_word' id='word_1_171' title='bbox 375 1762 420 1803; x_wconf 81' lang='grc' dir='ltr'><strong><em>δέ</em></strong></span> <span class='ocrx_word' id='word_1_172' title='bbox 458 1762 568 1803; x_wconf 79' lang='grc' dir='ltr'><strong><em>ἐστιν</em></strong></span> <span class='ocrx_word' id='word_1_173' title='bbox 605 1761 626 1803; x_wconf 88' lang='grc' dir='ltr'><strong>ὁ</strong></span> <span class='ocrx_word' id='word_1_174' title='bbox 660 1762 794 1816; x_wconf 85' lang='grc' dir='ltr'><strong><em>τροχὸς</em></strong></span> <span class='ocrx_word' id='word_1_175' title='bbox 825 1768 896 1804; x_wconf 87' lang='grc' dir='ltr'><strong><em>τοῦ</em></strong></span> <span class='ocrx_word' id='word_1_176' title='bbox 927 1763 1049 1813; x_wconf 82' lang='grc' dir='ltr'><strong><em>ξύλου</em></strong></span> <span class='ocrx_word' id='word_1_177' title='bbox 1080 1764 1151 1804; x_wconf 82' lang='grc' dir='ltr'><strong><em>τοῦ</em></strong></span> <span class='ocrx_word' id='word_1_178' title='bbox 1180 1762 1374 1832; x_wconf 73' lang='grc' dir='ltr'><strong><em>φρέατος,</em></strong></span> <span class='ocrx_word' id='word_1_179' title='bbox 1413 1759 1467 1802; x_wconf 85' lang='grc' dir='ltr'><strong><em>δι’</em></strong></span> <span class='ocrx_word' id='word_1_180' title='bbox 1509 1756 1561 1802; x_wconf 78' lang='grc' dir='ltr'><strong><em>οὗ</em></strong></span> <span class='ocrx_word' id='word_1_181' title='bbox 1598 1761 1755 1814; x_wconf 78' lang='grc' dir='ltr'><strong><em>ἴμῶσιν.</em></strong></span> 
     </span>
     <span class='ocr_line' id='line_1_24' title="bbox 170 1817 1750 1875; baseline -0.001 -15"><span class='ocrx_word' id='word_1_182' title='bbox 170 1821 286 1860; x_wconf 80' lang='lat' dir='ltr'><strong>Phot.</strong></span> <span class='ocrx_word' id='word_1_183' title='bbox 319 1820 432 1871; x_wconf 77' lang='grc' dir='ltr'><strong><em>ἷμᾶν·</em></strong></span> <span class='ocrx_word' id='word_1_184' title='bbox 466 1819 508 1860; x_wconf 84' lang='grc' dir='ltr'><strong><em>τὸ</em></strong></span> <span class='ocrx_word' id='word_1_185' title='bbox 538 1818 736 1864; x_wconf 84' lang='grc' dir='ltr'><strong><em>άνασπᾶν.</em></strong></span> <span class='ocrx_word' id='word_1_186' title='bbox 777 1819 819 1861; x_wconf 87' lang='grc' dir='ltr'><strong><em>τὸ</em></strong></span> <span class='ocrx_word' id='word_1_187' title='bbox 849 1818 926 1875; x_wconf 72' lang='grc' dir='ltr'><strong><em>γὰρ</em></strong></span> <span class='ocrx_word' id='word_1_188' title='bbox 956 1818 1130 1862; x_wconf 86' lang='grc' dir='ltr'><strong><em>παλαιὸν</em></strong></span> <span class='ocrx_word' id='word_1_189' title='bbox 1168 1821 1335 1873; x_wconf 81' lang='grc' dir='ltr'><strong><em>ἰμαντας</em></strong></span> <span class='ocrx_word' id='word_1_190' title='bbox 1375 1818 1637 1872; x_wconf 78' lang='grc' dir='ltr'><strong><em>ἐνδησάμενοι</em></strong></span> <span class='ocrx_word' id='word_1_191' title='bbox 1667 1817 1750 1874; x_wconf 54' lang='lat' dir='ltr'><strong><em>(gn-</em></strong></span> 
     </span>
     <span class='ocr_line' id='line_1_25' title="bbox 171 1875 1754 1931; baseline 0.003 -16"><span class='ocrx_word' id='word_1_192' title='bbox 171 1875 388 1929; x_wconf 82' lang='grc' dir='ltr'><strong><em>δησάμενοι</em></strong></span> <span class='ocrx_word' id='word_1_193' title='bbox 419 1879 587 1918; x_wconf 86' lang='lat' dir='ltr'><strong>Bekker.</strong></span> <span class='ocrx_word' id='word_1_194' title='bbox 619 1878 719 1930; x_wconf 90' lang='lat' dir='ltr'>An.)</span> <span class='ocrx_word' id='word_1_195' title='bbox 759 1875 917 1930; x_wconf 78' lang='grc' dir='ltr'><strong><em>ἀνίμων</em></strong></span> <span class='ocrx_word' id='word_1_196' title='bbox 946 1876 973 1931; x_wconf 77' lang='grc' dir='ltr'><em>ἢ</em></span> <span class='ocrx_word' id='word_1_197' title='bbox 1009 1878 1211 1931; x_wconf 79' lang='grc' dir='ltr'><strong><em>καθίμων.</em></strong></span> <span class='ocrx_word' id='word_1_198' title='bbox 1271 1891 1316 1918; x_wconf 82' lang='lat' dir='ltr'><strong>ae</strong></span> <span class='ocrx_word' id='word_1_199' title='bbox 1354 1878 1541 1918; x_wconf 82' lang='lat' dir='ltr'><strong>similiter</strong></span> <span class='ocrx_word' id='word_1_200' title='bbox 1578 1877 1754 1920; x_wconf 83' lang='lat' dir='ltr'><strong>Bekker.</strong></span> 
     </span>
     <span class='ocr_line' id='line_1_26' title="bbox 172 1935 1752 1988; baseline 0 -14"><span class='ocrx_word' id='word_1_201' title='bbox 172 1937 322 1974; x_wconf 86' lang='lat' dir='ltr'><strong>Aneed.</strong></span> <span class='ocrx_word' id='word_1_202' title='bbox 358 1937 453 1985; x_wconf 89' lang='grc'><strong><em>266,</em></strong></span> <span class='ocrx_word' id='word_1_203' title='bbox 487 1937 552 1975; x_wconf 91' lang='grc'><strong><em>22.</em></strong></span> <span class='ocrx_word' id='word_1_204' title='bbox 586 1936 747 1976; x_wconf 86' lang='lat' dir='ltr'><strong>videtur</strong></span> <span class='ocrx_word' id='word_1_205' title='bbox 777 1937 962 1987; x_wconf 85' lang='lat' dir='ltr'><strong>Iuppiter</strong></span> <span class='ocrx_word' id='word_1_206' title='bbox 982 1939 1076 1988; x_wconf 88' lang='lat' dir='ltr'><strong>post</strong></span> <span class='ocrx_word' id='word_1_207' title='bbox 1095 1937 1247 1976; x_wconf 84' lang='lat' dir='ltr'><strong>furtum</strong></span> <span class='ocrx_word' id='word_1_208' title='bbox 1271 1935 1512 1975; x_wconf 76' lang='lat' dir='ltr'><strong>amatorium</strong></span> <span class='ocrx_word' id='word_1_209' title='bbox 1533 1936 1575 1974; x_wconf 91' lang='lat' dir='ltr'><strong><em>in</em></strong></span> <span class='ocrx_word' id='word_1_210' title='bbox 1597 1935 1752 1975; x_wconf 79' lang='lat' dir='ltr'><strong>caelum</strong></span> 
     </span>
     <span class='ocr_line' id='line_1_27' title="bbox 171 1991 1751 2044; baseline 0.001 -14"><span class='ocrx_word' id='word_1_211' title='bbox 171 1993 327 2032; x_wconf 83' lang='lat' dir='ltr'><strong>rediens</strong></span> <span class='ocrx_word' id='word_1_212' title='bbox 358 1993 454 2033; x_wconf 82' lang='lat' dir='ltr'><strong>haec</strong></span> <span class='ocrx_word' id='word_1_213' title='bbox 485 1994 614 2033; x_wconf 79' lang='lat' dir='ltr'><strong>dicere</strong></span> <span class='ocrx_word' id='word_1_214' title='bbox 645 1997 827 2034; x_wconf 86' lang='lat' dir='ltr'><strong>metuens</strong></span> <span class='ocrx_word' id='word_1_215' title='bbox 857 2007 907 2034; x_wconf 87' lang='lat' dir='ltr'><strong>ne</strong></span> <span class='ocrx_word' id='word_1_216' title='bbox 938 1995 987 2034; x_wconf 85' lang='lat' dir='ltr'><strong>de</strong></span> <span class='ocrx_word' id='word_1_217' title='bbox 1018 1994 1202 2034; x_wconf 79' lang='lat' dir='ltr'><strong>machina</strong></span> <span class='ocrx_word' id='word_1_218' title='bbox 1240 1993 1427 2044; x_wconf 79' lang='lat' dir='ltr'><strong>delapsus</strong></span> <span class='ocrx_word' id='word_1_219' title='bbox 1458 1992 1669 2032; x_wconf 75' lang='lat' dir='ltr'><strong>moriatur.</strong></span> <span class='ocrx_word' id='word_1_220' title='bbox 1700 1991 1751 2032; x_wconf 86' lang='lat' dir='ltr'><strong>ef.</strong></span> 
     </span>
     <span class='ocr_line' id='line_1_28' title="bbox 170 2049 447 2100; baseline 0.007 -13"><span class='ocrx_word' id='word_1_221' title='bbox 170 2049 262 2089; x_wconf 84' lang='lat' dir='ltr'>Pac.</span> <span class='ocrx_word' id='word_1_222' title='bbox 300 2051 379 2089; x_wconf 89' lang='grc'><strong><em>174</em></strong></span> <span class='ocrx_word' id='word_1_223' title='bbox 389 2063 447 2100; x_wconf 82' lang='lat' dir='ltr'><strong><em>sq.</em></strong></span> 
     </span>
    </p>
   </div>
   <div class='ocr_carea' id='block_1_9' title="bbox 794 2173 1132 2216">
    <p class='ocr_par' dir='ltr' id='par_1_9' title="bbox 794 2173 1132 2216">
     <span class='ocr_line' id='line_1_29' title="bbox 794 2173 1132 2216; baseline 0 -1"><span class='ocrx_word' id='word_1_224' title='bbox 794 2173 889 2216; x_wconf 88' lang='lat'><strong>189.</strong></span> <span class='ocrx_word' id='word_1_225' title='bbox 926 2173 1018 2215; x_wconf 89' lang='lat'><strong>190.</strong></span> <span class='ocrx_word' id='word_1_226' title='bbox 1055 2174 1132 2216; x_wconf 93' lang='lat'><strong><em>191</em></strong></span> 
     </span>
    </p>
   </div>
   <div class='ocr_carea' id='block_1_10' title="bbox 374 2261 1418 2594">
    <p class='ocr_par' dir='ltr' id='par_1_10' title="bbox 374 2261 1418 2594">
     <span class='ocr_line' id='line_1_30' title="bbox 375 2261 1418 2320; baseline 0 -14"><span class='ocrx_word' id='word_1_227' title='bbox 375 2264 451 2306; x_wconf 82' lang='grc' dir='ltr'><strong><em>καὶ</em></strong></span> <span class='ocrx_word' id='word_1_228' title='bbox 481 2261 609 2306; x_wconf 83' lang='grc' dir='ltr'><strong><em>ταῦτ’</em></strong></span> <span class='ocrx_word' id='word_1_229' title='bbox 645 2265 805 2319; x_wconf 82' lang='grc' dir='ltr'><strong><em>ἔχοντα</em></strong></span> <span class='ocrx_word' id='word_1_230' title='bbox 835 2262 1104 2314; x_wconf 83' lang='grc' dir='ltr'><strong><em>πουλύπους</em></strong></span> <span class='ocrx_word' id='word_1_231' title='bbox 1134 2264 1210 2306; x_wconf 80' lang='grc' dir='ltr'><strong><em>καὶ</em></strong></span> <span class='ocrx_word' id='word_1_232' title='bbox 1241 2265 1418 2320; x_wconf 84' lang='grc' dir='ltr'><strong><em>σηπίας.</em></strong></span> 
     </span>
     <span class='ocr_line' id='line_1_31' title="bbox 731 2343 1418 2375; baseline -0.006 0"><span class='ocrx_word' id='word_1_233' title='bbox 731 2350 755 2375; x_wconf 84' lang='grc'>*</span> <span class='ocrx_word' id='word_1_234' title='bbox 869 2350 892 2375; x_wconf 82' lang='lat'><em>*</em></span> <span class='ocrx_word' id='word_1_235' title='bbox 1007 2349 1031 2375; x_wconf 86' lang='lat'><strong>*</strong></span> <span class='ocrx_word' id='word_1_236' title='bbox 1145 2346 1170 2372; x_wconf 81' lang='grc'>*</span> <span class='ocrx_word' id='word_1_237' title='bbox 1412 2343 1418 2350; x_wconf 90' lang='grc'><em>·</em></span> 
     </span>
     <span class='ocr_line' id='line_1_32' title="bbox 374 2397 1010 2457; baseline 0.002 -15"><span class='ocrx_word' id='word_1_238' title='bbox 374 2398 455 2443; x_wconf 84' lang='grc' dir='ltr'><strong><em>τὸν</em></strong></span> <span class='ocrx_word' id='word_1_239' title='bbox 485 2401 759 2444; x_wconf 85' lang='grc' dir='ltr'><strong><em>πουλύπουν</em></strong></span> <span class='ocrx_word' id='word_1_240' title='bbox 787 2397 1010 2457; x_wconf 74' lang='grc' dir='ltr'><strong><em>μοῧθηκε.</em></strong></span> 
     </span>
     <span class='ocr_line' id='line_1_33' title="bbox 734 2486 1171 2512; baseline -0.002 0"><span class='ocrx_word' id='word_1_241' title='bbox 734 2486 758 2512; x_wconf 81' lang='lat'>*</span> <span class='ocrx_word' id='word_1_242' title='bbox 872 2486 896 2512; x_wconf 83' lang='lat'><strong><em>*</em></strong></span> <span class='ocrx_word' id='word_1_243' title='bbox 1009 2486 1033 2512; x_wconf 85' lang='lat'><em>*</em></span> <span class='ocrx_word' id='word_1_244' title='bbox 1147 2486 1171 2511; x_wconf 84' lang='lat'><em>*</em></span> 
     </span>
     <span class='ocr_line' id='line_1_34' title="bbox 375 2537 1377 2594; baseline 0 -14"><span class='ocrx_word' id='word_1_245' title='bbox 375 2537 542 2594; x_wconf 84' lang='grc' dir='ltr'><strong><em>πληγαὶ</em></strong></span> <span class='ocrx_word' id='word_1_246' title='bbox 573 2539 779 2594; x_wconf 80' lang='grc' dir='ltr'><strong><em>λέγονται</em></strong></span> <span class='ocrx_word' id='word_1_247' title='bbox 809 2537 1052 2581; x_wconf 87' lang='grc' dir='ltr'><strong><em>πουλύπου</em></strong></span> <span class='ocrx_word' id='word_1_248' title='bbox 1082 2537 1377 2593; x_wconf 86' lang='grc' dir='ltr'><strong><em>πιλουμένου.</em></strong></span> 
     </span>
    </p>
   </div>
   <div class='ocr_carea' id='block_1_11' title="bbox 167 2626 1747 2913">
    <p class='ocr_par' dir='ltr' id='par_1_11' title="bbox 167 2626 1747 2913">
     <span class='ocr_line' id='line_1_35' title="bbox 283 2626 1747 2684; baseline -0.002 -12"><span class='ocrx_word' id='word_1_249' title='bbox 283 2633 511 2673; x_wconf 84' lang='lat' dir='ltr'><strong>Athenaeus</strong></span> <span class='ocrx_word' id='word_1_250' title='bbox 545 2635 581 2683; x_wconf 87' lang='grc'><strong><em>7,</em></strong></span> <span class='ocrx_word' id='word_1_251' title='bbox 616 2634 734 2673; x_wconf 87' lang='lat' dir='ltr'><strong>316b</strong></span> <span class='ocrx_word' id='word_1_252' title='bbox 761 2629 934 2672; x_wconf 76' lang='grc' dir='ltr'><strong><em>Ἀττικοὶ·</em></strong></span> <span class='ocrx_word' id='word_1_253' title='bbox 956 2630 1194 2672; x_wconf 85' lang='grc' dir='ltr'><strong><em>πουλύπουν</em></strong></span> <span class='ocrx_word' id='word_1_254' title='bbox 1222 2629 1419 2684; x_wconf 75' lang='grc' dir='ltr'><strong><em>λέγουσιν.</em></strong></span> <span class='ocrx_word' id='word_1_255' title='bbox 1456 2626 1747 2683; x_wconf 80' lang='grc' dir='ltr'><strong><em>Ἀριστοφάνης</em></strong></span> 
     </span>
     <span class='ocr_line' id='line_1_36' title="bbox 171 2685 1745 2743; baseline 0 -17"><span class='ocrx_word' id='word_1_256' title='bbox 171 2688 359 2743; x_wconf 83' lang='grc' dir='ltr'><strong><em>Δαιδάλῳ</em></strong></span> <span class='ocrx_word' id='word_1_257' title='bbox 374 2702 381 2710; x_wconf 93' lang='grc'><em>·</em></span> <span class='ocrx_word' id='word_1_258' title='bbox 399 2688 464 2729; x_wconf 81' lang='grc' dir='ltr'><strong><em>καὶ</em></strong></span> <span class='ocrx_word' id='word_1_259' title='bbox 480 2712 524 2718; x_wconf 90' lang='grc'>-</span> <span class='ocrx_word' id='word_1_260' title='bbox 541 2689 702 2742; x_wconf 83' lang='grc' dir='ltr'><strong><em>σηπίας.</em></strong></span> <span class='ocrx_word' id='word_1_261' title='bbox 721 2688 788 2729; x_wconf 79' lang='grc' dir='ltr'><strong><em>καὶ</em></strong></span> <span class='ocrx_word' id='word_1_262' title='bbox 803 2688 944 2729; x_wconf 87' lang='grc' dir='ltr'><strong><em>πάλιν·</em></strong></span> <span class='ocrx_word' id='word_1_263' title='bbox 963 2687 1032 2729; x_wconf 87' lang='grc' dir='ltr'><strong><em>τὸν</em></strong></span> <span class='ocrx_word' id='word_1_264' title='bbox 1045 2687 1283 2729; x_wconf 85' lang='grc' dir='ltr'><strong><em>πουλύπουν</em></strong></span> <span class='ocrx_word' id='word_1_265' title='bbox 1297 2701 1363 2739; x_wconf 87' lang='grc' dir='ltr'><strong><em>μοι</em></strong></span> <span class='ocrx_word' id='word_1_266' title='bbox 1376 2685 1514 2739; x_wconf 78' lang='grc' dir='ltr'><strong><em>ἔθηκε,</em></strong></span> <span class='ocrx_word' id='word_1_267' title='bbox 1526 2686 1745 2728; x_wconf 81' lang='grc' dir='ltr'><strong><em>καὶπάλιν·</em></strong></span> 
     </span>
     <span class='ocr_line' id='line_1_37' title="bbox 167 2741 1743 2799; baseline 0 -15"><span class='ocrx_word' id='word_1_268' title='bbox 167 2744 315 2798; x_wconf 78' lang='grc' dir='ltr'><strong><em>πληγαὶ</em></strong></span> <span class='ocrx_word' id='word_1_269' title='bbox 343 2749 425 2786; x_wconf 84' lang='grc' dir='ltr'><strong><em>κτλ.</em></strong></span> <span class='ocrx_word' id='word_1_270' title='bbox 459 2748 563 2787; x_wconf 85' lang='lat' dir='ltr'><strong>idem</strong></span> <span class='ocrx_word' id='word_1_271' title='bbox 596 2750 632 2797; x_wconf 88' lang='grc'><strong><em>7,</em></strong></span> <span class='ocrx_word' id='word_1_272' title='bbox 664 2749 777 2788; x_wconf 79' lang='lat'><strong>3230</strong></span> <span class='ocrx_word' id='word_1_273' title='bbox 807 2746 949 2798; x_wconf 86' lang='grc' dir='ltr'><strong><em>σηπία·</em></strong></span> <span class='ocrx_word' id='word_1_274' title='bbox 978 2742 1266 2799; x_wconf 83' lang='grc' dir='ltr'><strong><em>Ἀριστοφάνης</em></strong></span> <span class='ocrx_word' id='word_1_275' title='bbox 1299 2745 1498 2784; x_wconf 75' lang='grc' dir='ltr'><strong><em>Δαναίσι·</em></strong></span> <span class='ocrx_word' id='word_1_276' title='bbox 1530 2743 1598 2784; x_wconf 82' lang='grc' dir='ltr'><strong><em>καὶ</em></strong></span> <span class='ocrx_word' id='word_1_277' title='bbox 1629 2741 1743 2785; x_wconf 76' lang='grc' dir='ltr'><strong><em>ταῦτ’</em></strong></span> 
     </span>
     <span class='ocr_line' id='line_1_38' title="bbox 168 2802 1745 2856; baseline 0 -14"><span class='ocrx_word' id='word_1_278' title='bbox 168 2826 223 2831; x_wconf 92' lang='lat'><strong><em>——</em></strong></span> <span class='ocrx_word' id='word_1_279' title='bbox 253 2802 500 2851; x_wconf 77' lang='grc' dir='ltr'><strong><em>πουλύπους.</em></strong></span> <span class='ocrx_word' id='word_1_280' title='bbox 530 2805 787 2846; x_wconf 68' lang='grc' dir='ltr'><strong><em>Βαηαέᾱκὶῦπε</em></strong></span> <span class='ocrx_word' id='word_1_281' title='bbox 816 2817 1025 2856; x_wconf 82' lang='lat' dir='ltr'><strong>perperam</strong></span> <span class='ocrx_word' id='word_1_282' title='bbox 1051 2804 1176 2843; x_wconf 89' lang='lat' dir='ltr'><strong>tribui</strong></span> <span class='ocrx_word' id='word_1_283' title='bbox 1198 2803 1368 2844; x_wconf 87' lang='lat' dir='ltr'><strong>videtur.</strong></span> <span class='ocrx_word' id='word_1_284' title='bbox 1403 2815 1643 2854; x_wconf 76' lang='lat' dir='ltr'><strong>quamquam</strong></span> <span class='ocrx_word' id='word_1_285' title='bbox 1673 2815 1745 2853; x_wconf 89' lang='lat' dir='ltr'><strong><em>po-</em></strong></span> 
     </span>
     <span class='ocr_line' id='line_1_39' title="bbox 167 2852 1745 2913; baseline 0 -14"><span class='ocrx_word' id='word_1_286' title='bbox 167 2862 249 2900; x_wconf 87' lang='lat' dir='ltr'><strong>tuit</strong></span> <span class='ocrx_word' id='word_1_287' title='bbox 268 2861 375 2900; x_wconf 88' lang='lat' dir='ltr'><strong>idem</strong></span> <span class='ocrx_word' id='word_1_288' title='bbox 403 2874 543 2902; x_wconf 88' lang='lat' dir='ltr'><strong>versus</strong></span> <span class='ocrx_word' id='word_1_289' title='bbox 571 2863 782 2913; x_wconf 84' lang='lat' dir='ltr'><strong>utriusque</strong></span> <span class='ocrx_word' id='word_1_290' title='bbox 810 2860 1039 2902; x_wconf 81' lang='lat' dir='ltr'><strong>comoediae</strong></span> <span class='ocrx_word' id='word_1_291' title='bbox 1068 2873 1167 2901; x_wconf 84' lang='lat' dir='ltr'><strong>esse.</strong></span> <span class='ocrx_word' id='word_1_292' title='bbox 1197 2858 1266 2900; x_wconf 80' lang='grc' dir='ltr'><strong><em>καὶ</em></strong></span> <span class='ocrx_word' id='word_1_293' title='bbox 1291 2852 1410 2899; x_wconf 74' lang='grc' dir='ltr'><strong><em>ταῦτ’</em></strong></span> <span class='ocrx_word' id='word_1_294' title='bbox 1441 2857 1580 2911; x_wconf 75' lang='grc' dir='ltr'><strong><em>ἔχοντα</em></strong></span> <span class='ocrx_word' id='word_1_295' title='bbox 1613 2857 1745 2912; x_wconf 75' lang='lat'><strong>3230]</strong></span> 
     </span>
    </p>
   </div>
   <div class='ocr_carea' id='block_1_12' title="bbox 1788 0 1872 422">
    <p class='ocr_par' dir='ltr' id='par_1_12' title="bbox 1788 0 1872 422">
     <span class='ocr_line' id='line_1_40' title="bbox 1788 0 1872 422; baseline 0 2802"><span class='ocrx_word' id='word_1_296' title='bbox 1788 0 1872 422; x_wconf 95' lang='lat' dir='ltr'><strong><em> </em></strong></span> 
     </span>
    </p>
   </div>
  </div>
 </body>
</html>
