1872 3224
231 195 312 238 194
834 178 1195 218 ΦΕΡΕΚΡΑΤΟΤΣ

813 289 1202 355 ΨΕΤΔΗΡΑΚΛΗΣ

970 419 1053 463 154

435 513 551 553 εἴποι
575 522 647 557 τις
677 503 735 549 ἂν
765 505 857 547 τῶν
887 502 1012 544 πάνυ
1043 496 1369 553 δοκησιδεξίων

994 570 1014 592 *

860 605 881 627 ξε
1130 599 1151 622 *

433 644 519 702 ἐγώ
552 643 593 687 δ’
627 641 684 686 ἂν
715 639 985 694 ἀντείποιμι·
1018 633 1077 692 μὴ
1108 631 1498 689 πολυπραγμόνει,

431 713 534 758 ἀλλ’
569 713 609 755 εἰ
638 712 765 754 δοκεῖ
792 720 879 763 σοι,
911 705 1103 762 πρόσεχε
1134 702 1216 746 τὸν
1245 704 1364 745 νοῦν
1394 698 1591 757 κάκροω.

344 800 573 839 Athenaeus
595 796 766 848 3‚122e
787 789 887 831 κατὰ
907 786 1182 843 Φερεκράτους
1208 781 1512 838 Ψευδηρακλέα.
1541 783 1803 824 manifestum

236 861 295 898 est
324 857 514 896 excidisse
544 853 648 905 quod
680 851 905 903 quempiam
934 849 1096 887 illorum
1127 846 1198 897 qui
1229 844 1305 883 sibi
1336 844 1477 884 aliisve
1516 841 1741 894 sapientes
1747 839 1806 881 vi·
1864 849 1872 879 ’.

237 917 404 954 deantur
433 913 568 951 dicere·
591 912 707 961 poeta
736 909 864 959 fingit.
923 906 1059 956 itaque
1080 905 1172 954 post
1192 917 1231 942 v.
1259 902 1281 939 1
1302 901 1468 941 lacunae
1489 900 1652 952 signum
1670 897 1805 950 posui.
1867 903 1872 941 ζ

235 986 282 1011 ex
311 971 476 1022 prologo
507 968 663 1008 fabulae
703 966 971 1016 fragmentum
1008 962 1239 1011 excerptum
1277 961 1352 999 est.
1384 958 1436 999 cf.
1469 956 1691 1008 Aristoph.
1709 954 1804 995 Pac.

236 1030 288 1068 43
305 1041 360 1078 sq.
389 1027 508 1077 Vesp.
541 1025 721 1064 74—86.
755 1022 904 1062 Calliae
934 1021 984 1060 fr.
1009 1021 1075 1058 27.

767 1144 973 1181 ΑΔΗΛΩΝ
1000 1142 1268 1178 ΔΡΑΜΑἸῺΝ

976 1246 1058 1289 155

441 1329 524 1372 οὐκ
556 1326 621 1372 ὢν
651 1326 766 1384 ἀνὴρ
797 1325 882 1383 γὰρ
909 1323 1208 1382 Ἀλκιβιάδης,
1241 1321 1302 1375 ὥς
1331 1323 1474 1377 δοκεῖ,

442 1397 556 1455 ἀνὴρ
587 1395 776 1440 ἁπασῶν
806 1398 898 1439 τῶν
927 1396 1162 1450 γυναικῶν
1195 1392 1290 1436 ἐστι
1320 1394 1424 1435 νῦν.

355 1483 581 1522 Athenaeus
605 1482 671 1528 12
695 1480 813 1519 535b
844 1472 1093 1531 Φερεκρατης
1115 1474 1160 1516 δέ
1180 1485 1330 1528 φησιν·
1353 1466 1427 1515 οὐκ
1447 1489 1508 1513 ων
1527 1474 1610 1516 κτλ.
1642 1472 1809 1514 Sueten.

242 1542 318 1580 Iul.
350 1540 461 1579 Caes.
493 1540 545 1577 52
579 1537 695 1577 Curio
719 1541 834 1586 pater
863 1549 952 1576 eum
971 1531 1223 1590 (Caesarem)
1254 1545 1433 1574 ommam
1451 1532 1662 1572 mulmwm
1681 1531 1812 1571 virum

246 1602 279 1638 et
308 1599 482 1637 omnium
520 1597 693 1634 virorum
730 1595 929 1634 ‘mulierem
965 1594 1147 1642 adpellat.
1185 1591 1269 1631 Cic.
1300 1590 1416 1630 Verr.
1449 1591 1487 1638 2,
1521 1589 1573 1629 78
1608 1590 1672 1629 vir
1706 1588 1812 1628 inter

243 1656 430 1702 mulieres,
460 1655 607 1701 inpura
635 1654 736 1691 inter
764 1653 867 1691 viros
897 1651 1123 1690 muliercula
1155 1647 1298 1703 (Mein.
1330 1647 1367 1687 V
1400 1644 1488 1702 29).

987 1761 1068 1804 156

896 1838 982 1883 ὑπὸ
1015 1842 1094 1896 τῆς
1125 1837 1375 1896 ἀπληστίας

448 1911 680 1953 διακόνιον
712 1910 933 1966 ἐπήσθιεν
967 1906 1248 1965 [ἅμφιφωντ’
1281 1908 1427 1965 ἔχων].

360 1995 584 2033 Athenaeus
608 1995 673 2045 14,
695 1993 806 2033 644f
833 1990 1058 2031 διακόνιον
1090 1989 1362 2044 Φερεκρατης·
1382 1987 1463 2030 ὑπὸ
1482 1990 1566 2029 κτλ.
1615 1983 1816 2040 ἀμφιφῶν

247 2053 422 2097 πλακοῦς
448 2045 643 2102 Ἀρτέμιδι
662 2046 934 2102 ανακείμενος,
967 2047 1043 2100 ἔχει
1064 2046 1104 2087 δ’
1129 2047 1174 2088 ἐν
1193 2046 1326 2104 κύκλῳ
1346 2046 1523 2100 καόμενα
1552 2043 1688 2102 δαδια.
1719 2058 1815 2099 qua-

249 2111 411 2158 propter
439 2104 635 2158 αμφιφῶν
667 2104 740 2159 [τ’]
776 2105 875 2158 ἔχων
907 2105 1099 2157 (καόμενα
1128 2104 1270 2162 δᾴδια)
1306 2106 1441 2147 verbis
1470 2104 1720 2146 Pherecratis
1749 2102 1816 2143 de·

251 2165 441 2203 trahenda
472 2167 511 2203 et
541 2178 630 2203 eum
650 2166 818 2214 proximi
839 2165 1044 2214 placentae
1066 2166 1224 2233 generis
1246 2164 1518 2215 descriptione
1537 2159 1816 2212 coniungenda

254 2222 438 2260 arbitror.
481 2216 692 2273 ἐπήσθιεν]
733 2219 922 2271 ἔπησθεν.
964 2216 1130 2272 ἐπήσθι’
1171 2221 1343 2261 Meinek.
1382 2221 1556 2272 Hesych.
1588 2214 1814 2258 διακόνιον·

250 2278 351 2328 μᾶζα
380 2274 407 2328 ἢ
436 2274 571 2328 ζωμός,
601 2275 668 2316 καὶ
697 2273 722 2328 ἡ
753 2275 897 2328 κρηπὶς
927 2282 1000 2316 τοῦ
1029 2278 1295 2325 πλακοῦντος·
1328 2277 1369 2317 οἵ
1385 2274 1430 2316 δὲ
1449 2274 1632 2329 πέμματα
1653 2271 1816 2325 ἐξαπτό-

251 2348 349 2384 μενοι
379 2338 448 2385 τῆς
472 2332 708 2385 εἰρεσιώνης.
740 2335 955 2374 Herculem
977 2335 1191 2388 significari
1211 2338 1330 2386 putat
1349 2335 1584 2376 Meinekius.
1615 2334 1688 2373 at
1677 2346 1712 2374 is
1730 2345 1834 2387 uon>

253 2392 358 2430 solus
387 2389 586 2442 ἄπληστος
617 2393 705 2431 fuit.

994 2504 1072 2547 157

1062 2585 1108 2626 τί
1135 2582 1181 2625 δ’
1211 2585 1399 2634 ἔπαθες;

457 2651 506 2690 Β.
538 2646 738 2704 ἄγρυκτα
768 2648 966 2706 καλεκτᾈ
998 2649 1113 2693 ἀλλὰ
1145 2653 1368 2707 βούλομαι
1398 2650 1515 2708 μόνῃ

458 2713 571 2771 αὐτῇ
604 2719 775 2772 φράσαι
805 2729 890 2761 σοι.

369 2797 538 2837 Bekker.
570 2800 715 2839 Anecd.
739 2802 818 2840 339
841 2803 940 2840 extr.
962 2802 1057 2850 340,
1081 2803 1104 2840 5
1135 2798 1321 2866 ἄγρυκτα
1342 2799 1410 2841 καὶ
1440 2800 1586 2842 ἅλεκτα
1613 2764 1817 2840 πέπονθα;

258 2850 300 2890 τὸ
337 2851 411 2903 μὲν
447 2852 622 2905 ἅγρυκτα
662 2854 766 2896 ἐστὶν
803 2855 903 2897 ὥστε
939 2855 1039 2910 μηδὲ
1075 2858 1219 2911 γρύξαι
1257 2854 1325 2898 δια
1362 2853 1437 2911 τὴν
1471 2855 1702 2911 ὑπερβολὴν
1738 2861 1819 2896 τῶν
