1872 3224
222 204 305 247 206
614 240 616 242 v
818 194 946 229 ΦΕΡΕ
952 190 1182 226 ΚΡΑΤΟΤΣ

224 325 291 361 της
322 305 445 359 φησὶν
474 302 495 344 ὁ
524 298 940 357 κωμῳδοδιδάσκαλος.
980 298 1007 336 1.
1037 311 1071 337 e.
1102 298 1170 347 qui
1197 297 1243 336 in
1265 295 1399 345 primo
1435 295 1696 344 speetatorum
1729 276 1832 342 83⁶2ss

224 369 293 407 dili
323 367 432 406 sedet.

902 415 909 421 “
952 431 1035 474 227

425 495 555 552 ῥᾴδια

333 577 512 619 ποικίλον
547 574 614 615 καὶ
650 571 907 613 πολυέλικτον
936 568 1138 622 ὑπόδημα.
1177 566 1419 621 μνημονεύει
1448 564 1487 608 δ’
1520 564 1648 608 αὐτοῦ
1676 563 1789 608 1120}-

229 653 307 678 των
337 651 375 676 τε
405 633 471 675 καὶ
500 630 760 686 Φερεκράτης.
799 631 943 670 Pollux
975 632 1013 675 7,
1046 630 1113 668 94.
1158 628 1262 667 Plat.
1298 628 1392 666 251.
1445 685 1448 690 Δ

960 740 1043 783 228

426 803 630 859 ῥυπαίνω

338 884 426 925 ἀντὶ
447 890 517 924 τοῦ
538 882 697 936 ὑβρίζω.
719 879 980 934 Φερεκράτης.
1001 881 1168 920 Photius
1190 882 1230 919 et
1253 880 1397 920 Suidas
1419 876 1617 931 ρυπαίνω.
1648 877 1791 918 Thom.
1864 911 1872 930 ,

230 947 334 996 Mag.
367 945 460 992 326,
494 945 558 982 10.

955 1003 1039 1047 229

430 1067 607 1120 σαπράν

341 1148 381 1188 οἵ
406 1145 539 1187 πολλοὶ
570 1144 658 1187 ἀντὶ
687 1152 757 1186 τοῦ
787 1143 968 1197 αἰσχράν.
1005 1141 1120 1183 Θέων
1150 1141 1277 1195 φησὶν
1314 1139 1336 1182 ὁ
1373 1138 1642 1208 γραμματικὸς
1672 1136 1792 1194 εὕρη-

227 1205 338 1246 κέναι
375 1203 479 1257 παρὰ
517 1203 752 1276 Φερεκράτει
789 1206 940 1255 ληρῶν·
980 1199 1140 1240 άπαντα
1176 1199 1251 1254 γὰρ
1288 1197 1318 1239 ἆ
1354 1198 1467 1251 φέρει
1503 1196 1699 1253 μαρτύρια
1729 1194 1795 1238 ἐπὶ

227 1269 299 1303 τοῦ
327 1265 497 1301 παλαιοῦ
527 1261 593 1301 καὶ
623 1259 838 1313 σεσηπότος
869 1257 1032 1312 εὕρηται
1069 1257 1243 1310 κείμενα.
1291 1258 1509 1309 Phrynich.
1547 1258 1657 1309 Epit.
1696 1257 1795 1306 377,

227 1323 295 1360 ubi
325 1321 374 1359 ef.
407 1320 580 1359 Lobeck.

960 1383 1046 1426 230

434 1440 808 1498 σιναμωρεύματα

342 1525 514 1576 Etymol.
553 1539 604 1564 m.
648 1526 748 1574 713,
791 1526 842 1563 29
886 1523 927 1562 οἵ
960 1520 1034 1575 μὲν
1064 1519 1233 1562 Ἀττικοὶ
1271 1519 1433 1575 λέγουσι
1469 1522 1712 1574 σιναμωρεῖν
1749 1516 1795 1559 τὸ

229 1580 423 1632 λιχνεύειν
473 1579 538 1620 καὶ
593 1579 840 1645 Φερεκράτης
890 1578 936 1619 τὰ
988 1586 1152 1620 τοιαῦτα
1206 1577 1407 1645 κλέμματα
1459 1575 1796 1631 σιναμωρεύματα

229 1641 350 1680 καλεῖ
381 1633 513 1689 ἴῃΩρος
549 1633 872 1690 σιναμωρεύματα
910 1638 1005 1678 Grais
989 1636 1115 1690 ford]
1155 1631 1487 1689 σιναμορεύματα.
1527 1633 1796 1688 σιμορεύμαιτα

230 1697 266 1735 D
298 1698 338 1734 et
369 1696 426 1735 ed.
458 1695 642 1746 Callierg.
674 1696 893 1735 Proverbia
919 1695 1036 1735 Bodl.
1072 1697 1151 1735 861
1185 1692 1551 1741 σινδαρονεύεσθαι
1577 1691 1695 1747 (810)·
1726 1689 1795 1744 μέ-

230 1751 548 1848 ᾔνφξαέἆξόἱτης
579 1751 839 1818 Φερεκράτης.
871 1753 1056 1803 Append.
1078 1765 1191 1803 prov.
1213 1752 1404 1792 Leutsch.
1427 1752 1467 1800 4,
1487 1753 1554 1791 71.
1585 1749 1793 1801 Aristoph.

192 1835 195 1838 -
271 1823 295 1847 U

962 1875 1046 1918 231

435 1932 602 1986 Σκίρα,
636 1933 808 1987 Σκίρου

344 2011 459 2060 τόπος
487 2011 728 2065 Ἀθήνησιν,
761 2011 825 2064 ἐφ’
859 2008 909 2053 οὐ
938 2014 978 2054 οἵ
1003 2013 1164 2066 μάντεις
1195 2012 1447 2063 ἐκαθέζοντο.
1488 2013 1556 2054 καὶ
1577 2008 1796 2064 Σκιράδος
1849 2038 1864 2048 ·

229 2064 406 2119 Ἀθηνᾶς
443 2070 566 2122 ἱερόν·
613 2069 679 2110 καὶ
720 2068 745 2122 ἡ
790 2070 901 2123 ἑορτὴ
944 2072 1108 2125 Σκίρα.
1155 2070 1259 2112 οὕτω
1294 2069 1560 2125 Φερεκράτης.
1615 2071 1795 2111 Photius.

235 2125 361 2178 Σκίρα
398 2130 444 2165 ut
482 2128 639 2167 videtur
676 2128 919 2181 Meinekius]
958 2128 1102 2182 Σκιρά.
1155 2131 1205 2170 cf.
1245 2130 1455 2181 Aristoph.
1495 2129 1656 2168 Thesm.
1696 2127 1794 2168 834.

235 2183 340 2222 Eccl.
374 2185 438 2222 18.
471 2186 536 2223 59.
570 2186 826 2225 Schoemann.
858 2187 995 2237 Antiq.
1025 2184 1106 2238 gr.²
1137 2187 1178 2226 11
1209 2188 1306 2228 465.
1333 2189 1372 2227 6.

963 2297 1048 2340 232

437 2351 603 2394 σκιτών

346 2429 543 2485 ἀσθενής·
574 2432 685 2484 ὄίξιος
716 2433 894 2484 οὐδενός.
933 2434 1038 2476 ου’τω
1068 2436 1332 2490 Φερεκράτης.
1364 2438 1547 2478 photius.
1599 2432 1796 2489 ἀσθενής]

236 2485 399 2541 ἀσελγής
430 2492 624 2542 Reisigius
656 2493 831 2533 Coniect.
853 2508 891 2544 p
917 2496 1014 2534 305.
1064 2494 1224 2534 Σκίτων
1252 2508 1399 2535 nomen
1429 2497 1491 2535 est
1520 2494 1626 2546 apud
1646 2493 1796 2533 Herod.

238 2547 273 2593 3,
309 2548 399 2587 130
430 2549 631 2590 Demosth
666 2551 847 2594 21,182.
880 2552 1057 2591 eiusdem
1087 2552 1255 2603 originis
1285 2565 1372 2592 esse
1393 2553 1582 2593 videntur
1611 2549 1799 2590 Σκίτᾶλοι

237 2603 441 2653 Aristoph.
473 2605 545 2655 Eq.
579 2607 672 2645 634.

966 2674 1049 2716 233

439 2725 636 2782 σόφισμα

239 2804 532 2903 Ρὴοῂιιιὲθημα,
559 2807 625 2848 καὶ
668 2808 874 2864 ἕπινόημα,
919 2809 987 2850 καὶ
1029 2810 1181 2865 εὕρημα
1224 2819 1320 2853 πᾶν.
1366 2811 1496 2861 οὕτως
1532 2811 1796 2867 Φερεκράτης.
