1872 3224
632 215 846 256 ΑΔΗΛῼΝ
884 221 1162 255 ΔΡΑΜΑΤΩΝ
1607 222 1689 264 113

66 304 216 383 {Mnaffi
247 319 304 373 ὥς
333 322 401 365 καὶ
421 325 622 379 Κρατῖνος
644 324 772 378 δηλοῖ.
804 327 856 370 cf.
880 327 1077 368 Fritzsch.
1099 327 1308 379 Aristoph.
1334 327 1496 368 Thesm.
1519 342 1562 379 p.
1585 329 1684 369 360.

58 383 248 463 7'410116.
281 384 380 434 217,
417 385 482 424 10.
848 440 934 483 342

293 516 486 575 ἀπορεῖν
516 518 593 562 καὶ
623 521 915 576 σφακελίζειν
944 521 1007 578 τῷ
1038 521 1173 579 δεινῷ

87 600 132 643 τὸ
160 599 237 656 μὲν
266 602 519 654 σφακελίζειν
549 602 812 656 φλεγμαίνειν
843 601 923 643 ἐστὶ
953 603 1020 644 καὶ
1051 603 1117 643 διὰ
1158 604 1274 644 τοῦτο
1311 608 1511 648 σπᾶσθαι.
1576 609 1687 658 Κρα-

86 663 196 710 τῖνος
234 662 359 704 Bekk.
399 661 552 701 Anecd.
584 662 682 711 433,
716 663 767 701 21
808 664 850 702 et
890 663 1048 702 Suidas.
1089 660 1225 717 δεινῷ]
1259 662 1358 718 ὃίνῳ
1396 664 1597 716 Bergkius
1639 665 1686 704 R.

87 720 241 763 c..Att.
277 720 376 759 258.
437 721 502 759 ‘ut
533 719 723 760 Cratinus
755 721 806 760 de
835 718 1027 772 vertiyine
1056 721 1216 761 loeutus
1247 723 1327 762 sit?

845 832 931 876 343

297 911 548 969 ἅνθρωπος
578 890 890 969 λυπησίλογος

208 996 396 1050 σημαίνει
422 995 468 1037 δὲ
506 993 528 1037 ὁ
567 999 709 1037 λυπῶν
753 994 821 1037 διὰ
866 1003 939 1038 τοῦ
983 996 1110 1051 λέγειν
1155 991 1248 1046 τούς
1289 996 1425 1046 πέλας.
1476 1000 1685 1052 Κρατῖνος.

16 1087 23 1106 y.
93 1055 267 1096 Bekker.
300 1056 453 1096 Anecd.
484 1056 583 1105 404,
619 1057 671 1096 12
703 1058 745 1096 et
777 1057 942 1097 Suidas.

846 1169 934 1213 344

203 1253 435 1294 Athenaeus
475 1254 548 1303 15,
594 1254 714 1294 676f
746 1252 876 1303 δεῖξαι
917 1249 992 1293 οὐκ
1037 1251 1136 1305 ἔχεις
1183 1249 1244 1292 ὅτι
1288 1251 1583 1305 διαλελυμένως
1629 1268 1686 1302 τις

87 1308 223 1365 εἴρηκε
266 1306 399 1378 ῥόδων
438 1309 642 1362 στέφανον
678 1309 747 1352 καὶ
786 1310 863 1351 ι’ων
899 1309 1120 1363 στέφανον·
1160 1308 1204 1350 τὸ
1240 1309 1316 1364 γὰρ
1352 1305 1460 1364 παρὰ
1499 1310 1686 1365 Κρατίνῳ

0 1357 11 1419 ἶ
88 1367 191 1408 κατὰ
222 1363 394 1409 παιδιάν
423 1368 579 1423 είρηται
610 1368 983 1419 ναρκισσίνους
1014 1366 1264 1417 ὀλίσκους.
1297 1369 1557 1410 casaubonus
1589 1383 1684 1422 ναρ-

89 1425 236 1466 κίσσου
275 1426 592 1478 στεφανίσκους,
633 1428 1035 1480 Schweighaeuserus
1067 1422 1268 1480 ὀλίσβους,
1309 1428 1535 1467 Meinekius
1567 1428 1684 1479 Ναρ-

86 1483 227 1524 κίσσου
258 1481 461 1538 ὀλίσβους,
494 1486 557 1525 ‘ut
586 1498 669 1526 non
699 1485 748 1526 de
778 1486 888 1536 flore,
921 1486 991 1526 sed
1022 1485 1070 1525 de
1100 1485 1235 1526 neseio
1266 1498 1345 1536 quo
1377 1485 1597 1536 Narcisso,
1606 1485 1684 1525 for-

88 1545 194 1584 tasse
217 1543 266 1583 de
287 1543 467 1595 mythico
489 1544 560 1584 illo
582 1544 820 1595 Thespiensi
840 1544 954 1595 loqui
974 1543 1180 1595 putandus
1210 1543 1281 1582 sit'
1287 1572 1296 1582 .
1327 1543 1511 1583 Analect.
1534 1543 1684 1582 Athen.

91 1602 192 1641 327.
220 1603 265 1651 >at
296 1597 512 1653 quid‘viro
544 1614 634 1641 cum
664 1597 846 1653 ὀλίσβῳὶ)
879 1601 976 1641 mihi
1007 1614 1137 1652 neque
1169 1601 1218 1641 de
1259 1600 1426 1641 Cratino
1466 1613 1599 1652 neque
1635 1601 1685 1640 de
1748 1625 1752 1629 ν

91 1658 291 1699 Athenaei
320 1659 457 1700 verbis
488 1661 660 1701 constat.

843 1748 930 1792 345

202 1832 351 1873 Athen.
397 1835 442 1884 1,
474 1833 572 1873 23b
609 1829 670 1872 ότι
708 1830 753 1872 τὸ
792 1825 1036 1871 ἀναπίπτειν
1079 1830 1229 1884 κυρίως
1268 1828 1333 1870 ἐπὶ
1374 1835 1512 1882 ψυχης
1559 1828 1682 1882 ἐστιν,

88 1882 176 1930 οἷον
205 1885 388 1942 ἀθυμεῖν
417 1882 655 1943 ὀλιγωρεῖν.
712 1892 956 1943 ,Κρατῖνος
987 1886 1027 1928 δ’
1062 1887 1127 1928 ἐπὶ
1158 1886 1305 1941 ἔρετων
1333 1894 1479 1957 χρᾶται
1506 1893 1554 1943 τῇ
1585 1885 1683 1937 λέξει

88 1946 296 2000 ῥοθίαζε
335 1943 636 1988 κάνάπιπτε.
698 1948 885 1988 Eustath.
925 1948 1055 1996 1641,
1089 1949 1114 1987 8
1147 1944 1328 1998 ῥοθιάζει
1357 1944 1426 1985 καὶ
1454 1941 1682 1985 άναπίπτει.

89 2005 234 2046 suidas
253 2001 518 2045 ἀναπίπτειν·
549 2007 750 2075 Κρατῖνος
782 2002 847 2044 ἐπὶ
877 2009 959 2044 των
989 2001 1135 2058 ἐρετῶν
1163 2001 1350 2056 κέχρηται
1371 2008 1419 2074 τῆ
1437 2000 1539 2052 λέξει
1571 2001 1681 2056 ἐρεσ-

86 2060 242 2102 σόντων
270 2061 338 2103 καὶ
366 2059 708 2115 άνακλινομένων.
741 2063 843 2106 Xen.
876 2061 969 2103 Oeo.
993 2063 1033 2114 8,
1067 2064 1092 2102 8
1124 2058 1186 2115 (οἵ
1211 2059 1360 2128 ἐρέται)
1393 2075 1438 2100 εν
1467 2056 1575 2110 τάξει
1606 2058 1683 2112 μὲν

86 2117 314 2171 κάθηνται,
347 2117 392 2160 ἕν
422 2119 531 2170 τάξει
569 2117 615 2159 δὲ
652 2117 943 2174 προνεύουσιν,
985 2116 1030 2160 ἕν
1059 2115 1166 2168 τάξει
1196 2116 1236 2158 δ’
1285 2112 1680 2159 ἀναπίπτουσιν.

86 2178 257 2230 figurate
296 2178 501 2231 intellegit
544 2179 790 2228 Meinekius,
830 2180 878 2218 ut
916 2177 1124 2228 Aristoph.
1156 2177 1233 2229 Eq.
1267 2177 1363 2217 761.
1424 2177 1682 2216 ‘admonetur

88 2236 328 2287 cuicumque
359 2235 430 2276 ina
460 2236 652 2278 dicuntur
680 2239 727 2276 ut
756 2236 920 2277 fortiter
956 2235 1234 2277 adversarium
1273 2235 1512 2275 adoriatur?
1572 2234 1681 2285 quod

86 2306 170 2333 11011
201 2293 366 2334 omnino
397 2294 667 2335 necessarium
698 2294 874 2335 videtur.

852 2394 937 2438 346

297 2473 575 2531 εὐιπποτάτη
608 2474 855 2531 Μαραθών

203 2555 403 2610 Porphyr.
433 2559 554 2599 Hom.
576 2562 731 2610 quaest.
764 2561 790 2599 8
821 2555 945 2598 πολλὰ
976 2556 1037 2613 (οἱ
1053 2553 1215 2609 Ἴωνες)
1246 2561 1329 2595 τῶν
1358 2552 1567 2608 ὀνομάτων
1597 2555 1677 2607 χαί-

88 2625 204 2668 ρουσι
232 2617 425 2667 θηλυκῶς
456 2613 706 2668 ἐκφέροντες,
738 2610 825 2655 οἷον
845 2611 919 2667 τήν
939 2630 979 2655 τε
1000 2614 1120 2654 λίθον
1150 2613 1248 2653 καὶ.
1297 2612 1406 2665 ,τὴν
1434 2616 1676 2667 μαραθωνα.

90 2674 302 2726 Κρατῖνος.
332 2674 528 2715 indicavit
556 2671 763 2715 Nauckius
793 2673 844 2714 A.
876 2674 924 2713 L.
958 2674 999 2713 Z.
1034 2673 1157 2723 1847,
1189 2673 1286 2712 475.

842 2786 926 2829 347

296 2843 449 2899 Λέρνη
479 2847 663 2886 θεατῶν

203 2921 293 2965 ἀντὶ
308 2930 380 2965 τοῦ
396 2931 537 2975 μακών
551 2924 739 2980 θέατρον.
762 2927 975 2979 Κρατῖνος.
991 2926 1108 2969 Ρ1101..
1130 2948 1178 2953 —-
1200 2924 1312 2968 Suid.
1330 2926 1468 2973 Asth·
1488 2921 1675 2975 θέατρον.

159 2998 272 3024 comici
293 2998 415 3032 graeci,
434 2998 481 3026 ed.
501 2999 563 3026 Th.
582 2999 698 3026 Kock.
723 2999 749 3026 Ι.
1381 2994 1402 3026 8
