1872 3224
239 208 325 251 694
913 204 1141 239 KAAAIOT

242 327 327 352 ram
366 314 524 358 tantum
562 312 718 361 partem
759 323 782 348 a
823 309 952 348 Gallia
997 311 1346 348 commemoratam
1383 322 1468 349 esse
1504 309 1709 349 Leutschii
1754 312 1816 351 est

245 371 380 420 opinio
413 369 558 408 Philol.
590 367 651 405 ΠΙ
683 368 777 405 570.
810 365 1050 405 ‘adulterum
1089 378 1171 405 non
1212 367 1363 417 inpune
1401 366 1709 416 dimittendum,
1746 367 1816 408 sed

244 428 368 466 donec
409 425 575 476 pecunia
617 424 743 463 vitam
780 423 994 463 redemerit
1033 423 1075 462 in
1119 424 1304 463 custodia
1340 423 1558 464 tenendum
1596 423 1812 481 admonet’.

242 483 432 523 Leutsch.
446 523 451 527 ,
465 483 507 521 in
536 481 808 532 Paroemiogr.

907 592 1154 627 BATPAXOI

359 665 396 704 A
430 665 552 704 Suida
582 664 664 703 so10
696 665 1019 703 commemorata.
1070 662 1243 702 Meinek.
1274 662 1294 701 I
1326 664 1420 703 213.

887 798 1172 832 ΚΤΚΛΩΠΕΣ

356 871 484 910 Erant
520 871 589 921 qui
625 870 756 909 Diocli
786 869 1028 909 tribuerent.
1077 868 1223 909 Athen.
1255 870 1302 919 4,
1338 869 1463 910 140e.
1504 871 1550 919 7,
1583 871 1710 910 300a.
1752 871 1816 920 12,

244 929 327 968 524
338 928 366 968 f.
401 929 465 977 15,
489 929 569 968 667
582 928 620 967 d.
652 927 826 966 Meinek.
848 927 868 965 I
890 927 984 967 214.
1017 928 1298 978 argumentum
1329 927 1487 966 Aureae
1516 927 1660 967 aetatis
1687 927 1818 968 simile

245 987 368 1025 fuisse
406 985 606 1037 Bergkius
645 985 871 1035 suspicatur
900 983 948 1023 R.
980 996 1013 1023 c.
1046 984 1131 1023 Att.
1166 985 1262 1023 363.
1295 985 1333 1023 4.
1390 984 1439 1024 cf.
1469 986 1607 1024 tamen
1637 997 1737 1036 quae
1766 984 1816 1024 ad

241 1043 410 1088 titulum
441 1042 668 1082 comoediae
699 1041 944 1092 Eupolideae
975 1041 1268 1081 adnotavimus.

1021 1164 1049 1206 2

359 1248 500 1287 Suidas
521 1243 696 1299 ἀράχνη·
729 1245 883 1298 εἴρηται
913 1243 956 1285 δὲ
985 1242 1161 1316 ἀράχνης
1193 1244 1261 1286 καὶ
1289 1241 1389 1299 παρ’
1417 1243 1592 1302 (Ησιόδῳ
1612 1245 1681 1288 καὶ
1709 1245 1819 1301 παρὰ

242 1302 438 1372 Πινδάρῳ
473 1302 540 1343 καὶ
580 1301 688 1356 παρὰ
727 1303 882 1374 Καλλίᾳ
919 1299 1034 1358 (παρ’
1075 1301 1209 1351 σίλλοις
1247 1304 1403 1344 Nauck.
1435 1287 1580 1344 Philos.
1612 1305 1670 1344 VI
1700 1302 1819 1360 415),

241 1359 400 1414 λέγουσι
430 1358 475 1400 δὲ
504 1359 572 1400 καὶ
601 1357 798 1413 ἀραχνικᾶ
827 1343 1353 1430 (113611111.ἀραχνικὸς)ἀπὸ
1374 1366 1445 1426 τῆς
1475 1357 1652 1414 ἀράχνης
1674 1359 1819 1430 ὀρθῆς.

242 1418 418 1466 Καλλίας
454 1417 702 1468 Κύκλωψιν·
739 1416 904 1470 ὥσπερ
935 1413 1203 1471 ἀραχνικὸς
1243 1416 1332 1469 τὴν
1368 1411 1488 1458 ὁδὸν
1527 1415 1820 1488 προφορού-

241 1491 361 1527 μενα
392 1473 722 1546 (προφορουμένω
742 1474 806 1526 C).
837 1476 1183 1515 Bekker.Anecd.
1215 1476 1358 1525 442,1
1390 1472 1587 1542 ἀράχνης·
1620 1474 1690 1516 καὶ
1718 1471 1816 1530 παρ’

237 1530 412 1586 Ἡσιόδῳ
443 1531 510 1572 καὶ
538 1524 646 1584 παρά
678 1530 889 1602 Πινδάρῳ
903 1531 970 1571 καὶ
998 1524 1107 1584 παρά
1135 1531 1309 1580 καλλίοις
1341 1529 1458 1586 (παρ’
1487 1527 1619 1582 άλλοις
1640 1532 1819 1588 Nauck).

242 1587 398 1643 λέγουσι
428 1586 473 1628 δὲ
502 1588 569 1629 καὶ
598 1585 793 1658 ἀραχνικα
815 1586 894 1628 ἀπὸ
915 1594 985 1641 τῆς
1015 1586 1192 1659 ἀράχνης
1222 1585 1364 1641 ὀρθῆς.
1398 1589 1573 1638 Καλλίας
1605 1589 1818 1641 Κύκλωψι

242 1647 466 1687 Meinekius
486 1643 575 1686 ἀλλ’
599 1644 730 1698 ω’σπερ
750 1642 923 1715 ἀράχναι
943 1644 1017 1698 τὴν
1045 1642 1145 1685 ὁδον
1173 1644 1498 1711 προφορουμένω.
1537 1647 1736 1688 Fritzsch.
1758 1649 1819 1688 De

242 1718 342 1744 com.
375 1718 435 1756 gr.
466 1705 515 1745 fr.
548 1706 571 1743 7
604 1701 737 1756 ὥσπερ
766 1697 988 1756 ἀράχνηκες
1019 1701 1093 1755 τὴν
1122 1697 1220 1742 ὁδὸν
1249 1701 1563 1756 προφορουμένω
1604 1705 1708 1745 conl.
1738 1706 1819 1745 He-

244 1762 352 1812 sych.
384 1758 628 1812 ἀράχνηκες·
661 1758 844 1814 ἀράχναι.
887 1762 936 1802 cf.
975 1761 1096 1801 etiam
1136 1761 1341 1812 Aristoph.
1374 1763 1449 1802 Av.
1481 1762 1508 1800 4
1545 1763 1587 1802 et
1625 1775 1725 1813 quae
1763 1762 1820 1802 ibi

245 1819 537 1859 adnotavimus.
1853 1839 1857 1843 ·

1024 1907 1051 1949 3

359 1988 551 2041 κίθαρος
583 1983 716 2037 ὀπτὸς
747 1987 823 2029 καὶ
853 1984 980 2042 βατὶς
1009 1985 1192 2030 θύννου
1222 2001 1270 2029 τε
1299 1985 1551 2042 κεφάλαιον
1579 1987 1702 2043 τοδί,

360 2054 582 2110 ἐγχέλεια,
614 2054 830 2111 κάραβοι,
864 2053 1039 2110 λινεύς,
1071 2052 1279 2112 ἀχαρνώς
1309 2052 1477 2098 οὑτοσί.

358 2139 588 2178 Athenaeus
621 2140 657 2187 7,
691 2139 807 2179 286b
847 2135 1023 2185 Καλλίας
1061 2135 1262 2186 Κύκλωψι
1298 2139 1377 2180 κτλ.
1427 2140 1466 2178 et
1496 2139 1612 2178 3068,
1641 2138 1819 2188 Καλλίας

245 2191 289 2233 δὲ
325 2191 353 2246 ἢ
391 2195 564 2246 Διοκλῆς
603 2191 806 2244 Κύκλωψι
848 2193 1017 2264 κίθαρος
1051 2216 1109 2224 -
1146 2194 1242 2236 τοδί.
1307 2209 1346 2235 v.
1387 2196 1411 2234 2
1450 2195 1622 2235 Bekker.
1664 2197 1818 2238 Anecd.

245 2253 386 2301 474,1
419 2248 602 2304 ἀχαρνώς
623 2251 690 2292 καὶ
712 2249 846 2305 ὀρφώς
876 2248 897 2290 ὃ
918 2248 1052 2298 αὐτός.
1073 2251 1247 2299 Καλλίας
1270 2249 1517 2301 Κύκλωψιν·
1539 2249 1711 2304 ἐγχέλεια
1731 2256 1814 2293 κτλ.

248 2312 283 2348 1.
315 2307 500 2362 κίθαρος]
532 2308 697 2362 κίθαρις
739 2305 1024 2355 2861ο.ὀπτὸς
1066 2307 1134 2348 καὶ
1162 2307 1218 2362 A]
1257 2305 1375 2355 ὀπτός
1411 2323 1451 2348 τε
1481 2310 1525 2348 Ρ.
1556 2308 1719 2350 θύννου
1761 2308 1817 2364 τε]

246 2364 406 2405 θύννου
443 2364 487 2404 τὸ
522 2368 617 2406 306.
708 2368 746 2406 2.
786 2363 958 2418 ἐγχέλεια
995 2363 1237 2419 Schweigh]
1285 2363 1435 2418 ἐγχέλια
1478 2366 1527 2405 A.
1566 2361 1698 2414 λινεύς
1738 2368 1815 2407 Er-

245 2422 701 2476 furdt.Obse1-v.461]
734 2419 902 2470 αἰνεεύς.
934 2419 1117 2475 ἀχαρνώς
1138 2423 1264 2463 Bekk.
1294 2421 1395 2475 Α11.]
1424 2420 1612 2475 ἄχαρνος.
1673 2425 1723 2464 de
1752 2426 1807 2465 ci·

245 2481 356 2520 tharo
387 2481 435 2519 cf.
468 2481 647 2520 Pherecr.
682 2483 747 2523 39.
787 2480 958 2532 Hesych.
1007 2476 1160 2527 λινεύς·
1194 2476 1215 2518 ὁ
1247 2477 1432 2544 κεστρεὺς
1464 2478 1598 2531 ἰχθύς.
1638 2481 1805 2522 Photius

245 2535 399 2583 λινεύς·
431 2535 629 2590 κεστρεύς.
680 2538 854 2589 Hesych.
885 2533 1059 2590 ἀχάρνα·
1091 2531 1194 2584 εἶδος
1226 2532 1381 2588 ἰχθύος.

1019 2659 1049 2701 4

345 2736 523 2792 φυλλάς
551 2737 578 2794 ἡ
610 2739 811 2782 δείπνων
840 2737 1085 2788 κατάλυσις
1112 2736 1196 2793 ἥδε
1227 2738 1435 2794 καθάπερ
1467 2739 1719 2795 σχημάτων.

363 2820 593 2860 Athenaeus
614 2822 652 2871 4,
678 2823 787 2862 140e
817 2819 878 2860 ὅτι
906 2818 951 2860 δὲ
981 2819 1074 2867 ἔθος
1096 2814 1150 2872 ἦν
1168 2823 1249 2868 τοῖς
1270 2817 1391 2859 πάλαι
1411 2818 1479 2859 καὶ
1500 2819 1632 2871 φύλλα
1654 2820 1814 2874 δάφνης

247 2875 602 2930 τραγηματίζεσθαι
641 2877 813 2926 Καλλίας
849 2875 877 2929 ἢ
910 2880 1078 2930 Διοκλῆς
1116 2875 1160 2918 ἐν
1195 2880 1275 2925 τοῖς
1308 2876 1508 2928 Κύκλωψί
1533 2889 1659 2929 φησιν
1687 2875 1814 2927 οὕτως
