1872 3224
658 196 868 233 ΑΔΗΛΩΝ
890 200 1162 237 ΔΡΑΜΑΤΩΝ
1612 207 1694 250 347

66 296 242 363 2192).
294 298 472 352 Hesych.
503 301 702 350 κοντίλος·
741 298 844 353 εἶδος
877 302 1029 359 ὀρνέου.
1078 304 1106 358 ἢ
1135 306 1269 362 ὄρτυξ.
1303 308 1384 349 ἔστι
1415 308 1459 350 δὲ
1491 309 1558 350 καὶ
1588 309 1695 363 ὄφις.

58 371 62 375 ·
109 357 174 398 “si
203 360 433 409 serpentem
464 359 685 411 significat,
730 376 752 400 a
792 365 897 403 conti
929 365 1193 407 similitudine
1233 368 1479 419 adpellatum
1509 371 1697 410 videtur?

77 438 95 464 .;
118 414 299 456 Lobeck.
330 415 490 456 Pathol.
523 419 627 468 prol.
663 421 757 459 114.
790 435 861 471 per
889 423 1021 462 iocum
1044 436 1187 473 penem
1226 438 1270 464 ea
1299 439 1396 466 voce
1428 427 1534 478 apud
1565 428 1701 479 Eupo-

119 473 182 515 lin
209 472 435 526 significari
465 476 697 516 existimant
727 478 950 519 Meinekius
981 484 1021 520 et
1052 481 1239 522 Lehrsius
1269 483 1483 524 Herodian.
1510 486 1576 527 68.
1608 485 1696 525 Pol-

117 531 191 573 -lux
222 532 262 579 2,
298 533 380 572 176
413 529 592 573 ἐκαλεῖτο
621 531 666 574 δὲ
696 533 765 575 καὶ
793 534 908 584 τύλος
939 530 982 576 τὸ
1001 537 1169 591 αἰδοῖον,
1200 541 1306 580 unde
1337 542 1508 582 forsitan
1531 543 1700 582 conieiat

119 590 325 642 quispiam
354 587 576 644 κατέλαβέν
604 606 699 644 μου
730 591 815 633 τὸν
844 592 1005 635 τύλον.
1067 611 1070 614 ’

876 731 960 774 335

208 863 211 867 ¹
326 806 424 866 ’όψςῡ
454 812 642 868 πονηρῷ
673 812 933 862 πολυτελῶς
961 810 1198 871 ἠρτυμένῳ

236 893 469 934 Athenaeus
503 894 542 946 2,
576 896 662 935 68a
682 893 862 943 Εὔπολις
894 894 981 936 κτλ.

878 1021 963 1064 336

294 1099 371 1143 καὶ
401 1099 596 1156 μουσικὴ
631 1099 801 1158 πρᾶγμ’
836 1101 932 1145 ἐστὶ
959 1101 1086 1157 βαθύ
1115 1118 1158 1146 τι
1189 1101 1264 1145 καὶ
1294 1104 1546 1158 καμπύλον.

226 1185 459 1226 Athenaeus
472 1186 536 1235 1'4,
554 1187 665 1226 6233
680 1178 701 1224 ὃ
716 1182 792 1237 μὲν
806 1183 1103 1240 κωμῳδιοποιὸς
1116 1184 1294 1234 Εὔπολίς
1310 1195 1431 1238 φησι·
1448 1185 1514 1226 καὶ
1529 1179 1700 1239 μουσικὴ

118 1245 202 1286 κτλ.
233 1238 301 1283 ἆεί
326 1257 367 1283 τε
396 1235 542 1282 καινὸν
572 1241 790 1295 ἐξευρίσκει
812 1258 847 1283 τι
870 1246 950 1291 τοῖς
972 1240 1151 1284 ἐπινοεῖν
1181 1242 1436 1295 δυναμένοις.
1468 1245 1701 1285 Eustathius

79 1302 83 1306 ’
123 1302 248 1354 1422,
272 1301 326 1341 55
357 1298 459 1340 κατὰ
490 1296 560 1340 τὸν
592 1299 778 1340 Εὔπολιν
808 1299 973 1342 εἰπόντα
994 1298 1048 1350 ὥς
1070 1298 1095 1353 ἡ
1116 1301 1287 1354 μουσικὴ
1309 1305 1388 1354 κτλ.
1414 1300 1481 1341 καὶ
1501 1315 1579 1342 om.
1602 1303 1699 1341 Ath.

123 1360 168 1400 P.
199 1357 316 1412 βαθὺ
347 1357 416 1399 καὶ
444 1355 656 1411 καμπύλον
686 1359 850 1400 Grotius
872 1361 967 1400 Exo.
991 1362 1087 1400 507.
1118 1361 1271 1400 Iacobs.
1295 1360 1432 1400 Addit.
1456 1360 1551 1399 334.
1582 1357 1698 1412 βαθύ

121 1432 160 1458 τι
189 1411 395 1470 κᾶγκύλον
424 1415 582 1458 Hano'v.
614 1418 756 1458 Exere.
777 1418 867 1458 crit.
894 1419 988 1458 160.
1019 1416 1231 1469 καμπύλον
1261 1420 1392 1457 ortum
1423 1430 1509 1457 esse
1539 1417 1701 1458 videtur

120 1490 170 1517 ex
215 1473 285 1515 καὶ
329 1488 543 1527 perperam
582 1476 802 1526 duplicato.
842 1476 994 1515 musica
1032 1478 1136 1515 certe
1175 1489 1303 1526 neque
1340 1470 1554 1526 καμπύλος
1574 1487 1702 1525 neque

119 1530 297 1586 ἅγκύλος
330 1534 410 1574 dici
439 1535 587 1584 potest,
619 1534 699 1574 nisi
728 1546 910 1573 recurras
941 1534 992 1572 ad
1013 1531 1174 1585 Κρόνον
1193 1529 1486 1584 ἀγκυλομήτην.
1534 1531 1701 1582 Eupolis

121 1592 283 1644 scripsit
312 1589 428 1644 βαθύ
460 1604 497 1629 τι
527 1589 611 1630 καὶ
642 1589 805 1630 πυκνό
821 1605 853 1631 ν.
887 1592 937 1631 cf.
969 1592 1177 1642 Aristoph.
1207 1591 1305 1630 Ach.
1339 1591 1435 1629 445.
1468 1591 1542 1640 Eq.
1579 1589 1698 1630 1132.

119 1650 200 1690 Av.
232 1650 330 1690 430.
364 1650 525 1690 Thesm.
557 1650 654 1689 438.
695 1649 804 1689 Ecol.
838 1650 934 1688 571.
979 1649 1169 1700 Amphid.
1203 1650 1269 1697 33,
1302 1650 1340 1688 5.
1379 1648 1483 1689 Plat.
1515 1647 1628 1697 Reip.
1660 1646 1698 1694 8,

121 1709 242 1748 5688..
291 1709 471 1748 extrema
500 1707 698 1747 Athenaei
730 1707 854 1746 verba
882 1707 1073 1746 facillime
1103 1707 1145 1746 in
1176 1706 1405 1745 trimetrum
1436 1705 1541 1744 coire
1571 1699 1637 1742 ἀεί
1664 1716 1699 1741 τι

120 1762 269 1805 καινὸν
299 1768 380 1812 τοῖς
413 1763 591 1804 ἐπινοεῖν
619 1762 860 1816 δυναμένοις
882 1765 1039 1804 monuit
1059 1763 1305 1804 Dindorfius.
1336 1762 1546 1813 pensitatis
1569 1763 1702 1800 tamen

121 1824 180 1864 eis
203 1836 304 1875 quae
326 1824 434 1874 apud
454 1824 710 1863 Athenaeum
741 1824 964 1873 sequuntur
993 1821 1215 1861 Meinekius
1245 1833 1332 1860 cum
1363 1819 1542 1859 Iacobsio
1574 1818 1694 1857 Athe-

121 1883 233 1932 naei,
264 1894 347 1921 non
376 1881 594 1933 Eupolidis
625 1893 711 1921 esse
740 1880 863 1920 verba
892 1880 1053 1920 iudicat.

0 1607 3 1618 ²
0 1256 18 1579 ⁹-w‘···v‹·····:³re.³w·³‘v-·‘
4 1206 20 1240 m„
21 1183 24 1187 ⁴
6 1143 19 1164 -„
20 987 22 989 ,
16 856 17 860 „
9 767 11 770 A
3 744 7 748 >

875 2002 957 2044 337

332 2081 382 2134 ὃς
411 2082 493 2127 τὸν
524 2084 769 2126 νεανίσκον
802 2079 958 2125 συνών
989 2080 1251 2137 διέφθορεν.

243 2171 417 2210 Zonaras
439 2168 521 2208 548
554 2164 778 2218 διέφθορεν
807 2161 854 2206 οὐ
886 2161 930 2206 τὸ
961 2162 1206 2215 διέφθαρται
1235 2163 1357 2215 δηλοῖ
1370 2155 1477 2216 παρὰ
1495 2158 1698 2209 Ἀττικοῖς,

123 2224 223 2286 ἀλλὰ
245 2225 289 2267 τὸ
313 2223 580 2279 διέφθαρκεν.
616 2222 797 2272 Εὔπολις
818 2226 899 2264 κτλ.
922 2221 1136 2263 νεανίσκον
1158 2219 1433 2274 Tittmannus]
1466 2217 1701 2259 νεανίσκων.

830 2353 834 2357 ·
877 2336 961 2379 338

331 2418 382 2463 τό
414 2413 528 2476 σῶμ’
563 2420 718 2474 ἔχουσι
750 2420 875 2460 λεῖον
907 2414 1060 2471 ὥσπερ
1094 2413 1298 2470 ἐγχέλεις.

240 2507 416 2546 Zonaras
450 2506 528 2544 601
570 2496 690 2555 εὗρον
726 2499 770 2541 δὲ
800 2499 868 2540 καὶ
906 2492 949 2539 τὸ
986 2497 1146 2552 ἔγχελυς
1183 2491 1353 2535 ἆττικόν.
1405 2492 1585 2540 Εὔπολις
1616 2494 1698 2558 κτλ.

123 2564 410 2617 grammaticus
448 2576 509 2602 ms
548 2561 654 2613 apud
691 2561 862 2611 Mingar.
902 2558 988 2598 cod.
1026 2556 1195 2595 Nanian.
1234 2555 1315 2593 492
1355 2551 1510 2605 ἔγχελυς
1551 2547 1700 2596 ἕνικον,

125 2620 168 2662 τὸ
199 2619 244 2661 δὲ
274 2617 554 2672 πληθυντικὸν
585 2615 777 2671 ἐγχέλυες.
810 2613 916 2668 παρὰ
947 2613 1047 2667 γοῦν
1077 2616 1156 2659 τοῖς
1192 2607 1381 2657 Ἀττικοῖς
1414 2605 1593 2661 ἐγχέλεις,
1633 2603 1701 2644 καὶ

124 2679 172 2720 αἰ
203 2675 376 2725 πτώσεις
419 2674 629 2730 ἐγχέλεων,
671 2672 879 2728 ἐγχέλεσιν.
931 2669 1109 2717 Εὔπολις
1147 2671 1227 2708 κτλ.
1268 2664 1561 2730 Ἀριστοφάνης
1606 2662 1699 2717 (Eq.

126 2736 230 2791 864)
261 2734 397 2787 ὥσπερ
429 2735 470 2774 οἵ
496 2733 566 2783 τὰς
598 2730 765 2786 ἐγχέλεις
795 2728 1019 2776 πέπονθας.
1051 2729 1162 2776 hinc,
1201 2726 1390 2777 quoniam
1419 2723 1565 2791 plurali
1602 2734 1700 2771 opus

127 2797 225 2843 erat,
258 2794 481 2834 Meinekius
514 2789 680 2845 ἐγχέλεις
710 2803 783 2841 pro
806 2802 852 2829 eo
874 2788 978 2839 quod
1000 2785 1102 2837 apud
1124 2787 1338 2833 utrumque
1360 2782 1509 2832 legitur
1530 2777 1696 2843 ἔγχελυς.

127 2853 178 2893 cf.
210 2852 418 2903 Aristoph.
461 2851 512 2890 fr.
546 2850 642 2888 218.
692 2849 742 2886 ad
781 2848 928 2897 Baptas
975 2857 1063 2883 cum
1109 2842 1157 2880 fr.
1198 2841 1278 2879 337
1316 2839 1436 2878 nimis
1482 2837 1702 2876 liberahter

126 2910 329 2950 referebat
359 2908 602 2948 Fritzschius
635 2905 680 2953 Q.
713 2906 839 2946 Arist.
873 2904 951 2941 217
986 2901 1074 2940 adn.
1107 2900 1175 2938 37.
