1872 3224
763 210 994 244 ΣΕΡῙΦΙΟΙ
1623 211 1675 252 77

80 307 257 368 πλευρὸν
287 314 450 361 ναίουσι
479 310 692 366 θαλάσσης
727 349 733 356 .
758 347 767 354 .
791 350 799 358 ,
833 314 971 368 Σάβαι
1010 330 1062 357 τε.
1134 317 1173 355 2.
1205 313 1365 355 δούλων
1396 317 1488 356 add.
1519 315 1608 355 RV.
1641 318 1680 356 3.

83 369 219 428 Διον.]
235 374 279 413 in
298 374 488 413 lemmate
508 369 1043 426 Διονυσοκρουροπυρώνων
1059 374 1154 413 Hes.
1175 374 1681 427 Διονυσιοκουρεοπορνῶν

0 418 22 528 Ξ
79 432 201 472 Dind.
219 459 232 482 ,
288 432 810 483 Διονυσιοκουρομυρωνιόν
863 430 1125 483 (quamquam
1185 433 1259 472 hoc
1320 446 1517 484 -κουρεο-
1581 434 1678 472 scri-

8 528 17 539 „
79 490 255 538 bendum
302 489 428 529 fuisse
471 487 627 542 monet)
680 490 744 528 vel
791 491 1313 541 Διονυσιοκυρτομυρωνῶν
1357 491 1530 530 Meinek.
1577 491 1679 530 bene

0 530 26 606 ἵ
79 547 319 588 Holstenius
350 543 519 599 Σάβαςτ
550 561 645 586 nam
668 546 807 595 Sacae,
839 547 1083 598 Scytharum
1104 548 1247 596 coloni,
1275 549 1507 588 interiorem
1538 548 1679 588 Asiam

0 605 27 676 ξ’
78 606 303 645 incolentes
333 601 405 659 (cf.
437 605 566 644 Naek.
592 603 766 644 Choeril.
792 606 869 644 121
890 603 972 658 sq.)
1006 606 1139 645 minus
1170 609 1280 645 recte
1311 609 1680 646 commemorantur

79 677 199 714 quam
232 663 391 703 Sabaei.
426 663 616 703 Sidonios
648 665 690 701 et
719 663 919 702 Erembos
951 664 1160 702 coniunxit
1199 666 1246 703 ut
1275 663 1394 703 Hom.
1428 663 1503 704 Od.
1537 665 1576 712 4,
1610 665 1678 703 84.

78 721 223 761 urbem
267 721 489 771 Dulopolin
531 722 861 761 commemoravit
897 721 1020 760 etiam
1058 721 1206 771 Eupol.
1257 723 1351 760 197.
1413 717 1679 769 νεοπλούτους

0 804 4 831 :
78 780 196 819 novit
233 779 357 818 etiam
396 779 606 830 Aristoph.
650 779 772 830 Vesp.
816 780 925 819 1309
965 775 1055 832 (ubi
1092 778 1228 831 Φρυγί
1261 779 1423 818 restitui
1454 779 1551 819 Veri
1590 781 1679 821 sim.

4 871 5 889 3
79 833 183 891 200)
214 836 363 876 Athen.
397 838 435 885 6,
470 838 593 877 230a
623 834 869 887 ζηλουμένου
900 833 946 875 δὲ
975 832 1058 875 ὑπό
1095 851 1219 875 τινων
1257 835 1514 876 νεοπλούτων
1549 837 1678 888 μετοί-

78 908 174 934 κων.
208 917 260 923 —
279 890 565 946 Ἀνδροκλέων,
588 895 614 933 i.
636 909 669 936 e.
692 895 900 934 hominum
924 895 1119 934 Androcli
1151 895 1359 934 similium.
1402 896 1452 934 cf.
1474 896 1677 946 Ecphant.

8 987 9 990 ,
78 953 118 992 4.
151 952 307 992 Cratin.
340 954 435 992 263.
483 953 654 1003 primam
692 953 867 1004 proximi
905 953 1082 992 nominis
1121 955 1279 1003 partem
1326 955 1544 992 Διονυσιο-
1585 954 1678 993 scri-

77 1011 255 1050 bendam
284 1023 383 1059 esse,
415 1010 523 1061 quod
552 1009 755 1058 Διόνυσος
786 1023 936 1050 nomen
969 1012 1023 1051 sit
1053 1011 1229 1050 hominis
1250 1011 1399 1050 Atticis
1430 1011 1675 1060 inauditum,

77 1069 302 1108 Meinekius
343 1071 503 1117 monet,
537 1069 642 1108 conl.
674 1069 860 1108 Nicarch.
894 1069 1062 1108 Anthol.
1096 1068 1181 1110 Pal.
1213 1069 1254 1108 II
1285 1070 1369 1109 324
1403 1071 1677 1120 Διονυσιοπη-

80 1124 328 1180 γανόδωρος.
360 1140 384 1165 a
412 1127 580 1177 reliquis
612 1126 739 1166 satius
770 1127 985 1167 videbatur
1016 1140 1180 1166 manum
1211 1127 1429 1166 abstinere.

832 1239 919 1282 209

306 1320 517 1363 οἰκοῦσιν
547 1318 813 1375 φεύγοντες,
847 1317 1071 1375 ἀίδρυτον
1101 1317 1246 1363 κακὸν
1277 1317 1447 1370 ἄλλοις.

193 1415 420 1467 Hesychius
458 1411 656 1468 ἆΐὸρυτον
700 1413 846 1455 κακόν·
889 1417 1090 1469 Κρατῖνος
1131 1414 1339 1482 Σεριφίοις
1379 1417 1456 1469 (sic
1487 1416 1676 1456 Valesius

76 1487 150 1525 pro
182 1470 384 1542 ε’ριφίοις).
432 1471 587 1514 οἰκοῦσι
617 1470 835 1543 φεύγοντες
866 1470 1061 1527 ἆΐδρυτον
1090 1466 1218 1512 κακὸν
1249 1472 1399 1521 ἄλλοις.
1459 1473 1675 1526 κακοίδρυ-

76 1546 162 1583 τον,
191 1528 224 1581 ἦ
253 1544 341 1570 οιον
370 1529 483 1570 α’λλοι
513 1527 652 1579 αὐτοῖς
684 1527 758 1570 οὐκ
789 1527 842 1570 οἶν
873 1529 1128 1585 ιδρύσαιντο,
1160 1524 1234 1583 τὴν
1265 1522 1423 1584 φυγήν,
1450 1528 1505 1579 ὡς
1545 1531 1588 1571 εἴ
1618 1546 1676 1579 τις

77 1587 236 1642 ἄγαλμα
267 1587 490 1642 ἱδρύσαιτο.
538 1591 595 1630 sic
625 1603 734 1629 nunc
764 1603 812 1629 ex
844 1590 1036 1630 Meinekii
1067 1591 1348 1630 emendatione
1390 1590 1446 1628 M.
1479 1589 1673 1630 Schmidt.

75 1648 257 1700 Etymol.
289 1661 343 1690 m
376 1648 534 1698 42,10
574 1643 770 1699 ἆΐδρυτον
807 1640 1049 1687 κακόν·τὸ
1086 1646 1335 1699 κατάρατον,
1369 1644 1391 1686 ὃ
1421 1644 1495 1686 οὐκ
1531 1645 1587 1687 ἄν
1616 1662 1676 1695 τις

75 1702 187 1761 αὐτῷ
217 1703 438 1756 ἷὸρύσαιτο.
485 1707 535 1745 de
564 1706 696 1746 forma
732 1701 924 1757 αΐδρυτος
963 1702 1134 1758 (ἆνίδρ.)
1178 1706 1228 1746 cf.
1259 1706 1360 1745 Lob.
1392 1705 1544 1757 Phryn
1578 1707 1675 1746 730.

76 1764 286 1815 Aristoph.
317 1763 412 1815 Lys.
447 1764 545 1803 809.
576 1764 760 1814 loquitur
790 1764 839 1803 de
870 1763 1122 1812 hominibus,
1159 1765 1229 1814 qui
1267 1764 1502 1803 voluntario
1535 1764 1675 1803 exsilio

77 1822 207 1862 solum
237 1823 458 1870 verterant,
490 1822 600 1872 quod
630 1822 721 1861 aliis
753 1821 940 1861 videatur
978 1822 1132 1861 malum
1170 1821 1439 1861 intolerabile.
1500 1822 1560 1860 ita
1591 1821 1675 1861 fere

80 1879 320 1920 Meinekius.

835 1968 923 2010 210

191 2052 316 2092 Bekk.
348 2052 595 2103 Anecd.85,
623 2054 643 2090 1
676 2048 865 2103 βόθυνον
894 2048 946 2091 ου’
977 2062 1077 2102 φασι
1108 2051 1196 2091 δεῖν
1229 2048 1369 2104 λέγειν.
1400 2048 1499 2091 ἀλλὰ
1531 2047 1674 2091 Σόλων

76 2108 154 2161 ἔφη
186 2107 231 2148 ἐν
259 2112 344 2157 τοῖς
375 2107 527 2159 νόμοις.
570 2111 767 2162 Κρατῖνος
798 2109 1027 2162 Σεριφίοις·
1059 2105 1161 2148 ἄλλ’
1201 2105 1419 2148 ἀπίωσιν
1458 2107 1509 2149 ἐν
1547 2114 1674 2164 χορῷ

78 2166 124 2216 ἐς
156 2163 384 2220 βόθυνον
414 2164 562 2207 ἰέναι.
624 2165 707 2206 ἔστι
737 2164 782 2206 δὲ
812 2165 955 2206 παιδιά
996 2181 1054 2215 τις
1095 2165 1135 2214 ἐς
1166 2165 1355 2219 βόθυνον
1394 2164 1508 2207 ἱέναι.
1570 2168 1674 2207 dixit

76 2228 198 2266 etiam
233 2225 415 2276 Xenoph.
457 2224 550 2265 Oec.
589 2227 659 2274 19,
693 2227 718 2265 3
750 2223 960 2277 βοθύνους
989 2223 1101 2272 οἴους
1140 2221 1353 2275 ὀρύττουσι
1391 2228 1473 2273 τοῖς
1514 2227 1671 2275 φυτοῖς.

76 2284 316 2334 Harpocrat.
356 2280 542 2335 βόθυνος
581 2280 698 2330 τόπος
737 2297 796 2330 τις
835 2281 946 2331 ἰδίως
985 2280 1090 2322 οὕτω
1128 2279 1374 2335 καλούμενος
1413 2280 1456 2322 ἐν
1496 2288 1543 2337 τῇ
1585 2283 1673 2338 ἱερᾷ

76 2338 170 2397 ὁδῷ.
201 2341 307 2381 unde
338 2340 538 2392 Sauppius
559 2341 664 2380 Isaei
686 2342 736 2380 fr.
762 2343 813 2380 19
844 2337 934 2380 ἀλλ’
967 2337 1144 2380 ἀπίωσιν
1165 2338 1210 2379 ἐν
1229 2354 1332 2395 χορῳ
1360 2344 1365 2388 1
1394 2338 1434 2387 ἐς
1458 2339 1664 2392 Βόθυνον,

77 2382 220 2439 deinde
253 2397 292 2446 ἐς
323 2396 511 2451 βόθυνον
542 2395 663 2438 ιε’ναι.
696 2396 778 2437 ἔστι
808 2396 852 2437 δὲ
882 2397 1026 2438 παιδιά
1047 2412 1120 2446 τις.
1154 2403 1330 2438 metrum
1355 2399 1530 2449 Bergkio
1561 2399 1671 2438 vide-

76 2457 197 2496 batur
227 2456 458 2497 Cratineum
492 2456 668 2496 admisso
706 2457 749 2495 in
788 2457 920 2496 medio
960 2470 1080 2497 versu
1118 2457 1251 2505 hiatn,
1294 2456 1343 2494 de
1384 2469 1463 2506 qua
1501 2469 1545 2495 re
1583 2458 1671 2495 iure

77 2514 238 2554 dubitat
267 2514 503 2553 Meinekius.
533 2514 781 2553 trochaicum
810 2516 980 2565 propter
1010 2515 1217 2565 dactylum
1239 2513 1462 2552 admixtum
1483 2527 1569 2554 esse
1590 2527 1671 2553 non

76 2574 225 2623 potest.
258 2571 436 2611 arbitror
467 2584 554 2610 esse
584 2572 830 2623 glyconeum
861 2572 1279 2623 polyschematistum.

835 2683 918 2726 21].

237 2765 412 2819 χαίρετε
442 2761 610 2814 πάντες
641 2762 741 2807 ὅσοι
772 2763 1045 2819 πολύβωτον
1077 2764 1271 2806 ποντίαν
1303 2763 1524 2820 Σέριφον.

195 2859 603 2912 Hephaest.15,10
631 2857 741 2912 παρὰ
773 2859 818 2898 δὲ
856 2858 1042 2924 Κρατίνῳ
1086 2856 1130 2897 ἕν
1168 2860 1251 2905 τοῖς
1289 2857 1499 2909 Σεριφίοις
1537 2855 1671 2897 οὐκέτι

78 2913 358 2968 ἆκατάληκτόν
388 2915 471 2956 ἐστι
500 2915 544 2956 τὸ
575 2914 817 2956 δακτυλωτὸν
847 2931 890 2955 το
919 2914 1147 2969 ἡγούμενον
1167 2921 1238 2955 τοῦ
1260 2915 1549 2967 ἰθυφαλλικοῦ,
1571 2910 1669 2954 ἀλλὰ
