1872 3224
751 196 991 231 ΚΟΛΑΚΕΣ
1576 203 1654 245 301

11 314 14 348 ξ
105 326 134 341 ,-
189 298 423 340 Athenaeus
457 301 523 349 12,
558 302 673 340 535a
692 300 988 371 κεκωμῴδηται
1025 301 1092 342 καὶ
1123 301 1202 343 ὑπὸ
1236 301 1460 353 Εὐπόλιδος
1500 303 1554 354 ὡς
1593 306 1660 346 καὶ

10 395 11 405 ,
55 354 424 409 „261116103715963
456 361 652 409 γυιαῖκας
684 356 728 398 ἐν
758 358 936 409 Κόλαξιν
966 359 1111 407 οὕτως·
1147 359 1400 414 Ἀλκιβιάδης
1431 365 1658 416 κτλ.1)ὶος

37 432 104 485 'j
157 415 198 464 4,
227 415 283 456 49
322 413 394 455 τὸν
420 411 681 468 Ἀλκιβιάδην
710 416 961 469 μεμφόμενος
994 416 1138 470 ἔλεγεν,
1171 416 1226 467 ὡς
1258 418 1343 467 νέος
1374 418 1422 472 μὲ
1426 437 1449 459 ν
1479 418 1536 460 ω“ν
1566 421 1657 470 τοὺς

8 501 10 509 ,
39 468 228 525 ’ἄνδρας
258 469 460 540 ἀπαγάγοι
489 479 571 512 τῶν
600 480 825 527 γυναικῶν,
862 475 1070 523 νεανίσκος
1102 474 1146 515 δὲ
1177 474 1384 530 γενόμενος
1417 477 1485 526 τὰς
1523 483 1659 531 γυναῖ-

10 553 15 570 .-
42 549 53 560 v
47 540 149 579 mg
169 530 250 570 τῶν
269 526 450 598 ἀνδρῶν.
511 533 564 571 cf.
595 533 741 583 Eupol.
773 534 869 574 354.
901 534 1082 574 Pherecr.
1110 537 1204 574 155.
1250 537 1351 575 alter
1381 538 1448 587 qui
1477 537 1658 588 loquitur

39 600 62 624 2
74 589 308 637 Alcibiades
336 591 427 641 ipse
455 590 619 630 videtur
650 604 749 640 esse,
781 592 851 642 qui
882 592 1130 640 admonitus,
1162 596 1209 632 ut
1239 594 1399 633 ‘mulier
1437 607 1523 634 esse
1554 595 1654 635 desi-

29 647 160 687 mat’
199 646 448 700 (Sehweigh.
491 648 594 688 conl.
634 649 736 688 Xen.
769 648 918 699 Cyrop.
955 651 997 696 1,
1033 651 1080 699 2,
1113 651 1152 689 8.
1187 650 1346 690 Toleni).
1378 651 1504 690 Andr.
1541 655 1584 704 1,
1609 655 1655 700 ,1‚

80 705 153 755 24)
187 705 249 745 illi
279 706 426 746 suadet
454 708 502 745 ui:
532 706 641 745 domi
672 719 783 745 suam
815 708 900 757 ipse
931 720 1093 746 uxorem
1126 710 1250 755 curet,
1281 709 1435 748 minans
1466 710 1655 749 nimirum

42 779 46 782 ’
74 775 118 805 ae
147 762 188 802 id
220 763 420 803 facturum
452 777 553 815 esse,
585 764 620 803 si
651 764 720 803 ille
748 765 986 815 neglexerit.
1019 759 1151 816 δάμαρ
1194 766 1339 805 Atticis
1369 767 1656 816 posterioribus

75 833 158 861 non
189 821 399 873 usitatum.

837 958 917 1001 159

217 1054 334 1103 ἄλλα
366 1061 548 1104 δίαιταν
576 1059 637 1117 ἢν
667 1060 821 1118 ἔχουσ’
854 1061 904 1104 οἱ
927 1061 1119 1112 κόλακες
1148 1060 1261 1117 πρὸς
1291 1060 1408 1117 ὑμᾶς

218 1130 427 1186 λέξομεν
461 1125 562 1173 ἀλλ’
596 1128 819 1174 ἀκούσαθ’
855 1128 915 1181 ὥς
946 1129 1083 1187 ἐσμὲν
1113 1129 1291 1173 α’παντα
1321 1130 1485 1186 κομψοὶ

217 1197 408 1255 ἄνδρες·
441 1198 585 1243 ὅτοισι
617 1203 774 1256 πρῶτα
804 1199 889 1255 μὲν
893 1207 1029 1282 παῑξ
1054 1198 1312 1250 ἀκόλουθός
1344 1201 1469 1243 ἐστιν

217 1265 458 1324 ἀλλότριος
487 1270 544 1312 τοὶ
577 1268 739 1323 πολλοί,
770 1267 936 1324 μικρὸν
968 1269 1017 1328 δὲ
1049 1285 1090 1312 τι
1122 1267 1268 1350 κάμὸν
1299 1267 1454 1311 αὐτοῦ.

164 1347 186 1378 5
219 1337 378 1393 ιματίω
410 1338 463 1382 δέ
489 1355 567 1395 μοι
597 1338 672 1382 δύ’
706 1337 840 1384 ε’στὸν
871 1342 1078 1394 χαρίεντε
1108 1338 1269 1392 τούτω,

219 1400 292 1450 οἷν
322 1408 687 1465 μεταλαμβάνων
717 1406 788 1450 οέεὶ
818 1408 1018 1463 θάτερον
1052 1406 1279 1459 ἐξελαύνω

220 1477 284 1527 εἰς
314 1474 503 1533 ἀγοράν.
538 1478 637 1521 ἐκεῖ
663 1475 707 1520 δ’
743 1475 931 1520 ἐπειδᾶν
961 1477 1130 1519 κατίδω
1162 1473 1250 1518 τιν’
1283 1474 1431 1531 ἄνδρα

216 1543 419 1602 ἠλίθιον,
452 1548 742 1590 πλουτοῦντα
773 1544 838 1602 δ’,
872 1543 1015 1596 εὐθὺς
1045 1544 1148 1598 περὶ
1178 1546 1341 1587 τοῦτον
1373 1545 1474 1599 εἰμι’.

217 1613 306 1659 κᾶν
335 1631 378 1658 τι
409 1617 522 1673 τύχῃ
555 1615 701 1671 λέγων
733 1613 756 1657 ὁ
787 1613 1010 1669 πλούταξ,
1043 1613 1166 1657 πάνυ
1197 1613 1320 1656 τοῦτ’
1355 1614 1542 1667 ἐπαινῶ,

148 1690 191 1726 10
222 1685 298 1727 καὶ
329 1683 695 1741 καταπλήττομαι
727 1685 879 1726 δοκῶν
909 1691 1025 1726 τοῖσι
1057 1683 1231 1737 λόγοισι
1262 1684 1446 1737 χαίρειν.

218 1750 306 1797 εἶτ’
341 1753 416 1797 ἐπὶ
447 1754 639 1797 δεῖπνον
671 1751 916 1808 ἐρχόμεσθ’
949 1751 1138 1802 ἄλλυδις
1168 1748 1301 1800 ἄλλος
1329 1748 1459 1805 ἡμῶν

217 1822 362 1878 μᾶζαν
395 1821 468 1866 ἐπ’
501 1820 782 1877 ἀλλόφυλον,
815 1814 873 1864 οὗ
904 1821 977 1863 δεῖ
1002 1823 1215 1876 χαρίεντα
1247 1820 1392 1861 πολλὰ

215 1889 297 1934 τὸν
328 1889 494 1935 κόλακ’
527 1889 699 1940 εὐθέως
730 1890 894 1945 λέγειν,
924 1887 955 1944 ἦ
981 1887 1212 1944 ’κφέρεται
1242 1887 1425 1944 θύραζε.

214 1957 322 2003 οἶδα
353 1958 398 2002 δ’
425 1958 657 2013 Ἀκέστορ’
688 1957 799 2001 αύτὸ
829 1956 910 2000 τὸν
941 1959 1207 2012 στιγματίαν
1237 1956 1466 1998 παθόντα·

151 2039 193 2070 15
225 2031 418 2085 σκῶμμα
447 2026 536 2084 γὰρ
569 2024 655 2070 εἶπ’
691 2025 890 2082 ἀσελγές,
924 2022 1005 2069 εἶτ’
1039 2022 1180 2067 αὐτὸν
1211 2021 1234 2067 ὁ
1264 2033 1369 2075 παῖς
1398 2023 1569 2080 θύραζε

221 2095 458 2153 ἐξαγαγών
489 2099 651 2152 ἔχοντα
682 2094 842 2139 κλοιὸν
873 2094 1138 2150 παρέδωκεν
1172 2094 1311 2136 Οἰνεῖ.

0 1312 10 1320 ”
0 924 26 1274 Ἐμκῖζὲῑὲᾯήὶἶῑῄὲῗὲῇῗζν“κ
17 831 24 834 ,

187 2205 419 2245 Athenaeus
452 2207 490 2251 6,
521 2205 637 2244 236e
667 2202 708 2242 οἶ
734 2198 773 2240 δ’
806 2199 963 2254 ἀρχαῖοι
992 2199 1152 2251 ποιηταὶ
1183 2198 1276 2247 τοὺς
1305 2198 1552 2249 παρασίτους
1584 2197 1652 2238 κό-

72 2265 197 2310 λακας
237 2260 431 2313 ἐκαλουν,
470 2257 545 2311 ἀφ’
594 2255 654 2300 ῶν
692 2258 761 2299 καὶ
797 2258 978 2306 Εύπολις
1017 2264 1070 2314 τῷ
1108 2256 1278 2324 δράματι
1320 2255 1394 2308 τὴν
1431 2249 1656 2309 ἐπιγραφὴν

73 2318 311 2372 ἐποιήσατο,
344 2318 413 2359 τὸν
451 2317 584 2384 χορὸν
607 2333 690 2358 των
729 2316 927 2356 Κολάκων
964 2315 1134 2367 ποιήσας
1174 2311 1267 2354 ταδε
1301 2312 1463 2365 λέγοντα
1500 2316 1582 2352 κτλ.
1616 2316 1653 2352 9.

73 2379 218 2419 Pollux
239 2380 384 2428 3,109
407 2373 428 2416 ὁ
450 2375 490 2416 δ’
525 2370 755 2422 Εὐπόλιδος
785 2371 960 2422 πλούταξ
990 2371 1217 2413 πέπαικται.
1249 2373 1299 2411 cf.
1321 2372 1506 2411 Eustath
1532 2372 1652 2416 1091,

78 2437 147 2476 57.
232 2438 271 2476 2.
302 2433 465 2474 α’παντα
502 2430 785 2501 Hermannus]
815 2430 1002 2478 ἅπαντες.
1078 2434 1117 2470 3.
1149 2428 1274 2468 ότοισι
1309 2430 1509 2468 Porsonus
1549 2428 1654 2477 apud

74 2494 276 2535 Gaisford.
309 2490 463 2546 Heph.]
494 2494 607 2531 τοῖσι.
669 2493 706 2532 4,
737 2485 866 2540 κάμὸν
898 2485 1556 2557 Hermannus]ua1.tov.Bergkius
1585 2498 1653 2522 κα·

73 2550 161 2603 μός.
194 2544 237 2590 τὸ
267 2547 423 2602 κάμνον
454 2551 658 2589 Porsonus
689 2550 732 2587 et
753 2547 891 2587 Cobet.
972 2548 1011 2585 5.
1043 2543 1191 2595 τούτω,
1222 2537 1286 2582 οἶν
1314 2539 1530 2601 Porsonus]
1562 2540 1653 2579 τού-

73 2619 169 2652 τοιν.
250 2611 288 2648 7.
314 2605 390 2647 τιν’
414 2605 622 2659 Dindorf.]
654 2619 690 2644 τι
711 2599 787 2644 οὖν
806 2605 856 2646 A.
936 2605 973 2643 8.
997 2601 1078 2653 εἰμι’
1094 2597 1272 2655 Grotius]
1296 2594 1385 2651 εἶμι.
1466 2601 1503 2638 9.
1535 2595 1652 2637 πλού·

74 2664 160 2720 ταξ]
193 2666 369 2714 πλοῦταξ
399 2666 450 2705 A.
528 2666 599 2703 ⁸13.
631 2660 786 2709 εὐθέως
827 2662 990 2701 Grotius
1011 2661 1197 2710 Exeerpt.
1231 2654 1328 2709 501]
1361 2652 1500 2702 ευθύς.
1544 2652 1651 2703 ’κφέ-

75 2738 183 2774 ρεται
211 2722 430 2776 Bergkius]
464 2720 637 2774 φέρεται.
720 2722 784 2759 15.
818 2713 898 2758 εἶπ’
930 2712 1090 2782 ἀσελγές
1121 2712 1342 2779 Porsonus]
1380 2712 1496 2760 εἴπας
1527 2711 1630 2764 ἕελεγ
1634 2727 1653 2759 ς

75 2783 122 2823 A.
153 2780 306 2832 θύραζε
344 2778 525 2833 Grotius]
569 2773 734 2830 θύραζ’.
818 2778 884 2816 16.
923 2769 1074 2826 κλοιὸν]
1107 2766 1236 2826 κλῳὸν
1267 2772 1438 2810 Meinek.
1473 2771 1520 2811 cf.
1556 2771 1651 2808 Eur.

76 2838 188 2890 cycl.
222 2839 318 2882 235.
358 2838 568 2888 Aristoph.
601 2836 722 2886 Vesp.
756 2835 851 2874 897.
893 2829 1065 2872 Bekker.
1107 2830 1258 2869 Anecd
1296 2830 1370 2878 49,
1411 2830 1451 2867 5.
1520 2826 1593 2866 Οιι
1586 2824 1650 2878 ει]

7 2915 9 2917 v
74 2901 197 2951 κοινῷ
228 2897 373 2947 Bergk.
408 2895 634 2935 Commeat.
667 2893 756 2932 crit.
788 2891 807 2930 Ι
839 2892 905 2933 28
