1872 3224
214 202 297 245 636
866 198 1143 234 ΠΛΑΤῼΝΟΣ

967 301 1049 344 130

276 382 385 426 ὥστ’
420 386 464 425 εἴ
488 399 554 433 τις
586 379 754 438 ὀρχοῖτ’
790 375 856 436 εὖ,
888 379 1023 437 θέαμ’
1057 375 1137 436 ἦν·
1169 382 1256 423 νῦν
1287 380 1337 424 δὲ
1369 381 1543 462 δρῶσιν
1573 379 1726 437 οὐδέν,

274 451 377 494 ἀλλ’
411 450 564 507 ω’σπερ
595 448 876 507 ἀπόπληκτοι
907 449 1080 507 στάδην
1111 449 1297 501 ἑστῶτες
1328 447 1567 507 ὠρύονται.

336 536 567 575 Athenaeus
602 535 666 583 14,
701 535 812 574 6280
844 533 879 573 εἰ
910 531 951 573 δέ
981 548 1039 581 τις
1069 529 1246 586 ἀμέτρως
1287 532 1462 596 διαθείη
1492 527 1564 586 τὴν
1601 544 1793 586 σχηματο-
1862 567 1867 574 f

216 592 352 631 ποιίαν
382 590 449 631 καὶ
462 594 565 650 ,ταῖς
595 587 720 646 ᾠδαῖς
752 589 1030 643 ἐπιτυγχάνων
1058 587 1185 642 μηδὲν
1225 587 1328 643 λέγοι
1365 605 1465 630 κατα
1501 589 1580 654 τὴν
1613 589 1794 644 ὄρχησιν,

215 645 331 697 οὗτος
371 646 412 688 δ’
451 664 505 700 ην
542 632 745 700 ἀδόκιμος.
819 647 880 688 διὸ
920 647 987 688 καὶ
1022 645 1313 700 Ἀριστοφάνης
1355 644 1381 699 ἢ
1417 642 1591 688 Πλάτων
1628 646 1673 688 ἐν
1709 651 1796 697 ταῖς

215 710 407 755 Σκευαῖς,
440 703 495 753 ὡς
527 704 769 758 Χαμαιλέων
798 705 939 757 φησίν,
971 705 1132 758 εἴρηκεν
1162 703 1290 753 οὕτως
1321 708 1401 748 κτλ.
1459 721 1513 756 ην
1548 704 1624 759 γὰρ
1652 703 1696 745 τὸ
1726 706 1796 758 τῆς
1865 704 1872 739 ᾗ

216 761 413 817 ὀρχήσεως
443 761 557 828 γένος
589 768 659 815 τῆς
692 761 736 802 ἐν
766 766 847 810 τοῖς
879 767 1008 815 χοροῖς
1040 761 1241 814 εύσχημον
1271 760 1357 803 τότε
1397 761 1464 802 καὶ
1500 760 1795 816 μεγαλοπρεπὲς

156 825 163 832 ‘
217 820 283 861 καὶ
315 818 463 860 ὡσανεὶ
494 835 562 868 τας
594 819 638 860 ἐν
668 823 750 868 τοῖς
782 818 919 869 ὅπλοις
949 817 1126 872 κινήσεις
1153 817 1486 872 ἀπομιμουμένων
1505 817 1582 875 (sic
1602 821 1707 860 enim
1728 820 1795 874 A)

218 874 390 931 ὀρχοῖτ’]
422 874 583 929 ὀρχοῖθ’
617 879 667 918 A.
701 879 906 928 optativus
937 881 1000 918 est
1029 879 1238 919 iterativus
1269 880 1337 929 qui
1368 878 1537 930 dicitur,
1568 878 1682 929 quod
1712 890 1794 919 mo-

217 950 293 976 neo
325 939 491 987 propter
521 936 740 987 Bergkium
771 938 813 975 et
844 936 1041 976 Cobetum
1073 935 1169 976 Obs.
1202 936 1289 975 crit.
1323 937 1391 975 51.

442 1125 662 1183 άναβιῶν’
698 1126 748 1170 ἐκ
779 1129 857 1183 τῆς
887 1128 1033 1170 νόσου

331 1212 480 1251 Moeris
510 1207 758 1263 ἆναβιῶναι’
796 1207 986 1262 Ἀττικοί,
1026 1207 1081 1258 ὥς
1113 1209 1287 1251 Πλάτων
1323 1213 1500 1259 Σκευαῖς
1539 1206 1723 1263 ἀναβιοῦν
1752 1207 1795 1250 ἐκ

217 1268 285 1320 τῆς
316 1265 454 1308 νόσου.
486 1264 713 1320 άναβιωσαι
743 1267 893 1309 κοινόν.
925 1270 984 1308 ita
1004 1269 1239 1309 Mcinckius.
1261 1269 1546 1320 grammaticus
1567 1269 1794 1309 Marcianus

215 1327 321 1377 apud
351 1326 523 1366 Bekker.
546 1327 747 1390 Harpocr.
778 1341 816 1377 p.
851 1328 903 1366 35
934 1322 1119 1378 αναβιών
1157 1322 1247 1366 ἀντὶ
1285 1326 1355 1365 τοῦ
1392 1322 1638 1377 ἆναβιιόσας.
1683 1323 1792 1365 Πλά-

216 1384 502 1480 ἕωνγέᾆιευαῖς
533 1376 716 1435 ἆναβιών
747 1381 790 1422 ἐκ
821 1384 888 1435 τῆς
920 1381 1057 1433 νόσου,
1079 1381 1146 1422 καὶ
1174 1379 1479 1436 Ἀριστοφάνης.
1512 1383 1561 1425 cf.
1583 1383 1792 1434 Aristoph.

234 1455 253 1480 r

970 1529 1051 1572 132

333 1613 461 1653 Schol.
493 1613 701 1664 Aristoph.
726 1613 802 1652 Av.
829 1614 906 1652 151
940 1610 1115 1652 Πλάτων
1144 1610 1188 1652 δὲ
1218 1608 1346 1652 αὐτὸν
1377 1607 1718 1666 (Μελάνθιον)
1751 1608 1795 1651 ἓν

218 1672 394 1717 Σκευαῖς
426 1666 480 1717 ὦς
511 1668 664 1710 λάλον
694 1668 878 1710 σκώπτει.
910 1671 1087 1718 Σκευαῖς
1117 1671 1295 1710 Pierson.
1318 1671 1442 1710 Moer.
1466 1668 1568 1723 122]
1590 1667 1792 1718 Σκύθαις.

972 1782 1052 1825 133

332 1866 461 1906 Schol.
495 1866 700 1916 Aristoph.
724 1866 823 1904 Rau.
857 1867 937 1905 367
971 1864 1086 1904 τοῦτο
1115 1864 1171 1912 εἰς
1199 1861 1439 1916 Ἀρχῖνον.
1470 1863 1620 1916 μήποτε
1650 1860 1695 1903 δὲ
1724 1861 1792 1903 καὶ

219 1923 273 1970 εἰς
301 1918 578 1975 Ἀγύρριον.
610 1919 836 1993 μέμνηται
843 1919 886 1961 δὲ
923 1918 1073 1961 τούτων
1111 1920 1179 1961 καὶ
1218 1920 1393 1961 Πλάτων
1431 1920 1475 1961 ἐν
1512 1923 1689 1969 Σκευαῖς
1727 1919 1795 1961 και

219 1979 464 2033 Σαννυρίων
495 1978 538 2018 ἐν
571 1978 726 2043 Δανάῃ
785 1973 895 2019 ουτοι
932 1978 1007 2032 γὰρ
1044 1976 1323 2031 προϊστάμενοι
1360 1979 1429 2030 τῆς
1468 1978 1661 2030 δημοσίας
1700 1993 1792 2029 τρα-

215 2035 335 2088 πέζης
381 2035 468 2076 τὸν
511 2033 700 2087 μισθὸν
747 2041 842 2075 τῶν
885 2036 1133 2102 κωμῳδων
1183 2034 1423 2088 ἐμείωσαν
1465 2033 1792 2090 κωμῳδηθέντες.

215 2095 346 2135 verbis
378 2099 448 2146 τῆς
479 2093 671 2145 δημοσίας
704 2091 895 2145 τραπέζης
925 2095 1122 2134 aerarium
1159 2095 1365 2146 publicum
1403 2094 1620 2145 significari
1657 2093 1795 2134 docuit

215 2152 459 2191 Frihzschius
489 2152 589 2190 Ran.
622 2165 658 2202 p.
693 2152 786 2190 194.
820 2152 869 2190 do
899 2153 1080 2191 mercede
1122 2152 1363 2191 comicorum
1403 2151 1453 2190 ab
1494 2151 1696 2202 Agyrrhio
1734 2150 1793 2190 in-

217 2210 373 2248 minuta
402 2210 453 2249 cf.
484 2209 586 2247 Ran.
619 2210 701 2251 367
733 2210 775 2247 ct
805 2208 943 2248 Cobet.
978 2208 1075 2248 Obs.
1107 2209 1195 2248 crit.
1226 2209 1293 2247 48.
1327 2210 1364 2247 9.

889 2333 1130 2366 ΣΟΦΙΣΤΑΙ

332 2426 519 2465 Fortasse
551 2426 694 2465 similis
726 2426 804 2464 fuit
833 2425 1044 2476 Eupolidis
1075 2425 1358 2465 Adulatorum.
1390 2426 1495 2464 certe
1525 2425 1793 2474 sophistarum

217 2496 363 2522 nomen
394 2483 513 2522 latius
545 2483 819 2533 accipiendum
850 2483 1023 2521 videtur.
1055 2483 1104 2521 cf.
1138 2483 1187 2521 fr.
1226 2483 1305 2521 140
1334 2484 1375 2521 et
1406 2481 1557 2521 Cratin.
1592 2482 1633 2519 2.
1664 2482 1792 2520 actam

218 2553 305 2579 esse
335 2542 427 2590 post
457 2539 519 2580 Ol.
554 2541 620 2592 92,
653 2541 676 2578 2
709 2539 886 2580 Cobetus
918 2539 1014 2579 Obs.
1047 2539 1135 2581 crit.
1172 2541 1249 2579 186
1281 2539 1448 2590 conligit
1478 2552 1524 2577 ex
1553 2538 1604 2577 fr.
1640 2538 1733 2576 141.

971 2649 1053 2692 134

878 2730 1106 2784 Ξενοκλῆς
1136 2726 1160 2771 ὁ
1191 2725 1582 2783 δωδεκαμήχανος,

425 2798 448 2840 ὁ
482 2776 717 2852 Καρκίνου
748 2805 852 2848 παῖς
880 2798 963 2840 τοῦ
992 2798 1242 2840 θαλαττίου

337 2882 466 2921 Schol.
501 2882 707 2932 Aristoph.
730 2882 821 2921 Pac.
846 2882 926 2921 792
949 2879 1150 2932 Ξενοκλῆς
1181 2875 1203 2919 ὁ
1238 2878 1443 2932 Καρκίνου
1474 2878 1587 2918 δοκεῖ
1611 2877 1791 2931 μηχανὰς
