1872 3224
639 197 861 233 ΕΙΑΩΤΕΣ
915 202 1156 238 ΚΟΛΑΚΕΣ
1593 210 1679 253 297

5 314 7 336 z
68 298 202 347 ,mine
230 299 386 339 factum
417 314 503 341 esse
537 303 729 347 videtur’.
761 306 811 344 ad
851 307 1063 357 parabasin
1107 313 1212 350 certe
1250 312 1347 353 haec
1382 317 1558 355 carmina
1597 330 1676 357 non

8 385 9 390 1
43 357 367 412 jfpertinebant.

302 529 306 532 q
791 476 871 519 146
902 495 935 519 a.
968 482 993 520 b

297 552 435 595 ἔνδον
465 552 550 608 μέν
583 553 680 598 ἐστι
711 558 1021 613 Πρωταγόρας
1052 558 1075 602 ὁ
1113 561 1241 616 Τήιος

746 659 766 681 *
882 627 902 650 ,Β
1020 661 1039 683 *

297 689 348 742 ὃς
378 689 697 746 ἄλαζονεύεται
728 694 812 750 μὲν
844 692 1074 752 ἁλιτήριος

298 761 403 818 περὶ
434 764 529 805 τῶν
558 761 817 821 μετεώρων,
849 762 903 807 τοὶ
935 764 986 809 δὲ
1016 769 1223 822 χαμᾶθεν
1253 769 1412 814 ἐσθίει.

35 893 38 896 ·
202 882 239 909 v.
274 870 296 907 1
329 869 531 921 Diogenes
569 870 705 941 Laeft.
747 873 791 921 9,
836 872 891 913 50
928 871 1219 926 Πρωταγόρας,
1257 872 1512 942 Ἀβδηρίτης,
1551 878 1663 918 καθά

88 936 216 978 φησιν
239 922 537 995 Ἡρακλείδης.
599 925 687 977 ,ὥς
716 925 757 967 δ’
791 927 971 978 Εὔπολις
1003 929 1047 970 ἐν
1079 930 1237 981 Κόλαξι,
1276 929 1417 986 Τήιος·
1449 935 1548 988 φησὶ
1577 936 1650 989 γάρ

0 983 22 1045 'j
90 982 234 1024 ἔνδοθι
256 1007 307 1012 -
335 979 466 1036 Τήιος.
497 987 579 1028 κτλ.
639 1001 678 1027 v.
702 988 740 1026 2.
768 989 792 1026 3
814 988 1053 1028 Eustathius
1078 990 1200 1035 1547,
1225 992 1278 1030 53
1300 993 1387 1032 sine
1418 994 1576 1034 fabulae
1607 1009 1675 1035 no·

0 1050 41 1095 =J
90 1043 212 1083 mine.
245 1043 295 1082 cf.
331 1043 564 1083 Athenaeus
598 1045 635 1093 5,
661 1045 786 1084 2180.
821 1047 997 1086 Achilles
1031 1047 1120 1086 Tat.
1155 1049 1259 1100 Isag.
1290 1063 1332 1100 p.
1367 1051 1445 1090 121
1480 1049 1546 1104 (ex
1584 1053 1672 1092 Ari-

0 1117 11 1147 ς
86 1100 301 1151 stophane)
335 1097 378 1148 ὃς
410 1096 574 1153 τάφανῆ
603 1101 775 1157 μεριμνᾷ
806 1101 852 1142 τὰ
883 1101 928 1142 δὲ
959 1106 1146 1155 χαμᾶθεν
1185 1103 1326 1145 ἐσθίει.
1367 1109 1416 1147 cf.
1448 1109 1620 1148 Meinek.
1652 1110 1671 1148 Ι

0 1160 17 1218 f
91 1159 185 1198 118.
249 1161 286 1198 1.
319 1156 441 1198 ἔνδον
462 1157 609 1213 Cobet]
642 1144 797 1210 ἔνὸοθι,
829 1162 936 1212 quod
968 1163 1130 1202 comicis
1160 1164 1356 1214 ignotum.
1389 1162 1585 1217 ἁλιτήριος
1620 1190 1670 1195 -

0 1220 13 1259 {7
86 1214 272 1268 χαμᾶθεν
301 1217 507 1256 Porsonus
539 1218 645 1257 Adv.
681 1216 754 1270 75]
785 1214 981 1270 ἀλιτήριος
1006 1242 1061 1248 —-
1090 1220 1319 1271 χθαμᾶθεν.
1353 1224 1559 1263 coniunxit
1589 1238 1675 1264 ver-

6 1272 17 1297 .·
89 1287 179 1314 sum
213 1276 232 1312 1
277 1287 367 1314 cum
411 1275 580 1325 leliquis
613 1271 831 1325 Porsonus,
882 1277 1142 1317 dissentiente
1181 1279 1396 1330 Toeppelio
1442 1295 1480 1331 p.
1516 1283 1582 1320 39.
1624 1283 1672 1320 cf.

85 1331 282 1372 Fritzsch.
311 1333 412 1372 ibid.
445 1347 483 1384 p.
510 1334 577 1372 70.
612 1334 750 1373 ordine
770 1307 964 1384 peipetuo
986 1349 1067 1374 non
1097 1336 1284 1376 videntur
1305 1339 1514 1388 compositi
1538 1339 1673 1387 fuisse,

86 1391 130 1429 at
161 1403 208 1429 ex
238 1390 382 1430 eadem
413 1391 563 1438 fabula,
597 1391 767 1431 fortasse
797 1405 845 1431 ex
876 1393 1015 1431 eadem
1045 1393 1202 1432 fabulae
1223 1396 1337 1444 parte
1359 1399 1565 1446 excerptos
1588 1410 1672 1436 esse

85 1447 267 1498 adparet.
331 1461 424 1487 nam
472 1461 697 1499 pronomen
743 1445 788 1496 ὃς
837 1450 886 1488 ad
926 1450 1189 1501 Protagoram
1228 1453 1428 1502 pertinere
1473 1454 1674 1493 Eustathii

86 1506 318 1546 testimonio
359 1508 535 1545 constat.
584 1503 797 1557 ἐμφαίνειν
842 1504 1017 1554 Εὔπολις
1054 1505 1204 1560 λέγεται
1242 1506 1312 1547 τὸν
1348 1507 1525 1559 φυσικὸν
1563 1510 1676 1562 Πρω-

87 1560 262 1615 ταγόραν
302 1562 581 1618 διακωμῳὸαῖν
618 1561 661 1602 ἐν
702 1569 756 1617 τῷ
792 1560 837 1611 ὃς
870 1587 923 1594 -
955 1561 1094 1607 ἐσθίει.
1134 1579 1230 1605 voce
1269 1563 1470 1618 ἀλιτήριος
1510 1568 1676 1618 Eupolis

86 1621 281 1661 nefariam
312 1621 559 1691 Protagorae
591 1622 640 1661 de
672 1604 756 1662 deis
788 1622 1010 1662 doctrinam
1033 1624 1323 1687 reprehendere
1355 1625 1525 1666 videtur.
1559 1626 1675 1685 Diog.

88 1678 147 1743 L,
166 1679 203 1727 9,
236 1679 289 1717 51
322 1676 413 1730 περι
441 1675 516 1730 μὲν
548 1678 656 1718 θεῶν
688 1674 761 1718 οὐκ
801 1677 875 1731 ἔχω
908 1677 1080 1730 εἰδέναι,
1112 1672 1211 1719 ου”θ
1255 1696 1310 1728 ως
1348 1680 1451 1721 εἰσὶν
1488 1678 1583 1721 οὔθ’
1623 1678 1676 1729 ὥς

89 1729 164 1775 οὐκ
195 1734 310 1775 εἰσίν.
366 1733 598 1776 Meinekius
631 1738 728 1776 haec
759 1738 934 1787 aliquem
964 1739 1075 1788 loqui
1106 1739 1268 1786 statuit,
1302 1741 1369 1789 qui
1401 1740 1495 1778 dum
1527 1739 1672 1779 Callias

89 1807 180 1833 cum
211 1794 491 1833 adulatoribus
523 1798 565 1833 et
595 1795 739 1834 scoitis
771 1795 881 1834 intus
913 1796 1125 1845 epulentur
1156 1796 1259 1835 f01as
1291 1797 1457 1845 prodeat
1496 1799 1536 1835 et
1579 1798 1674 1847 quid

88 1851 237 1891 Gallias
279 1864 367 1891 cum
410 1852 528 1891 sociis
569 1854 665 1903 agat
711 1854 860 1891 nairet.
931 1853 1048 1892 Teius
1086 1853 1231 1891 dicitur
1275 1854 1539 1904 Protagoras,
1584 1854 1676 1904 quia

89 1908 254 1964 Abdera
285 1909 442 1948 colonia
473 1911 537 1949 est
567 1909 766 1951 Teiorum.
799 1910 848 1948 cf.
882 1910 1090 1959 Aristoph.
1123 1910 1226 1949 Nub.
1252 1912 1347 1950 333.
1379 1911 1475 1950 360.
1508 1911 1557 1949 fr.
1578 1912 1672 1959 672,

89 1979 138 2005 ex
169 1966 329 2006 Achille
363 1966 482 2005 Tatio
514 1969 756 2016 excerptum.

293 2159 444 2200 πίνειν
474 2157 565 2212 γάρ
598 2155 740 2200 αὐτὸν
773 2155 1079 2213 Πρωταγόρας
1111 2155 1303 2213 ἐκέλευ’,
1335 2158 1412 2200 ἵνα

295 2226 384 2281 πρὸ
416 2230 499 2269 τοῦ
531 2226 672 2276 κυνὸς
702 2224 783 2269 τὸν
815 2223 1041 2280 πνεύμον’
1073 2227 1324 2269 ἔκκλυστον
1355 2229 1490 2283 φορῇ.

201 2321 573 2362 Plutarchus'Mor.
607 2323 728 2361 699a
758 2318 945 2360 Εὔπολιν
979 2317 1055 2372 μὲν
1084 2319 1180 2374 γάρ,
1212 2321 1248 2360 εἰ
1275 2318 1429 2373 βούλει,
1470 2316 1592 2373 πάρες
1626 2319 1670 2359 ἐν

85 2377 262 2428 Κόλαξιν
291 2377 473 2418 εἰπόντα·
516 2378 651 2419 πίνειν
681 2381 763 2418 κτλ.
826 2379 1058 2418 Athenaeus
1093 2381 1136 2426 1,
1172 2379 1260 2417 22f
1293 2376 1476 2425 Εὔπολίς
1516 2391 1555 2416 τε
1596 2376 1667 2417 τὸν

84 2436 265 2476 Καλλίαν
295 2435 421 2487 φησὶν
451 2433 752 2489 ἀναγκάζεσθαι
781 2433 864 2475 ὑπὸ
896 2433 1166 2488 Πρωταγόρου
1196 2435 1348 2485 πίνειν,
1382 2434 1449 2474 ἵνα
1478 2436 1561 2473 κτλ.
1616 2436 1665 2474 of.

85 2495 311 2535 Macrobius
359 2495 521 2535 Saturn.
570 2497 614 2542 7,
660 2496 724 2534 15.
770 2495 1009 2534 Plutarchus
1050 2494 1148 2535 Mor
1192 2493 1334 2533 1047d
1372 2498 1454 2531 τῶν
1491 2497 1671 2543 ποιητων

86 2548 329 2604 Ευριπίδην,
358 2549 557 2604 Αλκαῖον,
589 2549 784 2601 Εὔπολιν,
812 2547 1124 2602 Ἐρατοσθὲιην,
1155 2547 1340 2603 λέγοντας
1380 2547 1439 2588 ότι
1469 2548 1512 2589 τὸ
1544 2548 1672 2588 ποτὸν

85 2607 153 2648 διὰ
184 2608 254 2648 τοῦ
283 2622 359 2649 πνε
342 2608 512 2660 εύμονος
544 2607 743 2658 διέξεισιν.
810 2612 843 2648 l
876 2604 1002 2647 αὐτὸν
1041 2608 1206 2647 Grotius
1244 2607 1338 2649 Exc.
1372 2605 1474 2660 501]
1506 2602 1526 2646 ὁ
1558 2607 1668 2646 Plut.

86 2668 126 2707 2.
158 2664 375 2706 ἔκκλυστον
404 2664 606 2720 Reiskius]
639 2665 806 2719 ἔκλυρον
835 2667 943 2706 Plut.
974 2663 1139 2704 ἔκλυτον
1159 2664 1304 2704 Athen.
1326 2662 1521 2703 ἔκπλυτον
1541 2665 1670 2704 Fritz-

85 2725 218 2764 sebius
249 2726 354 2775 apud
385 2725 576 2776 'PoeppeL
598 2739 636 2776 p.
659 2726 725 2764 72.
758 2725 809 2764 cf.
830 2724 969 2763 Alcaei
994 2724 1068 2774 lyr.
1091 2724 1138 2763 fr.
1163 2723 1214 2761 39
1244 2722 1389 2773 Bergk.
1420 2722 1469 2760 ad
1501 2722 1670 2761 eandem

85 2794 269 2821 scaenam
302 2783 460 2822 videtur
489 2784 692 2834 pertinere
714 2796 804 2821 oum
835 2782 883 2821 fr.
919 2782 1015 2820 146.
1051 2781 1142 2820 148.
1174 2755 1346 2819 scilicete
1358 2779 1595 2829 Protagoras
1627 2780 1668 2817 in

86 2839 270 2879 convivio
291 2839 441 2879 Calliae
463 2840 789 2891 symposiarchus
811 2842 908 2878 erat.
941 2834 1132 2888 πνεύμων
1160 2850 1211 2876 an
1232 2834 1421 2887 πλεύμων
1441 2837 1671 2875 Atticorum

87 2897 369 2935 consuetudini
401 2898 613 2937 conveniat
654 2897 899 2936 dissentiunt
935 2895 1199 2947 grammatici.
1239 2895 1289 2933 cf.
1320 2894 1454 2944 Etym.
1475 2898 1542 2932 ‘m.
1576 2893 1670 2941 677,

292 3044 303 3067 Ι
