1872 3224
229 209 307 251 166
824 193 1192 232 ΦΕΡΕΚΡΑΤΟΤΣ

224 309 390 353 forssasse
427 307 516 348 άλεϊ
554 300 825 352 scribendum,
867 303 913 340 ut
952 300 1079 348 senis,
1127 297 1304 337 eiusdem
1344 296 1390 333 ut
1429 293 1590 334 videtur
1624 292 1712 344 quir
1738 291 1790 340 fr.
1830 323 1832 327 ,

225 373 276 410 73
312 368 507 419 loquitur,
546 362 799 403 manducatio
838 358 1014 398 difficilis
1053 359 1093 396 et
1127 355 1298 394 molesta
1335 351 1600 404 significetur.
1659 343 1797 403 ἆνὴρζ

222 423 377 480 γέρων
403 424 410 474 1
435 419 706 466 ἆνόδοντος
736 413 859 457 άλεῖ.
891 416 939 455 of.
975 414 1137 454 omnino
1169 413 1218 452 fr.
1251 410 1318 450 82.

980 548 1035 592 75

486 630 749 690 ἀτράφαξυν
779 627 955 684 ἕψονσ’,
988 624 1069 671 εἶτ’
1102 623 1236 678 ὀκλὰξ
1269 623 1505 680 καθημένη
1528 647 1585 656 -

334 719 503 759 Bekker.
534 715 684 756 Anecd.
715 715 809 763 345,
835 714 887 752 10
915 709 1174 763 άδράφαξυς·
1208 707 1252 748 τὸ
1281 704 1472 760 λάχανον,
1501 700 1601 759 ὅπερ
1630 703 1673 746 οἱ
1695 705 1794 746 πολὲ
1827 734 1829 737 .
1855 710 1858 711 ’

223 777 280 818 λοὶ
309 773 573 828 ἆνδράφαξυν
608 774 785 811 καλοῦσι.
847 767 1084 822 Κοριάννοις
1122 764 1372 819 Φερεκράτης
1412 766 1495 805 κτλ.
1554 759 1796 816 άτροῖφαξυν
1855 778 1858 779 ’

223 831 416 885 Meinek.]
453 828 729 883 άνδράφαξυν.
788 829 839 868 cf.
871 840 969 877 quae
1009 826 1058 865 ad
1091 824 1306 875 Aristoph.
1346 824 1422 874 Eq.
1463 823 1547 863 630
1585 819 1793 871 adnotssvi.

224 887 366 941 ἓ’ψουσ’
399 885 586 940 Meinek.]
620 881 782 935 ἓψοῦσ’.
842 878 912 923 εἶτ’
946 880 1066 931 ὀκλάξ
1097 877 1318 933 Bekkerus]
1351 873 1435 919 εἶτα
1465 875 1487 918 ὁ
1516 875 1630 931 βλὰξ.
1673 872 1795 927 ὀκλάξ

225 949 329 999 apud
359 947 527 988 comicos
557 944 673 983 hodie
704 943 799 981 alibi
829 954 909 981 non
938 941 1098 991 legitur.
1156 940 1354 979 formatur
1373 938 1423 977 ab
1443 931 1635 984 ὀκλάζειν.
1678 929 1794 974 ὀκλα-

1864 954 1872 970 ,Λ
1865 918 1872 928 1
1859 828 1872 892 ‘th-2⁴

226 1004 315 1052 δίας
345 1003 546 1053 Aristoph.
578 1002 651 1051 Eq.
685 1000 806 1039 1384.
838 999 887 1038 cf.
920 998 1133 1037 Herodian.
1165 997 1185 1035 I
1216 996 1312 1045 510,
1353 996 1392 1035 5.
1423 994 1466 1034 II
1497 994 1578 1034 173
1618 992 1710 1033 adn.
1739 991 1794 1031 nd
1869 1016 1872 1021 ,

229 1063 279 1103 fr.
311 1062 376 1100 22.
410 1061 503 1108 931,
536 1060 591 1098 20
619 1059 755 1098 Lentz.
787 1050 950 1108 ἐπιβλύξ
980 1055 1161 1094 Pherecr,
1197 1054 1291 1102 130,
1323 1053 1362 1095 4.

985 1178 1040 1220 76

495 1257 714 1315 κατάχεον
745 1255 881 1314 αὐτῆς
910 1256 1220 1314 κάνύδρευσαι
1250 1254 1332 1299 τὸν
1363 1254 1520 1298 κάδον.

339 1345 508 1383 Bekker.
539 1343 690 1383 Anecd.
721 1342 824 1390 411,
859 1343 911 1381 32
954 1343 995 1380 et
1035 1341 1177 1380 Suidas
1215 1335 1566 1392 άνυδρεύσασθαι·
1603 1332 1800 1388 ἀντλῆσαι

229 1399 339 1454 ὕδωρ
371 1432 379 1440 .
403 1430 412 1439 .
436 1431 445 1440 .
493 1402 713 1452 Κοριαννοῖ
743 1393 1012 1451 Φερεκράτηςτ
1043 1393 1252 1452 κατάχεον]
1286 1393 1474 1448 κατέχεον
1505 1394 1617 1436 Suid.
1653 1389 1797 1447 αὐτῆς]

229 1455 377 1509 καῦτῆς
408 1458 515 1497 Suid.
547 1458 597 1497 ef.
629 1456 824 1496 Xenarch.
858 1458 896 1505 7,
932 1458 995 1496 16.
1028 1455 1229 1506 Anaxipp.
1262 1455 1302 1503 8,
1333 1455 1372 1494 3.
1424 1452 1627 1494 sententia
1655 1451 1797 1494 verbo-

230 1529 318 1554 rum
345 1516 387 1554 in
416 1517 526 1554 tanta
556 1514 771 1565 fragmenti
801 1514 999 1553 brevitate
1028 1526 1110 1552 non
1141 1513 1238 1552 satis
1267 1511 1521 1563 perspicitur.
1738 1513 1742 1516 “

989 1624 1041 1666 77

489 1704 671 1755 πάντως
700 1702 786 1759 γάρ
819 1703 905 1746 εἰσι
935 1705 1026 1746 τῶν
1056 1706 1206 1760 φίλων
1237 1702 1339 1754 ἑνός
1367 1703 1421 1758 γέ
1447 1717 1544 1746 του.

342 1789 507 1828 Photius
528 1789 568 1827 et
589 1787 729 1827 Suidas
760 1791 849 1827 τοῦ·
875 1815 884 1825 .
909 1815 917 1824 .
942 1818 949 1826 .
974 1784 1037 1826 ἐπὶ
1056 1782 1271 1839 άρρενικοῦ
1294 1788 1517 1839 Κοριαννοῖ
1534 1780 1801 1839 Φερεκράτης.

989 1899 1043 1942 78

400 1979 485 2027 πᾶς
514 1977 554 2020 δ’
587 1975 704 2034 ἁνήρ
734 1980 888 2022 ἔσαττε
918 1981 1074 2034 τεῦχος
1102 1977 1131 2034 ἢ
1162 1976 1284 2022 κόικ’
1316 1977 1345 2035 ἢ
1376 1977 1630 2033 κωρύκους.

343 2061 484 2099 Pollux
517 2062 580 2110 10,
614 2062 692 2100 179
725 2060 786 2113 εἴη
817 2059 859 2101 δ’
892 2059 945 2101 ἂν
973 2060 1041 2101 καὶ
1070 2057 1155 2111 κόιξ
1186 2059 1231 2102 ἕν
1260 2077 1297 2101 τι
1328 2060 1408 2101 τῶν
1437 2055 1672 2115 πλεγμάτων
1702 2089 1711 2099 .
1745 2088 1757 2099 .
1789 2088 1799 2099 .

237 2113 291 2163 ὥς
321 2115 567 2169 Φερεκράτης
599 2119 821 2172 Κοριαννοῖ
845 2121 924 2159 κτλ.

669 2306 852 2365 ἄνδρες,
883 2307 1101 2365 πρόσχετε
1131 2307 1211 2354 τὸν
1241 2312 1359 2353 νοῦν

674 2376 939 2433 ε’ξευρήματι
970 2382 1128 2436 καινῷ,

673 2444 975 2500 συμπτύκτοις
1004 2445 1313 2497 ἀναπαίστοις.

313 2577 322 2592 Ι
348 2525 587 2576 Hephaesffio
626 2528 697 2578 15,
730 2528 782 2567 26
825 2525 866 2566 τὸ
912 2525 955 2567 ἐκ
998 2534 1080 2569 τῶν
1122 2527 1446 2576 άντισπαστικοὸν
1488 2529 1796 2580 καταληκτικοῖν

235 2580 424 2632 διμετρων
443 2579 737 2634 δικατάληκτον,
758 2581 780 2623 ὃ
800 2583 1049 2638 Φερεκράτης
1081 2583 1231 2635 ἕιεώσας
1263 2583 1521 2638 σύμπτυκτον
1548 2581 1800 2625 ἀνάπαιστον

236 2638 357 2705 καλεῐΙ
374 2634 417 2676 ἐν
445 2643 491 2692 τῇ
520 2641 739 2692 Κοριαννοῖ
759 2643 839 2680 κτλ.
874 2643 938 2691 10,
963 2645 986 2683 3
1009 2641 1278 2697 ἕφθημιμερὲς
1309 2642 1353 2684 δὲ
1380 2639 1730 2698 (άντισπαστικὸν)
1753 2639 1797 2682 τὸ

236 2695 479 2762 καλουμενον
515 2693 804 2749 Φερεκράτειον.
863 2696 1008 2751 ἄνδρες
1045 2703 1127 2742 κτλ.
1167 2701 1297 2744 Schol.
1335 2701 1543 2754 Arisizoph.
1574 2699 1681 2741 Nub.
1714 2700 1796 2740 563

236 2749 539 2819 αντισπαστικὸν
582 2753 762 2807 δίμετρον
796 2754 1102 2807 καταληκτικόν,
1147 2756 1190 2797 τὸ
1227 2755 1475 2810 καλούμενον
1511 2753 1800 2811 Φερεκράτειον

240 2805 529 2875 εφθημιμερές,
568 2806 605 2857 ἐξ
642 2808 835 2864 ἐπιτρίτου
872 2811 940 2853 καὶ
975 2813 1183 2866 βακχείου,
1231 2811 1286 2862 ὡς
1325 2814 1402 2868 ἔχει
1438 2813 1487 2854 τὰ
1523 2811 1803 2867 Φερεκράτους

237 2862 381 2916 ανδρες
410 2866 491 2905 κτλ.
528 2867 580 2907 cf.
612 2868 863 2910 Hermannus
898 2870 1034 2911 Doctr.
1064 2873 1181 2912 metr.
1215 2874 1309 2912 603.
1370 2873 1501 2913 Schol.
1532 2873 1647 2911 metr.
1683 2870 1802 2912 pind.
