1872 3224
181 245 206 285 6
670 232 911 267 ΧΙΩΝΙΔΟΤ
935 228 1141 263 ΑΔΗΑῼΝ
1169 226 1243 261 ΔΡ.

181 345 323 400 πράσα.
356 345 485 384 Schol.
507 342 627 380 Arist.
648 339 768 388 Vesp.
792 338 874 376 610
903 325 1032 385 φυστὴ
1056 332 1162 399 ’μᾶζα
1191 326 1217 381 ἡ
1240 327 1280 379 ἐξ
1310 324 1492 394 ἀλφίτων
1517 322 1586 365 καὶ
1605 321 1746 379 οἴνου.
1766 327 1772 365 ζ

181 401 426 453 ὀξυτόνως
448 397 516 449 δέ,
539 395 599 444 ὥς
621 390 1108 446 φησινἹ-Ιρωδιανος.
1140 389 1192 428 cf.
1212 386 1426 426 Herodian.
1450 384 1577 423 Lentz
1597 381 1619 422 I
1638 381 1737 432 344,

184 464 222 511 5,
240 463 276 500 7.
294 481 348 487 -
369 459 550 497 constans
574 456 635 493 est
655 452 832 492 confusio
853 449 1135 491 vocabulorum
1151 439 1346 499 δρυπετής
1369 445 1409 482 et
1424 437 1633 506 δρυπεπῄς
1653 437 1741 507 (ηοξ
1791 447 1793 449 ·

184 513 376 569 δρυπέτης
399 517 437 553 et
457 509 681 565 δρυπέπης,
712 509 760 549 cf.
783 508 907 547 Lehrs
929 505 1086 553 Quaest.
1109 517 1169 554 ep.
1195 500 1315 567 162),
1349 512 1519 552 quorum
1538 509 1672 550 prius,
1702 507 1740 538 αι’

183 571 489 613 Atheniensibus
519 569 710 608 usitatum
727 566 834 613 'fuit‚
867 565 990 604 olivas
1027 575 1122 613 prae
1152 561 1382 600 maturitate
1413 570 1462 597 ex
1496 555 1639 596 arbore
1672 553 1739 596 do·
1823 564 1827 572 ¹

182 633 320 681 lapsas,
353 629 523 667 alterum
553 626 676 665 olivas
696 625 739 663 in
768 623 908 662 arbore
938 621 1143 671 mitigatas
1175 616 1435 669 significabat.
1483 613 1618 654 Schol.
1649 611 1739 654 Ori·
1779 614 1801 650 ᾗ

182 689 264 727 bas.
302 686 341 725 ΙΙ
377 685 476 733 746,
519 685 541 722 6
580 681 782 734 δρυπεπεῖς
814 675 1066 732 (δρυπεπεῖς)
1094 673 1238 740 Ὶέλαίας
1276 671 1409 726 ἔλεγον
1447 668 1517 719 τὰς
1555 667 1621 710 ἐπὶ
1655 673 1740 711 τῶν
1799 703 1831 710 ⁴¹

183 741 356 793 δένδρων
375 736 684 790 πεπαινομένας·
717 740 1036 787 καταχρηστικῶς
1057 748 1131 786 γαρ
1160 731 1292 771 πάντα
1313 724 1359 770 τοὶ
1382 726 1530 782 δένδρα
1550 725 1621 768 καὶ
1640 723 1740 776 ξύλα

185 798 306 852 δρύας
329 796 507 840 ἐκάλουν.
544 798 592 836 cf.
616 795 765 835 Cratin.
792 795 885 834 165.
916 792 1102 832 Teleclid.
1125 792 1192 830 38.
1216 791 1313 829 312.
1346 786 1554 838 Aristoph.
1571 786 1621 826 fr.
1639 785 1738 825 141.

701 905 910 940 ΑΔΗΛῼΝ
935 902 1202 938 ΔΡΑΜΑΤῼΝ

940 983 966 1026 8

479 1056 631 1097 πυθοῦ
661 1051 849 1109 χελιδών
879 1050 1032 1108 πηνίκ’
1065 1049 1175 1094 ἅττα
1206 1051 1430 1106 φαίνεται.

296 1149 554 1200 Harpocratio
592 1145 708 1186 ἄττα·
750 1145 907 1198 ἐνιαχοῦ
945 1143 991 1185 δὲ
1035 1142 1220 1198 παρέλκει
1257 1136 1300 1183 τὸ
1336 1141 1448 1183 ἄττα.
1510 1141 1743 1184 Χιονίππου

186 1206 324 1246 πυθοῦ
360 1209 440 1245 κτλ.
485 1207 540 1244 ita
567 1206 768 1244 Bekkerus
798 1218 845 1244 ex
882 1204 1048 1243 Philem.
1089 1205 1155 1243 30.
1196 1201 1441 1250 Χιονίππου]
1474 1199 1658 1253 χιονίπου
1694 1200 1742 1254 Β,

187 1263 300 1315 χίωνί
315 1277 392 1301 που
412 1263 502 1311 AF,
533 1275 681 1313 χιωνιοι
709 1275 786 1300 που
809 1262 860 1303 Μ,
891 1259 1094 1300 Χιωνίδου
1117 1260 1296 1299 Sturzius
1325 1256 1386 1313 (in
1413 1259 1548 1311 Etym.
1580 1255 1654 1313 M.)
1693 1257 1744 1299 cf.

187 1321 366 1360 Eustath.
399 1321 496 1368 148,
526 1321 578 1358 46
603 1309 905 1369 Ἀριστοφάνης·
941 1313 1101 1368 πύθου,
1137 1310 1301 1368 χελιδών
1336 1312 1474 1368 πηνίκ’
1513 1313 1612 1354 ἅττα
1649 1312 1745 1366 φαί-

188 1389 303 1416 νεται.
352 1378 483 1427 Etym.
512 1390 565 1414 m.
597 1377 687 1425 167,
710 1377 762 1415 46
799 1369 818 1414 ὁ
848 1373 1063 1427 κωμικὸς
1094 1371 1138 1413 δὲ
1166 1372 1353 1426 χρονικὸν
1392 1370 1491 1413 αὐτὸ
1527 1369 1590 1428 (τὸ
1624 1363 1744 1428 ἅττα)

187 1431 483 1486 παραλαμβάνει
511 1431 649 1471 πύθου
679 1425 842 1484 χελιδὼν
871 1429 998 1483 τηνίκ’
1031 1430 1130 1471 ἅττα
1150 1431 1316 1484 γίνεται.
1348 1428 1463 1484 λέγει,
1485 1426 1621 1482 ὁπότε,
1642 1431 1744 1483 χελι-

189 1488 271 1529 δών
292 1489 450 1542 γίνεται.
482 1490 564 1529 sine
585 1491 753 1530 auctoris
767 1491 926 1530 nomine
944 1490 1076 1541 Schol.
1094 1490 1197 1529 Plat.
1217 1491 1313 1538 372,
1328 1490 1454 1529 altero
1474 1502 1591 1530 versu
1607 1487 1745 1528 addito
1819 1495 1825 1502 ·’
1849 1508 1851 1511 ·

510 1565 668 1619 ὁπηνίκ’
700 1564 800 1608 ἄτθ’
834 1566 946 1621 ὑμεῖς
977 1565 1134 1608 κοπιᾶτ’
1168 1565 1421 1621 ὀρχούμενοι,

190 1663 304 1700 quem
334 1650 463 1699 ipsum
494 1662 646 1699 quoque
677 1650 861 1689 Chionidi
891 1650 1036 1688 tribuit
1066 1650 1266 1700 Bergkius
1299 1647 1489 1703 (Meinek.
1522 1650 1562 1689 II
1598 1646 1745 1703 1181).
1794 1670 1807 1699 i
1867 1611 1872 1703 Ξ

191 1707 238 1745 cf.
271 1706 456 1745 miracula
485 1706 618 1745 Photii
648 1709 687 1745 et
715 1707 904 1758 Hesychii
933 1708 1073 1745 πυθοῦ
1103 1704 1316 1758 χελιδόνος.
1350 1707 1634 1758 Aristophanis
1655 1719 1746 1749 esse

190 1763 415 1801 Dindorfius
453 1763 666 1801 arbitratur
698 1763 840 1815 (Arist.
872 1764 1012 1815 fragm.
1045 1778 1083 1814 p.
1114 1764 1229 1815 206).
1269 1764 1320 1804 cf.
1351 1764 1476 1804 Arist.
1509 1765 1557 1807 fr.
1589 1766 1684 1805 601.
1719 1760 1769 1804 2'
1814 1786 1817 1789 ·
1860 1731 1871 1797 r>

190 1820 286 1858 huiu
306 1820 385 1858 sed.
402 1841 450 1846 —
473 1832 519 1858 ex
536 1819 859 1870 Harpocrationis
880 1821 1080 1861 codicibus
1101 1834 1182 1860 non
1202 1822 1349 1860 maiore
1371 1834 1492 1872 opera
1510 1821 1747 1871 Διωξίππου

190 1889 305 1926 quam
336 1875 536 1930 Χιωνίδου
567 1890 693 1916 eruas.
734 1878 800 1917 sed
833 1878 995 1917 omnino
1027 1879 1074 1917 de
1114 1879 1272 1918 nomine
1301 1880 1464 1930 proprio
1495 1879 1745 1920 restituendo

192 1933 341 1971 dubito.
401 1933 488 1983 quis
519 1933 626 1971 enim
665 1937 839 1984 praestet
868 1936 990 1975 verba
1020 1938 1163 1985 poetae
1194 1949 1275 1975 non
1306 1937 1363 1976 sic
1393 1937 1619 1988 antiquitus
1649 1937 1747 1978 scri—

190 1991 258 2039 pta
286 1990 405 2028 fuisse
427 1987 489 2041 (ἐν
517 1987 635 2043 μέσῳ)
668 1988 869 2044 χει(μ)ῶνί
903 2005 981 2030 που
1008 1991 1014 2046 Ι
1041 1992 1180 2031 πυθοῦ
1209 1990 1378 2044 χελιδών
1406 1995 1487 2032 κτλ.
1523 2015 1574 2023 —-
1607 1983 1746 2036 vorsus

192 2046 290 2084 alter
326 2047 381 2084 ita
410 2047 489 2084 fere
527 2047 845 2098 interpretandus
883 2049 1061 2089 videtur:
1101 2048 1297 2101 θαυμάζω
1335 2046 1375 2089 δ’
1410 2048 1511 2104 ἐγώ,
1540 2050 1546 2105 Ι
1580 2047 1745 2103 ὁπηνίκ’

192 2098 291 2139 ἄτθ’
323 2098 434 2152 ὑμεῖς
465 2105 543 2140 κτλ.

305 2160 424 2197 verba
459 2162 596 2198 πυθοῦ
634 2159 799 2211 χελιδών
836 2159 970 2213 πηνίκ’
1013 2162 1112 2202 ὀίττα
1151 2163 1338 2214 φαίνεται
1377 2166 1483 2205 idem
1521 2166 1748 2217 significare

194 2215 378 2253 videntur
413 2229 456 2254 ac
492 2219 630 2256 πυθοῦ
670 2217 792 2267 πηνίκ
821 2217 918 2257 ἄττα
948 2213 1114 2271 χελιδών
1144 2221 1339 2270 φαίνεται.
1386 2223 1582 2274 adponam
1614 2226 1748 2264 tamen

195 2271 387 2321 insignem
409 2273 461 2310 M.
484 2273 647 2324 Hauptii
677 2275 972 2316 adnotationem
1004 2290 1051 2316 ex
1080 2278 1215 2318 Herm.
1244 2278 1279 2316 V
1304 2281 1398 2319 190.
1423 2281 1619 2327 ‘hirundo
1641 2280 1748 2320 haud

197 2328 313 2365 dubie
342 2329 603 2380 intellegenda
633 2333 693 2370 est
721 2329 764 2370 in
793 2346 910 2372 versu
940 2334 1009 2373 illo
1039 2336 1123 2375 sive
1144 2336 1424 2387 Aristophanis
1456 2339 1554 2387 sive,
1588 2338 1637 2377 de
1667 2350 1748 2390 quo

197 2384 303 2432 prior
324 2384 479 2424 Osanno
502 2386 675 2427 Sturzius
706 2390 907 2440 cogitavit,
943 2390 1146 2432 Chionidis
1175 2394 1313 2432 πυθοῦ
1341 2387 1508 2444 χελιδών
1535 2396 1617 2434 κτλ.
1647 2407 1746 2447 quo-

198 2452 284 2502 cum
314 2441 536 2499 Dindorfius
573 2447 677 2484 recte
716 2449 958 2496 comparavit
984 2448 1143 2487 initium
1175 2450 1683 2502 Thesmophoriazusarum
1713 2445 1750 2491 ὦ

199 2497 297 2559 Ζεῦ,
314 2496 483 2561 ,χελιδών
501 2495 577 2550 ἀρά
597 2514 688 2540 ποτε
719 2502 957 2554 φανήσεται,
989 2518 1069 2544 non
1099 2507 1224 2556 probo
1255 2511 1389 2548 autem
1409 2509 1518 2560 quod
1537 2509 1749 2550 Dobraeus

197 2565 238 2616 in
276 2553 408 2591 K1dd11
441 2555 551 2594 Misc.
589 2558 752 2598 Porson.
790 2561 869 2598 383
908 2563 1157 2602 scribendum
1201 2566 1371 2605 coniecit
1413 2566 1554 2605 πυθοῦ
1592 2564 1747 2618 χελιδῶ.

197 2621 391 2675 1111ωοῖοΧ
419 2614 556 2674 πυθοῦ
584 2611 778 2663 χελιδόνος·
800 2619 917 2665 poeta
945 2621 1113 2659 comicus
1142 2621 1257 2661 finxit
1284 2623 1578 2663 nominativum
1605 2626 1749 2663 πυθοῦ

198 2663 383 2729 χελιδων..
413 2667 511 2730 ⁸dicit
544 2673 673 2709 autem
703 2672 795 2720 hoc,
835 2676 990 2721 quando
1027 2678 1124 2716 illud
1151 2679 1290 2717 πυθοῦ
1320 2675 1522 2730 χελιδόνος
1553 2682 1748 2731 adpamet?

198 2721 239 2785 id
268 2724 328 2760 est
347 2722 424 2786 dlci
452 2726 599 2787 poterit
628 2728 841 2777 adparente
873 2732 973 2771 veris
1008 2734 1147 2773 nuntio
1176 2735 1400 2776 hirundine.
1450 2738 1523 2778 sub
1543 2752 1623 2789 qua
1642 2739 1749 2778 face-

199 2779 310 2841 tiore·
328 2782 514 2819 oratlonls
545 2782 668 2822 forma
697 2788 893 2826 sententia
923 2789 1058 2828 subest
1087 2803 1167 2830 non
1200 2793 1276 2831 alia
1295 2807 1415 2844 quam
1444 2808 1545 2845 quae
1575 2798 1637 2836 est
1663 2808 1749 2836 ver-

201 2835 314 2899 sic'uh
350 2835 846 2902 Thlesmophoriazusarum.
898 2845 953 2884 sic
990 2845 1279 2899 βακχέβακχος’
1318 2847 1407 2902 (Ar.
1438 2852 1513 2903 Eq.
1545 2850 1647 2902 408)
1685 2853 1749 2892 ‘ex
1823 2871 1825 2873 ¹

202 2890 329 2941 Βακχε
359 2891 484 2943 Βακχε
514 2895 659 2935 factum
680 2900 749 2946 est,
783 2898 963 2952 ἰόβακχος
986 2917 1032 2942 ex
1052 2898 1096 2942 ἰώ
1120 2901 1267 2957 Βάκχε,
1298 2906 1450 2955 αἴλινος
1473 2922 1519 2948 ex
1539 2903 1586 2947 αἶ
1602 2908 1744 2950 Λίνε’.
