1872 3224
204 193 218 232 1
229 189 284 233 80
811 175 1176 214 ΦΕΡΕΚΡΑΤΟΤΣ

205 297 278 334 dus
300 295 360 334 est
380 292 550 337 Aeacus,
583 289 650 338 qui
681 286 832 327 civibus
863 283 1018 323 amissis
1039 283 1172 322 Iovem
1194 284 1353 331 patrem
1382 281 1570 331 precatur
1592 280 1649 319 ut
1668 278 1773 321 alios¹

204 353 289 405 Sibi*
309 352 375 389 det
402 359 559 399 quoquo
591 345 706 384 modo
738 346 902 383 creatos.
1692 358 1696 362 -

940 451 1021 494 119

541 537 642 591 ξένη
673 531 788 589 γυνὴ
819 534 963 588 γραῦς
994 529 1158 586 ἀρτίως
1188 528 1428 585 ἀφιγμένη.

313 622 482 661 Bekker.
514 619 660 659 Anecd.
691 619 788 667 448,
822 619 845 655 6
877 619 919 655 et
951 615 1093 654 Suidas
1123 608 1290 666 άρτίως·
1323 610 1493 662 τελείως,
1523 606 1670 664 ὑγιῶς.
1723 606 1773 651 οὗ

203 679 324 732 μόνον
354 677 397 717 δὲ
426 674 514 729 ἄρτι
544 674 585 714 τὸ
615 672 690 726 πρὸ
729 671 875 725 ὀλίγου.
934 669 1185 724 Φερεκράτης
1226 667 1648 722 Μυρμηκανθρώποις
1686 669 1772 712 κτλ.
1863 676 1872 723 3

205 739 236 777 si
267 750 360 776 vera
390 737 481 775 sunt
519 746 619 784 quae
658 733 705 771 de
744 732 979 782 argumento
1019 730 1178 768 fabulae
1217 727 1318 776 dixi,
1359 727 1517 779 Pyrrha
1553 725 1774 779 significari
1820 747 1829 754 -
1867 733 1872 740 “

204 795 372 843 videtur,
405 793 537 832 nescio
567 803 645 841 quo
675 802 766 830 casu
797 802 886 828 cum
918 787 1159 826 Deucalione
1190 785 1388 836 Aeginam
1420 785 1564 827 delata.

947 898 1028 940 120

236 980 446 1041 μηδέποτ’
481 981 639 1038 ἰχθύν,
672 997 706 1023 ω
738 979 1032 1033 Δευκαλίων,
1063 973 1170 1032 μηδ’
1203 975 1263 1033 ἢν
1292 976 1403 1019 αἰτω
1435 979 1650 1034 παραθῇς
1677 988 1770 1034 μοι.

319 1067 546 1106 Athenaeus
567 1067 604 1114 8,
629 1065 739 1103 335a
769 1058 869 1102 κατὰ
900 1059 991 1109 τοὺς
1022 1058 1300 1127 Φερεκράτους
1324 1057 1777 1127 Μυρμηκανθρώπους

208 1125 440 1165 Eustathius
483 1124 610 1170 1720,
650 1123 714 1160 46.
774 1117 826 1171 ἢν
863 1119 1003 1170 Dind.]
1043 1113 1106 1157 ὂὶν.
1166 1119 1298 1158 taedio
1336 1119 1471 1158 nescio
1508 1118 1598 1169 quis
1635 1117 1796 1170 captus:

210 1183 535 1231 consumptorum
565 1182 647 1218 tam
678 1179 745 1217 diu
775 1179 942 1228 piscium
975 1176 1257 1216 Deucalionem
1289 1177 1473 1215 obsecrat
1501 1189 1553 1215 ne
1582 1188 1775 1226 umquam

208 1240 374 1290 posthac
403 1238 529 1287 pisces
560 1237 637 1275 sibi
667 1236 854 1286 adponat.
914 1235 1084 1284 pessime
1105 1234 1275 1273 Bothius
1297 1234 1583 1273 Deucalionem
1613 1245 1776 1273 servum

210 1309 294 1335 esse
325 1295 573 1345 opinabatur,
606 1294 752 1343 quippe
783 1293 851 1343 qui
881 1305 1098 1342 numquam
1130 1291 1202 1330 tali
1233 1291 1393 1330 nomine
1424 1293 1632 1331 vocentur.

592 1477 681 1540 ἆρα
711 1480 958 1540 προθύμως
1017 1502 1036 1526 *
1096 1500 1119 1526 *
1177 1500 1199 1525 20<
1258 1499 1280 1525 *

595 1550 669 1594 καὶ
699 1553 775 1607 τῆς
805 1549 975 1608 ὀροφῆς
1004 1549 1085 1594 τὸν
1116 1553 1231 1607 χοῦν
1259 1548 1392 1607 ἡμῶν

596 1618 707 1663 κατὰ
737 1615 817 1676 τῆς
843 1623 1044 1676 κεφαλῆς
1073 1620 1413 1676 καταμήσονται

598 1688 949 1744 λαγαριζόμενοι.

327 1773 455 1812 Schol.
477 1773 681 1822 Aristoph.
705 1772 823 1823 Vesp
849 1775 930 1813 674
958 1770 999 1811 τὸ
1028 1769 1071 1811 δὲ
1101 1770 1398 1825 λαγαρύζεσθαι
1427 1769 1563 1825 ἕτερόν
1593 1785 1629 1811 τι
1658 1768 1788 1812 ἔοικεν

217 1828 437 1881 ἐμφαίνειν,
479 1827 725 1899 Φερεκράτης
756 1828 1174 1901 Μυρμηκανθρώποις
1201 1826 1292 1869 άντι
1312 1835 1383 1869 τοῦ
1405 1827 1632 1869 σιὸαλεύειν
1652 1824 1785 1882 (σκαλ.

216 1886 355 1938 Mein.)
385 1884 477 1938 ἄρα
507 1884 621 1924 ποθ’
656 1883 798 1950 ὑμεῖς
829 1886 909 1927 καὶ
939 1892 1023 1939 τῆς
1055 1883 1244 1939 ὀροφῆς
1276 1885 1362 1927 τὸν
1390 1891 1516 1938 χουν
1545 1883 1668 1927 κατὰ
1699 1890 1785 1938 τῆς

215 1945 432 2009 κεφαλῆς
468 1954 927 1995 κατακοιμησονται
957 1940 1339 2013 λαγυριζόμενοι
1371 1944 1512 1995 (verba
1536 1943 1784 1984 Pherecratis

215 2002 256 2039 in
287 2002 368 2041 solo
399 2001 435 2038 V
466 2002 652 2052 exstant).
683 2002 853 2052 Hesych.
886 2007 1002 2053 χοῦς·
1039 2016 1106 2041 και
1148 2000 1192 2040 τὸ
1224 1999 1537 2053 ἐπιβαλλόμενον
1566 2005 1620 2056 τῷ
1650 1993 1785 2055 ὀρόφῳ

217 2062 338 2108 χῶμα.
372 2059 541 2108 Hesych.
573 2061 613 2097 et
641 2059 806 2097 Photius
827 2058 1147 2111 λαγαριζόμενοι·
1179 2057 1456 2106 σκαλεύοντες.
1487 2059 1610 2100 verba
1639 2060 1783 2126 poetae

218 2128 265 2153 ex
285 2115 472 2153 Meinekii
503 2116 774 2155 emendatione
804 2118 989 2167 praebui,
1020 2117 1099 2156 nisi
1129 2117 1235 2168 quod
1255 2130 1327 2183 pro
1348 2112 1467 2168 ὑμῶν
1487 2117 1630 2167 scripsi
1649 2110 1780 2168 ἡμῶν,

220 2172 324 2221 quod
354 2172 501 2221 pendet
529 2173 577 2210 ab
608 2177 676 2223 τῆς
708 2173 895 2224 κεφαλῆς.
945 2172 1272 2227 λαγαριζόμενοι
1262 2188 1342 2214 iam
1363 2174 1523 2214 Portus.
1573 2176 1784 2225 practerea

218 2229 353 2266 malim
383 2224 461 2266 ἀπὸ
494 2233 562 2279 τῆς
592 2225 738 2281 ὀροφῆς
769 2244 840 2280 pro
870 2229 937 2270 καὶ
967 2245 999 2271 τ.
1031 2228 1063 2270 6.
1096 2232 1146 2271 cf.
1171 2233 1266 2282 130,
1293 2233 1331 2271 7.
1391 2231 1670 2283 significantur
1699 2230 1786 2270 sinc

221 2285 339 2323 dubio
380 2285 566 2325 formicae
604 2287 757 2337 ingenti
793 2289 1049 2328 multitudine
1084 2303 1156 2340 per
1194 2301 1332 2329 omnes
1371 2289 1532 2328 aedium
1570 2289 1704 2338 partes
1743 2298 1785 2328 se

220 2342 477 2381 effundentes.
527 2344 632 2392 apud
663 2343 863 2384 Ovidium.
892 2346 987 2385 Met.
1012 2348 1048 2394 7,
1073 2348 1152 2386 644
1170 2359 1228 2396 sq.
1261 2346 1310 2385 de
1338 2359 1487 2396 quercu
1525 2345 1785 2386 descendunt.

962 2469 1042 2510 122

362 2539 473 2586 ἀλλὰ
508 2544 581 2586 καὶ
611 2547 782 2596 κίσταις
813 2546 864 2590 ἐν
896 2547 1076 2602 ε’μαῖσιν
1107 2546 1320 2591 οἷπόκειθ’
1352 2545 1382 2591 ἃ
1409 2547 1632 2604 μέλλομεν

368 2609 632 2667 ἀριστήσειν.

337 2693 479 2732 Pollux
512 2696 574 2744 10,
598 2698 647 2735 91
681 2695 806 2745 είποις
837 2695 877 2736 δ’
910 2694 964 2738 οἶν
993 2696 1060 2737 καὶ
1089 2698 1232 2748 κίστην
1259 2695 1485 2752 ὀψοφόρον,
1515 2697 1588 2738 καί
1612 2710 1692 2737 που
1721 2695 1789 2737 καὶ

225 2747 360 2798 κοίτην
400 2778 409 2787 .
439 2780 447 2788 .
482 2780 490 2788 .
530 2749 571 2788 ἐν
610 2753 880 2805 Φερεκράτους
927 2755 1345 2824 Μυρμηκανθρωποις
1391 2759 1472 2796 κτλ.
1531 2754 1686 2802 κίσταις
1721 2752 1786 2808 Κ.]

225 2804 385 2851 κοίταις.
429 2806 576 2854 κοίταις
607 2806 650 2847 ἐν
687 2808 842 2861 ε’μαῖσιν
877 2808 1069 2852 άπόκειθ’
1111 2811 1300 2879 Meinek.]
1339 2813 1474 2861 κοίτας
1511 2809 1582 2860 τὰς
1623 2809 1668 2852 ἐν
1705 2809 1790 2863 ἐμοι

225 2858 430 2914 άποβάνθ’
464 2864 494 2901 F
521 2864 620 2904 Poll.
641 2866 755 2907 Phot.
777 2868 890 2921 κίστη
920 2867 987 2909 καὶ
1017 2868 1166 2920 κοίτης·
1199 2865 1358 2923 ἀγγεῖον
1388 2868 1432 2909 ἐν
1461 2864 1494 2924 ᾦ
1523 2884 1571 2908 τα
1599 2864 1788 2922 βρώματα
1835 2866 1838 2868 Δ
