1872 3224
254 203 306 244 74
474 224 476 226 ,
892 194 1140 228 KI'ATINOT

250 309 283 345 λ.
305 301 475 356 πολῖται)
505 303 703 350 Aristoph.
726 302 812 340 Pac.
837 302 930 340 603.
962 300 1011 338 cf.
1034 299 1152 338 etiam
1174 297 1316 347 Eupol.
1339 297 1435 337 357.
1468 295 1641 365 Hesych.
1663 297 1799 367 λιπξρ-

251 360 342 412 νής·
374 358 394 400 ὃ
424 359 465 399 ἐκ
494 358 682 398 πλουσίου
712 355 851 408 πένης·
890 353 917 407 ἢ
954 353 993 402 ἐξ
1030 351 1154 407 ἀγροῦ
1188 353 1246 420 εἰς
1281 351 1399 422 πολιν
1433 365 1663 420 πεφευγως.
1689 407 1700 422 r
1721 368 1748 406 η
1779 349 1802 394 ὃ

252 416 460 464 λιπόπολις.
490 416 633 455 Herod.
665 416 684 453 I
716 415 779 462 74,
814 416 836 451 2
867 414 1003 452 Lentz.
1034 413 1268 463 λιπερνητης
1307 424 1326 448 ο
1367 422 1562 462 προτερον
1596 410 1802 462 πλουσιος,

247 474 409 526 ὕστερον
450 470 493 511 δὲ
536 470 677 522 πένης·
716 463 821 521 παρὰ
859 463 899 508 τὸ
936 469 1150 508 λείπεσθαι
1188 465 1332 519 ἔρνέων
1369 465 1700 534 ἤγουνιφυτοδνζ
1749 469 1800 510 of.

247 533 378 582 Etym.
408 544 460 569 m.
492 531 586 577 566,
618 531 684 568 50.
716 530 868 566 πολῖται
906 540 953 566 ex
989 526 1225 566 Archilocho
1263 538 1470 576 perperam
1509 538 1552 564 m
1591 524 1801 571 Cratinum

247 589 412 627 transiit.
443 589 503 626 est
532 587 636 626 enim
667 585 938 636 epirrhematis
970 582 1087 634 (alius
1119 585 1251 622 tamen
1283 585 1328 622 ut
1358 582 1520 622 videtur
1549 594 1595 622 ac
1623 580 1675 623 fr.
1699 583 1799 637 19⁷)

246 646 419 684 initium:
449 645 581 693 itaque
611 643 749 682 chorus
779 642 833 694 ad·
857 644 1082 691 spectatores
1111 653 1325 680 conversus
1355 639 1456 705 haec·
1489 639 1688 690 loquitur,
1729 641 1799 692 qui

243 714 457 751 numquam
486 702 640 738 πολῖται
670 700 865 747 dicuntnr,
898 698 967 738 sed
995 695 1193 747 θεαταί,
1226 697 1332 747 quod
1361 697 1669 762 restituendum.
1708 710 1798 742 cum

243 758 345 797 enim
376 757 556 796 Cratinus
586 758 676 795 ante
706 757 876 807 Pytinen
906 756 996 806 plus
1026 755 1148 794 semel
1177 754 1350 805 primum
1370 767 1593 805 praemium
1621 767 1705 796 non
1734 757 1798 796 tu-

242 815 353 854 lisset
383 813 450 865 (cf.
482 827 580 864 quae
610 814 884 852 adnotavimus
915 813 963 851 ad
991 811 1197 862 Aristoph.
1228 811 1304 862 Eq.
1326 810 1442 862 526),
1475 812 1531 851 ita
1560 812 1691 853 utitur
1718 812 1795 858 Ar*

243 871 405 910 chilochi
435 884 570 917 versu,
602 872 647 909 ut
684 873 921 920 spectatores
951 871 1069 908 antea
1099 882 1140 908 se
1178 869 1328 908 victore
1368 869 1652 919 divitissimos,
1687 880 1797 912 nunc

242 940 429 978 pauperes
461 940 542 967 esse
572 927 777 978 significet,
810 929 1021 977 postquam
1051 928 1192 977 poetae
1222 927 1354 966 minus
1383 927 1582 977 ingeniosi
1619 927 1796 978 palmam

241 985 315 1023 sibi
344 984 640 1034 praeripuerint.
672 985 721 1023 ad
749 985 853 1023 idem
882 984 1104 1034 epirrhema
1133 984 1384 1023 referendum
1415 984 1465 1026 fr.
1497 985 1594 1026 200.

967 1105 1045 1148 199

438 1193 557 1246 οἶνός
586 1212 653 1239 τοι
682 1198 877 1257 χαρίεντι
907 1197 1029 1239 πέλει
1058 1195 1193 1253 ταχὺς
1223 1198 1360 1248 ἵππος
1389 1194 1546 1255 ἀοιδῷ,

437 1261 560 1319 ὕδωρ
591 1264 640 1308 δὲ
671 1267 814 1307 πίνων
844 1264 980 1308 οὐδὲν
1010 1264 1068 1308 ἂν
1097 1266 1218 1309 τέκοι
1248 1266 1409 1321 σοφόν.

347 1359 600 1409 Epigramma
635 1360 737 1410 apud
775 1360 920 1400 Athen.
954 1363 998 1409 2,
1032 1362 1119 1400 390
1156 1363 1196 1401 et
1231 1362 1329 1401 alios
1369 1355 1475 1410 οἶνός
1514 1376 1574 1402 τοι
1615 1362 1791 1418 χαρίεντι
1836 1359 1844 1365 ’

235 1411 339 1453 πέλει
369 1413 485 1466 ταχὺς
516 1414 634 1462 ἵππος
664 1412 798 1471 ἀοιδῷ,
826 1416 832 1467 1
858 1415 967 1470 ὕδωρ
997 1415 1041 1457 δὲ
1071 1418 1202 1457 πίνων
1231 1414 1352 1458 οὐδὲν
1380 1415 1434 1458 ὅῖν
1463 1415 1568 1459 τέκοι
1605 1419 1747 1473 σοφόν.
1781 1417 1786 1477 Ι
1816 1470 1821 1476 .

235 1467 344 1509 ταῦτ’
377 1469 518 1524 ἔλεγεν,
551 1469 736 1524 Διόνυσε,
767 1472 833 1512 καὶ
864 1472 1012 1513 ἔπνεεν-
1030 1471 1102 1526 οὐχ
1140 1473 1229 1523 ἑνὸς
1259 1472 1386 1515 ἀσκοῦ
1412 1479 1419 1527 Ι
1445 1478 1660 1530 Κρατῖνος,
1689 1474 1790 1519 ἀλλὰ
1862 1519 1864 1521 ,

226 1520 376 1575 ,παντὸς
397 1524 564 1576 ὤδωδώς
585 1529 724 1570 πίθου.
746 1532 830 1570 sine
852 1532 971 1571 dubio
992 1533 1161 1583 Pytinae
1181 1534 1455 1574 tribuendum.
1476 1533 1598 1587 ταχὺς
1619 1535 1786 1577 Authol.

235 1583 422 1635 (Brunck.
443 1586 556 1625 Anal.
587 1587 606 1625 Ι
637 1585 752 1640 417)]
784 1585 903 1639 μέγας
934 1591 1080 1629 Athen.
1102 1585 1224 1629 οὐδὲν
1243 1587 1297 1629 ἂν
1318 1588 1422 1630 τέκοι
1443 1589 1595 1648 σοφόν]
1616 1585 1788 1646 χρηστὸν

232 1636 348 1678 οὐδὲν
377 1638 428 1680 ἂν
464 1640 586 1689 τέκοις
623 1644 785 1684 Anthol.
816 1643 937 1685 καλὸν
974 1660 1045 1697 pro
1081 1645 1252 1698 χρηστὸν
1290 1648 1401 1688 Suid.
1440 1645 1565 1702 ὕδωρ.
1605 1651 1656 1691 cf.
1685 1651 1784 1692 Hor.

232 1697 355 1746 Epist.
381 1700 415 1746 1,
441 1696 503 1749 19,
529 1702 549 1738 1
580 1703 620 1739 et
639 1714 735 1751 quae
756 1703 804 1740 ad
827 1717 861 1741 v.
888 1705 939 1742 10
968 1704 1174 1744 adnotavit
1193 1706 1326 1745 Bentl.
1350 1729 1401 1735 ——
1423 1708 1554 1747 solum
1585 1709 1784 1749 senarium

232 1753 381 1793 Cratini
411 1768 495 1795 esse
525 1757 651 1796 sobrie
681 1758 829 1798 iudicat
860 1760 996 1800 Cobet.
1028 1761 1077 1801 N.
1108 1762 1136 1803 1.
1173 1763 1265 1802 146.
1299 1765 1337 1805 7.

958 1883 1044 1926 200

339 1969 465 2012 Schol.
497 1972 618 2013 Arist.
649 1974 720 2025 Eq.
752 1977 829 2015 531
870 1981 993 2017 ταῦτα
1029 1973 1204 2025 οἰκούσας
1235 1976 1256 2018 ὁ
1288 1981 1482 2033 Κρατῖνος
1520 1980 1672 2036 ἔγραψε
1709 1981 1783 2036 τὴν

229 2023 410 2073 Πυτίνην
438 2026 594 2077 δεικνὺς
630 2028 688 2069 ’ὅτι
726 2028 798 2071 οὐκ
838 2031 1047 2087 ἐλήρησεν,
1085 2032 1129 2074 ἐν
1165 2031 1225 2084 οἷς
1258 2034 1322 2090 (ἐν
1351 2032 1379 2093 ᾗ
1407 2039 1617 2080 Kirchhoff
1641 2041 1780 2083 Herm.

228 2081 324 2119 XIII
355 2083 451 2134 290)
483 2087 610 2134 κακῶς
640 2085 739 2140 λέγει
768 2087 836 2128 τὸν
862 2087 1153 2144 Ἀριστοφάνην
1183 2091 1237 2142 ὡς
1269 2088 1316 2133 τὰ
1346 2091 1574 2145 Εὐπόλιδος
1603 2095 1778 2151 λέγοντα.

230 2137 278 2175 cf.
310 2151 406 2188 quae
436 2142 483 2180 ad
513 2144 557 2181 fr.
592 2146 668 2184 198
700 2149 793 2186 extr.
827 2149 1118 2190 adnotavimus.

954 2272 1034 2314 201

337 2353 533 2397 Plutarch.
565 2359 662 2400 Mor.
695 2364 774 2403 833
791 2378 813 2403 a
842 2362 900 2405 ὅτι
930 2364 974 2406 δὲ
1006 2364 1217 2419 (Ἀντιφῶν
1235 2363 1264 2407 ’ὃ
1279 2363 1555 2428 Ῥαμνούσιος)
1584 2369 1667 2413 ὑπὸ
1697 2378 1779 2414 τῶν

227 2407 428 2457 τριάκοντα
470 2410 673 2456 ἀπέθανεν
712 2419 860 2478 ἱστορεῖ
890 2421 957 2462 καὶ
998 2424 1237 2477 Θεόπομπος
1275 2424 1320 2467 ἐν
1357 2433 1407 2483 τῇ
1441 2426 1776 2487 πεντεκαιδεκάτῃ
1857 2459 1860 2461 Α

227 2469 304 2532 ταΞν
333 2466 588 2511 Φιλιππικῶν.
619 2470 701 2513 ἀλλ’
734 2475 850 2526 ούτός
879 2495 922 2532 γε
952 2478 1005 2520 ἂν
1034 2481 1097 2534 εἴη
1128 2480 1270 2535 ἕτερος,
1292 2485 1584 2527 Λυσιδωνίδου
1609 2486 1773 2543 πατρός,

226 2533 271 2557 ου
309 2522 500 2573 Κρατῖνος
530 2526 572 2566 ἐν
609 2531 765 2588 Πυτίνῃ
795 2531 847 2582 ὡς
878 2544 1055 2590 πονηροῦ
1083 2540 1336 2591 μνημονεύει.
1388 2544 1579 2585 ‘eundem
1603 2547 1773 2587 fortasse

225 2575 493 2626 Antiphontem
519 2586 606 2625 risit
633 2590 834 2642 Aristoph.
866 2594 1130 2646 Vesp.030l.'
1163 2599 1334 2640 Meinck.

951 2718 1034 2760 202

294 2843 305 2857 Ι
349 2791 472 2864 Schoi.
512 2798 686 2865 PIatonis
717 2807 794 2845 331
827 2808 953 2849 Bekk.
990 2813 1182 2864 Κρατῖνος
1215 2817 1373 2872 Πυτίνῃ
1416 2816 1771 2874 (Χαιρεφῶντα

225 2846 407 2903 σκωπτει)
423 2864 477 2898 εις
497 2868 522 2891 α
533 2857 746 2911 υχμηρὸν
766 2862 845 2903 καὶ
865 2864 1062 2917 πένητα.
1081 2872 1128 2910 cf.
1147 2873 1310 2926 interpr.
1329 2876 1539 2927 Aristoph.
1557 2877 1663 2919 Nub.
1676 2879 1768 2918 104-
