1872 3224
218 218 304 261 564
632 260 635 261 ⁷
804 215 1191 250 ΑΡΙΣΤΟΦΑΝΟΤΣ

221 323 277 370 εἰς
306 319 438 402 ἄνὸρξ
457 318 543 417 Ιτὴέ
571 317 673 359 θεὸν
703 317 994 371 ἐσχηματίσθαι
1023 317 1068 358 ἐν
1098 317 1264 373 Κύπιερῳ>
1283 316 1396 372 λέγει.
1427 320 1476 361 ef.
1507 319 1675 360 Preller.
1707 319 1796 372 My.-

219 380 317 420 thol.
350 393 408 430 gr.
536 380 605 418 00.

969 465 1052 508 703

334 550 557 601 Hesychius
583 546 966 600 Ἱπποκλείδης·
1007 546 1112 587 οὕτω
1142 545 1395 600 κακοσχόλως
1426 545 1468 587 τὸ
1500 546 1570 613 τὴς
1599 544 1795 601 γυναικὸς

222 605 361 659 μόριον
402 603 693 669 Ἀριστοφάνης
744 599 866 644 εἶπεν.
925 606 1092 646 Photius
1131 602 1431 657 ΒἸττποκλείδην
1481 597 1524 644 τὸ
1565 608 1798 658 γυναικεῖον

220 664 396 715 αἰδοῖον,
435 661 543 715 παρὰ
580 656 623 701 τὸ
654 658 850 702 ἱππεύειν.
895 665 1166 713 Hippoclidem
1202 677 1249 702 ex
1288 663 1518 703 Hieroclide
1549 663 1698 703 comice
1727 663 1794 703 de-

220 723 366 761 flexum
400 722 547 760 conicit
576 721 769 760 Fritzsch.
803 719 850 766 Q.
881 721 1008 761 Arist.
1040 722 1095 760 88
1126 721 1215 760 adn.
1250 721 1316 760 14.

969 831 1052 874 704

336 915 560 966 Hesychius
592 911 864 965 Κλυμενος·
903 910 1037 965 ἰατρὸς
1066 910 1222 967 ἀφυής,
1261 911 1310 953 ὃν
1343 907 1633 966 Ἀριστοφάνης
1665 911 1792 965 φησὶν

222 969 495 1030 ἀναμεμῖχθαι
525 977 578 1026 τῷ
611 970 855 1025 Μορσίμῳ
891 969 957 1010 διὰ
999 970 1041 1010 τὸ
1070 969 1139 1010 καὶ
1168 969 1239 1010 τὸν
1280 968 1495 1035 Μόρσιμον
1525 969 1661 1022 ἰατρὸν
1689 965 1794 1010 εἶναι

221 1026 358 1096 άφυῆ·
402 1031 456 1080 ἠν
499 1026 655 1068 δὲκαὶ
694 1026 984 1082 τραγῳδοποιὸς
1020 1026 1157 1080 άφυὴς
1196 1024 1217 1067 ὁ
1259 1023 1483 1079 Μόρσιμος.
1532 1029 1694 1068 videtur
1721 1041 1794 1080 per

220 1089 350 1126 iocum
382 1087 621 1137 Clymenum
650 1088 693 1125 et
722 1087 956 1126 Morsimfim
986 1088 1192 1137 tamquam
1222 1086 1513 1125 medicamenta
1542 1086 1795 1128 commenda·

221 1146 338 1193 visse,
370 1157 471 1194 quae
502 1145 626 1182 mixta
656 1144 763 1183 inter
792 1156 833 1183 se
864 1157 937 1193 pro
967 1144 1145 1183 remedio
1176 1146 1323 1183 essent.
1355 1144 1452 1185 Rau.
1484 1143 1581 1182 944.
1633 1180 1635 1182 ,

970 1255 1053 1298 705

335 1339 559 1388 Hesychius
590 1335 780 1389 Σέριφος·
808 1334 1098 1388 Ἀριστοφάνης
1128 1334 1204 1388 τὴν
1243 1335 1530 1388 Λακεδαίμονα
1562 1333 1795 1389 Σέριφον.

221 1396 390 1435 Photius
422 1392 618 1446 Σέριφον·
650 1393 723 1446 τὴν
750 1394 1060 1446 Λακεδαίμονα,
1100 1393 1164 1433 διὰ
1196 1392 1238 1433 τὸ
1269 1397 1448 1446 σκληρῶς
1479 1394 1566 1445 ζῆν.
1606 1392 1674 1433 καὶ
1702 1407 1796 1446 χρη·
1870 1421 1872 1423 ·

225 1450 325 1501 σμὸς
356 1448 493 1498 αὐτοῖς
525 1449 719 1500 ἐξέπεσεν.
769 1453 1004 1491 vaticinium
1033 1453 1158 1503 igitur
1188 1452 1350 1491 finxisse
1380 1452 1538 1492 videtur
1567 1464 1646 1502 quo
1677 1451 1796 1492 Lace-

226 1510 391 1549 daemon
428 1509 585 1559 Seriphi
617 1510 777 1548 nomine
808 1509 1111 1560 significaretur.

973 1620 1056 1662 706

253 1742 257 1746 ,
337 1703 470 1743 Schol.
509 1704 681 1774 Lysistr.
716 1704 823 1742 1237
861 1698 962 1755 ἀρχή
1000 1716 1107 1750 τινος
1146 1701 1326 1742 σκολίου·
1362 1705 1457 1742 παῖ
1493 1704 1792 1754 Τελαμωνος

221 1759 452 1811 αἰχμητά
500 1758 589 1811 περὶ
626 1754 675 1799 ου
715 1755 933 1810 δεδήλωται
970 1757 1067 1811 η’δη.
1115 1773 1205 1800 eum
1245 1761 1287 1799 in
1324 1761 1476 1800 fabulis·
1509 1760 1794 1811 superstitibus

221 1819 334 1857 nulla
371 1818 456 1857 eius
488 1818 599 1857 seolii
638 1818 788 1857 mentio
819 1818 910 1867 fiat,
950 1818 1034 1857 iure
1066 1818 1116 1856 ad
1146 1818 1397 1868 deperditam
1427 1818 1604 1868 aliquam
1634 1817 1796 1856 rettulit

227 1875 436 1926 Bergkius.
471 1875 521 1914 cf.
554 1875 701 1914 Athen.
737 1876 801 1922 15,
835 1876 959 1914 6950.
993 1875 1238 1925 Theopomp.
1271 1876 1338 1914 64.

973 1986 1053 2028 707

339 2069 482 2108 Pollux
516 2071 552 2117 7,
588 2069 642 2108 60
675 2069 984 2107 Μασσαλιωτῶν
1014 2065 1058 2107 δὲ
1087 2064 1108 2107 ὁ
1129 2071 1335 2138 τχορταῐος
1347 2064 1546 2138 (χιτών).
1603 2097 1614 2106 .
1652 2065 1723 2107 τὸν
1751 2063 1797 2107 δε

223 2129 463 2177 χορταῖον
495 2139 584 2172 τους
614 2121 886 2177 προπώλας
918 2128 1092 2178 φορεῖν
1112 2122 1167 2172 ὥς
1188 2121 1379 2178 ἀγοραῖον
1394 2122 1686 2178 Ἀριστοφάνης
1702 2122 1794 2176 ἔφη.

222 2186 264 2222 et
296 2184 418 2231 7,12
458 2179 479 2220 ὁ
521 2180 565 2221 δὲ
604 2186 687 2229 τοῖς
725 2179 992 2235 πιπράσκουσι
1029 2182 1236 2234 προξενῶν
1272 2182 1551 2244 προπράτωρ.
1628 2211 1640 2221 .
1677 2195 1793 2234 προ-

223 2235 389 2290 πώλην
419 2237 462 2278 δὲ
489 2236 779 2291 Ἀριστοφάνης
809 2236 935 2279 αὐτὸν
965 2233 1061 2280 εἶπε.
1094 2240 1261 2279 dubium
1281 2228 1348 2281 est
1369 2253 1495 2279 unum
1518 2253 1569 2279 an
1590 2240 1668 2279 duo
1697 2240 1796 2299 haec

223 2298 306 2336 sint
336 2298 573 2348 fragmenta.

971 2362 1054 2404 708

428 2417 615 2474 ἀκύμων
643 2420 856 2465 θάλασσα

336 2498 563 2554 Εὐριπίδης
594 2499 657 2540 ἐπὶ
688 2493 760 2540 τοῦ
788 2499 843 2553 μὴ
873 2506 1024 2554 γεννᾶν
1051 2499 1245 2552 τέθεικεν,
1275 2499 1422 2542 ὡσανεὶ
1451 2498 1615 2554 άγόνου.
1654 2497 1791 2540 ὡσαύ-

225 2573 299 2605 τως
330 2558 397 2598 καὶ
423 2555 725 2611 Ἀριστοφάνης.
775 2559 944 2599 Bekker.
967 2559 1117 2601 Anecd.
1142 2561 1180 2608 6,
1206 2562 1243 2598 1.

970 2670 1054 2712 709

427 2746 632 2804 ἀλφίτων
661 2748 872 2805 μελάνων
896 2746 1066 2804 ἅδὸιχα

335 2832 568 2871 Eustathius
583 2833 704 2881 1854,
717 2834 768 2870 12
786 2826 840 2883 ἠν
855 2828 900 2870 δὲ
913 2829 980 2870 καὶ
995 2828 1112 2880 άὸὁιξ
1126 2829 1268 2884 μέτρον
1283 2846 1334 2878 τι,
1352 2831 1466 2883 φασί,
1482 2830 1789 2884 τετραχοίνικον.

199 2884 518 2941 ·Ἀριστοφάνης.
536 2889 705 2929 Bekker.
717 2889 867 2928 Anecd.
882 2890 977 2938 342,
988 2889 1054 2938 26,
1067 2889 1246 2938 Photius,
1262 2889 1484 2940 Hesychius
1497 2887 1633 2936 ὀίὸδιξ·
1649 2886 1792 2942 μέτρον
