1838 3230
630 337 1190 388 ATTOKPATHE
1263 313 1274 322 ’

735 433 908 472 Meinek.
938 433 958 472 I
990 433 1086 473 270.

731 544 1086 581 ΤΤΜΠΑΝΙΣΤΑΙ

899 627 919 667 l

603 699 675 749 οἷα
707 707 947 759 παίζουσιν
978 707 1110 762 φίλαι

601 773 828 830 παρθένοι
859 776 1032 819 Λυδῶν
1063 774 1220 830 κόραι,

600 847 755 901 κοῦφα
787 844 996 900 πηδῶσαι
1028 843 1200 901 κόμαν,

600 912 975 969 κάνακρούουσαι
1006 921 1183 971 χεροῖν,

551 992 571 1024 5
598 980 813 1038 Ἐφεσίαν
842 981 951 1038 παρ’
970 981 1187 1040 ’Ἄρτεμιν

598 1053 864 1106 καλλίσταν,
895 1051 972 1094 καὶ
1001 1058 1101 1095 τοῖν
1133 1051 1299 1108 ίσχίοιν

597 1120 647 1165 τὸ
678 1121 763 1177 μὲν
794 1120 915 1164 κάτω
946 1119 997 1164 τὸ
1028 1118 1071 1164 δ’
1103 1112 1164 1163 αὖ

600 1190 663 1241 εἰς
693 1184 790 1233 ἅνω
823 1188 1091 1246 ἐξαίρουσα,

601 1253 674 1302 οἶα
706 1261 891 1315 κίγκλος
920 1257 1119 1303 ἅλλεται.

231 1344 427 1385 Aelianus
468 1345 520 1384 H.
560 1357 624 1383 an.
664 1345 737 1394 12,
772 1345 795 1384 9
833 1341 1030 1396 μέμνηται
1066 1340 1110 1383 δὲ
1146 1342 1214 1385 καὶ
1252 1349 1324 1384 τοῦ
1368 1343 1538 1399 ὄρνιθος
1583 1346 1703 1388 τοῦδε

117 1398 361 1456 (κίγκλου).
418 1397 720 1454 ,Αὐτοκράτης
752 1399 798 1441 ἐν
830 1403 1146 1453 Τυμπανισταῖς.
1178 1403 1236 1443 sic
1267 1402 1470 1444 Gesnerus
1490 1417 1565 1455 pro
1585 1400 1699 1445 αὖτο-

116 1458 331 1511 κρατήσας.
387 1431 461 1500 3.
492 1457 694 1512 πηδῶσαι]
735 1458 893 1511 πηδῶσι
930 1460 1014 1500 cod.
1048 1472 1165 1500 unus.
1233 1455 1379 1514 κόμαν]
1419 1456 1548 1514 κόμας
1580 1475 1697 1503 unus.

116 1516 242 1564 πόδας
280 1517 445 1557 Fiorillo
478 1517 575 1558 Obs.
608 1517 757 1557 Athen.
791 1519 886 1557 109.
937 1517 989 1557 cf.
1029 1517 1194 1558 Porson.
1234 1518 1373 1570 Eurip.
1407 1518 1539 1561 Orest.
1573 1520 1696 1561 1427.

115 1579 251 1626 κοῦφα
273 1574 478 1627 πηδῶσαι,
509 1575 688 1626 κομῶσαι
708 1570 1037 1625 κάνακρούουσαι
1056 1574 1216 1629 χορείαν
1236 1575 1409 1616 Lobeck.
1501 1578 1538 1617 6.
1569 1576 1700 1618 καλλί·

117 1629 231 1687 σταν]
254 1630 443 1672 κάλλιστα
465 1633 641 1673 Lobeek.
675 1633 847 1673 fortasse
872 1630 1200 1686 καλλικόμαν,
1221 1636 1332 1673 τοῖν
1352 1631 1508 1686 ἰσχίοιν.
1590 1637 1627 1679 7.
1656 1631 1700 1676 τό

115 1689 208 1744 μὲν]
232 1695 347 1730 τοῦτο
375 1686 451 1742 μὲν
479 1683 784 1743 Fiorillo.a13]
809 1684 935 1738 αὖθις
963 1690 1140 1730 Vindob.
1231 1691 1270 1730 8.
1301 1690 1358 1739 εἰς
1388 1689 1475 1731 ὄίνω
1502 1686 1699 1747 ’ξαιροῦσ’

115 1745 182 1788 άεί
208 1749 359 1788 Iacobs.
405 1744 659 1800 ἕξεπαίρουσ’
693 1745 752 1796 εἰς
782 1762 870 1788 ανω
901 1748 1073 1788 Meinek.
1164 1749 1204 1789 9.
1235 1748 1286 1788 ef.
1317 1749 1526 1801 Aristoph.
1557 1751 1608 1791 fr.
1641 1752 1696 1793 29

116 1808 158 1847 et
188 1820 278 1847 cum
309 1809 396 1846 toto
427 1806 603 1846 carmine
634 1806 839 1858 Aristoph.
873 1806 969 1857 Lys.
1006 1806 1185 1857 1308sq.
1236 1806 1345 1846 Nub.
1378 1808 1474 1848 599.

893 1918 922 1961 2

231 2002 403 2053 Hesych.
442 2001 658 2053 κομίζεται·
700 2000 908 2053 νομίζεται.
947 1998 1110 2054 λέγεται.
1153 1997 1255 2054 ὅπερ
1292 1999 1402 2043 ἐστὶν
1430 1999 1459 2055 ἢ
1492 2005 1699 2056 Τυμπανι-

118 2058 284 2111 στρίαις.
331 2056 375 2099 ἐν
405 2060 612 2108 Musums,
658 2061 960 2111 Τυμπανισταῖς
990 2060 1192 2100 Pricaeus.
1239 2060 1406 2100 fuerunt
1444 2062 1515 2113 qui
1544 2062 1595 2102 ad
1626 2061 1698 2103 So-

116 2117 270 2168 phoclis
301 2117 480 2157 fabulam
511 2119 792 2169 cognominem
822 2118 1030 2159 referrent.
1062 2118 1113 2158 cf.
1144 2117 1299 2158 Nauck.
1322 2118 1440 2170 Trag.
1462 2119 1512 2159 fr.
1536 2133 1576 2171 p.
1600 2119 1696 2160 216.

117 2175 186 2215 sed
215 2187 298 2214 non
328 2175 459 2214 minus
490 2175 592 2215 bene
622 2176 855 2216 Autocratis
887 2175 1114 2216 comoediae
1144 2176 1356 2223 eomrenit,
1397 2189 1488 2216 cum
1517 2189 1698 2228 praeser-

116 2233 191 2271 tim
229 2245 377 2272 nomen
416 2233 524 2283 eius,
570 2234 603 2273 si
641 2233 822 2273 animum
859 2234 1045 2273 advertas
1082 2233 1133 2273 ad
1170 2233 1221 2272 fr.
1256 2235 1301 2283 1,
1347 2234 1516 2274 forsitan
1554 2235 1699 2276 melius

121 2288 441 2341 Τυμπανίστριαι
471 2290 684 2331 scribatur.

656 2403 868 2439 ΑΔΗΛΟΤ
894 2403 1159 2439 ΔΡΑΜΑΤΟΣ

895 2483 922 2525 3

324 2560 460 2618 αμνοὶ
492 2563 542 2606 δὲ
572 2562 874 2620 βληχάζουσιν
903 2560 987 2605 ὑπ’
1019 2562 1274 2619 α’γαλαξίας.

232 2645 402 2688 Bekker.
434 2646 585 2686 Anecd.
619 2648 714 2694 336,
749 2647 802 2686 26
833 2642 1065 2699 άγαλακτία.
1119 2643 1382 2713 Αὐτοκράτης
1421 2648 1503 2686 κτλ.
1551 2647 1696 2688 Pollux

118 2704 156 2751 3,
180 2703 235 2744 50
265 2700 308 2742 τὸ
339 2701 393 2755 μὴ
426 2701 529 2755 ἔχειν
558 2701 659 2756 γάλα
689 2699 936 2756 αγαλακτίαν
967 2701 1071 2752 τινὲς
1091 2700 1329 2757 ὠνόμασαν,
1360 2704 1430 2744 ubi
1450 2700 1696 2762 ἆγαλακτιᾶν

118 2761 165 2799 A.
197 2761 364 2801 fortasse
394 2761 650 2802 scribendum
686 2757 953 2812 μηκάζουσιν,
993 2775 1055 2812 ne,
1092 2775 1182 2803 cum
1210 2763 1261 2816 βλ
1289 2762 1532 2814 positionem
1562 2747 1696 2812 faciat,

119 2831 189 2868 pes
221 2814 418 2858 secundu's
449 2820 502 2858 sit
532 2819 749 2869 spondeus.
