<?xml version="1.0" encoding="UTF-8"?>
<!DOCTYPE html PUBLIC "-//W3C//DTD XHTML 1.0 Transitional//EN"
    "http://www.w3.org/TR/xhtml1/DTD/xhtml1-transitional.dtd">
<html xmlns="http://www.w3.org/1999/xhtml" xml:lang="en" lang="en">
 <head>
  <title>
</title>
<meta http-equiv="Content-Type" content="text/html;charset=utf-8" />
  <meta name='ocr-system' content='tesseract 3.04.00' />
  <meta name='ocr-capabilities' content='ocr_page ocr_carea ocr_par ocr_line ocrx_word'/>
</head>
<body>
  <div class='ocr_page' id='page_1' title='image "./comicorumatticor01kockuoft_0618.png"; bbox 0 0 1872 3224; ppageno 0'>
   <div class='ocr_carea' id='block_1_1' title="bbox 190 200 1176 244">
    <p class='ocr_par' dir='ltr' id='par_1_1' title="bbox 190 200 1176 244">
     <span class='ocr_line' id='line_1_1' title="bbox 190 200 1176 244; baseline -0.001 -11"><span class='ocrx_word' id='word_1_1' title='bbox 190 200 275 244; x_wconf 77' lang='lat'><em>588</em></span> <span class='ocrx_word' id='word_1_2' title='bbox 786 200 1176 234; x_wconf 70' lang='grc' dir='ltr'><strong>ΑΡΙΣΤΟΦΑΝΟΤΣ</strong></span> 
     </span>
    </p>
   </div>
   <div class='ocr_carea' id='block_1_2' title="bbox 189 301 1767 632">
    <p class='ocr_par' dir='ltr' id='par_1_2' title="bbox 189 301 1767 632">
     <span class='ocr_line' id='line_1_2' title="bbox 195 301 1766 357; baseline 0 -13"><span class='ocrx_word' id='word_1_3' title='bbox 195 308 260 345; x_wconf 90' lang='grc'><em>17.</em></span> <span class='ocrx_word' id='word_1_4' title='bbox 294 307 436 350; x_wconf 77' lang='lat' dir='ltr'>Pollux</span> <span class='ocrx_word' id='word_1_5' title='bbox 459 308 497 353; x_wconf 90' lang='lat'><em>3,</em></span> <span class='ocrx_word' id='word_1_6' title='bbox 521 308 573 345; x_wconf 87' lang='lat'><em>56</em></span> <span class='ocrx_word' id='word_1_7' title='bbox 604 304 765 355; x_wconf 75' lang='grc' dir='ltr'><strong><em>πολίτης</em></strong></span> <span class='ocrx_word' id='word_1_8' title='bbox 799 335 806 343; x_wconf 95' lang='grc'><em>.</em></span> <span class='ocrx_word' id='word_1_9' title='bbox 832 335 838 342; x_wconf 99' lang='grc'><em>.</em></span> <span class='ocrx_word' id='word_1_10' title='bbox 865 335 873 343; x_wconf 96' lang='grc'><em>.</em></span> <span class='ocrx_word' id='word_1_11' title='bbox 898 301 1303 357; x_wconf 76' lang='grc' dir='ltr'><em>παρεγγεγραμμένος.</em></span> <span class='ocrx_word' id='word_1_12' title='bbox 1344 301 1413 344; x_wconf 87' lang='grc' dir='ltr'><em>τὸν</em></span> <span class='ocrx_word' id='word_1_13' title='bbox 1434 301 1479 343; x_wconf 76' lang='grc' dir='ltr'><em>δὲ</em></span> <span class='ocrx_word' id='word_1_14' title='bbox 1499 310 1678 344; x_wconf 85' lang='grc' dir='ltr'><em>τοιοῦτον</em></span> <span class='ocrx_word' id='word_1_15' title='bbox 1695 302 1766 345; x_wconf 80' lang='grc' dir='ltr'><em>καὶ</em></span> 
     </span>
     <span class='ocr_line' id='line_1_3' title="bbox 191 358 1764 414; baseline 0.001 -12"><span class='ocrx_word' id='word_1_16' title='bbox 191 360 390 412; x_wconf 79' lang='grc' dir='ltr'><em>ὑπόξυλον</em></span> <span class='ocrx_word' id='word_1_17' title='bbox 421 360 625 414; x_wconf 75' lang='grc' dir='ltr'><em>ὠνόμαζον</em></span> <span class='ocrx_word' id='word_1_18' title='bbox 654 362 695 401; x_wconf 83' lang='grc' dir='ltr'><em>οἵ</em></span> <span class='ocrx_word' id='word_1_19' title='bbox 721 359 801 400; x_wconf 85' lang='grc' dir='ltr'><em>νέοι</em></span> <span class='ocrx_word' id='word_1_20' title='bbox 830 362 1008 412; x_wconf 85' lang='grc' dir='ltr'><em>κωμικοί.</em></span> <span class='ocrx_word' id='word_1_21' title='bbox 1061 376 1151 402; x_wconf 87' lang='lat' dir='ltr'><em>eum</em></span> <span class='ocrx_word' id='word_1_22' title='bbox 1183 363 1312 402; x_wconf 85' lang='lat' dir='ltr'><strong>solum</strong></span> <span class='ocrx_word' id='word_1_23' title='bbox 1353 358 1422 414; x_wconf 82' lang='lat' dir='ltr'><em>(de</em></span> <span class='ocrx_word' id='word_1_24' title='bbox 1462 363 1624 403; x_wconf 72' lang='lat' dir='ltr'><strong>civitate</strong></span> <span class='ocrx_word' id='word_1_25' title='bbox 1662 364 1764 403; x_wconf 88' lang='lat' dir='ltr'>inle-</span> 
     </span>
     <span class='ocr_line' id='line_1_4' title="bbox 189 419 1765 473; baseline 0 -13"><span class='ocrx_word' id='word_1_26' title='bbox 189 419 349 473; x_wconf 78' lang='lat' dir='ltr'>gitima)</span> <span class='ocrx_word' id='word_1_27' title='bbox 381 434 495 459; x_wconf 85' lang='lat' dir='ltr'><strong>usum</strong></span> <span class='ocrx_word' id='word_1_28' title='bbox 525 421 667 458; x_wconf 89' lang='lat' dir='ltr'>Pollux</span> <span class='ocrx_word' id='word_1_29' title='bbox 710 420 1000 459; x_wconf 73' lang='lat' dir='ltr'><strong>recentioribus</strong></span> <span class='ocrx_word' id='word_1_30' title='bbox 1041 419 1199 459; x_wconf 78' lang='lat' dir='ltr'><strong>videtur</strong></span> <span class='ocrx_word' id='word_1_31' title='bbox 1242 420 1487 459; x_wconf 81' lang='lat' dir='ltr'><strong>adiudicare:</strong></span> <span class='ocrx_word' id='word_1_32' title='bbox 1527 421 1765 471; x_wconf 63' lang='lat' dir='ltr'><strong>qnamquam</strong></span> 
     </span>
     <span class='ocr_line' id='line_1_5' title="bbox 190 473 1763 528; baseline 0.001 -12"><span class='ocrx_word' id='word_1_33' title='bbox 190 479 405 517; x_wconf 76' lang='lat' dir='ltr'>auctoritas</span> <span class='ocrx_word' id='word_1_34' title='bbox 437 478 521 516; x_wconf 84' lang='lat' dir='ltr'><strong>eius</strong></span> <span class='ocrx_word' id='word_1_35' title='bbox 553 478 595 515; x_wconf 84' lang='lat' dir='ltr'><em>in</em></span> <span class='ocrx_word' id='word_1_36' title='bbox 624 477 774 516; x_wconf 77' lang='lat' dir='ltr'>talibus</span> <span class='ocrx_word' id='word_1_37' title='bbox 804 477 923 516; x_wconf 82' lang='lat' dir='ltr'><strong>rebus</strong></span> <span class='ocrx_word' id='word_1_38' title='bbox 954 489 1036 516; x_wconf 86' lang='lat' dir='ltr'><em>non</em></span> <span class='ocrx_word' id='word_1_39' title='bbox 1066 477 1281 516; x_wconf 83' lang='lat' dir='ltr'><strong>admodum</strong></span> <span class='ocrx_word' id='word_1_40' title='bbox 1312 490 1458 528; x_wconf 83' lang='lat' dir='ltr'>magna</span> <span class='ocrx_word' id='word_1_41' title='bbox 1488 479 1572 526; x_wconf 48' lang='lat' dir='ltr'><em>est,</em></span> <span class='ocrx_word' id='word_1_42' title='bbox 1613 473 1763 528; x_wconf 77' lang='grc' dir='ltr'><em>ὅρμους</em></span> 
     </span>
     <span class='ocr_line' id='line_1_6' title="bbox 190 531 1767 586; baseline 0.002 -14"><span class='ocrx_word' id='word_1_43' title='bbox 190 531 414 582; x_wconf 79' lang='grc' dir='ltr'><em>ὐποξύλους</em></span> <span class='ocrx_word' id='word_1_44' title='bbox 444 535 543 573; x_wconf 83' lang='lat' dir='ltr'>Xen.</span> <span class='ocrx_word' id='word_1_45' title='bbox 577 533 667 575; x_wconf 80' lang='lat' dir='ltr'>Oec.</span> <span class='ocrx_word' id='word_1_46' title='bbox 702 537 766 583; x_wconf 90' lang='lat'><em>10,</em></span> <span class='ocrx_word' id='word_1_47' title='bbox 799 536 837 574; x_wconf 86' lang='lat'><em>3.</em></span> <span class='ocrx_word' id='word_1_48' title='bbox 878 547 923 574; x_wconf 83' lang='lat' dir='ltr'><em>ac</em></span> <span class='ocrx_word' id='word_1_49' title='bbox 955 534 1017 574; x_wconf 85' lang='lat' dir='ltr'><em>vel</em></span> <span class='ocrx_word' id='word_1_50' title='bbox 1048 534 1250 586; x_wconf 87' lang='lat' dir='ltr'><strong>Aeschylo</strong></span> <span class='ocrx_word' id='word_1_51' title='bbox 1289 547 1375 573; x_wconf 84' lang='lat' dir='ltr'><em>eam</em></span> <span class='ocrx_word' id='word_1_52' title='bbox 1414 532 1559 574; x_wconf 40' lang='lat' dir='ltr'><strong>vocem*</strong></span> <span class='ocrx_word' id='word_1_53' title='bbox 1590 535 1767 575; x_wconf 74' lang='lat' dir='ltr'><strong>vindicat</strong></span> 
     </span>
     <span class='ocr_line' id='line_1_7' title="bbox 190 592 715 632; baseline 0 -2"><span class='ocrx_word' id='word_1_54' title='bbox 190 592 444 631; x_wconf 82' lang='lat' dir='ltr'>Hermannus</span> <span class='ocrx_word' id='word_1_55' title='bbox 475 592 587 631; x_wconf 84' lang='lat' dir='ltr'><strong>Pers.</strong></span> <span class='ocrx_word' id='word_1_56' title='bbox 621 593 715 632; x_wconf 88' lang='lat'>779.</span> 
     </span>
    </p>
   </div>
   <div class='ocr_carea' id='block_1_3' title="bbox 397 679 1025 794">
    <p class='ocr_par' dir='ltr' id='par_1_3' title="bbox 397 679 1025 794">
     <span class='ocr_line' id='line_1_8' title="bbox 940 679 1025 723; baseline 0 0"><span class='ocrx_word' id='word_1_57' title='bbox 940 679 1025 723; x_wconf 82' lang='grc'><em>882</em></span> 
     </span>
     <span class='ocr_line' id='line_1_9' title="bbox 397 736 722 794; baseline -0.003 -13"><span class='ocrx_word' id='word_1_58' title='bbox 397 736 722 794; x_wconf 82' lang='grc' dir='ltr'><em>φαυλουργούς</em></span> 
     </span>
    </p>
   </div>
   <div class='ocr_carea' id='block_1_4' title="bbox 189 817 1767 978">
    <p class='ocr_par' dir='ltr' id='par_1_4' title="bbox 189 817 1767 978">
     <span class='ocr_line' id='line_1_10' title="bbox 302 817 1765 874; baseline 0.001 -14"><span class='ocrx_word' id='word_1_59' title='bbox 302 819 395 868; x_wconf 81' lang='grc' dir='ltr'><em>τοὺς</em></span> <span class='ocrx_word' id='word_1_60' title='bbox 425 819 479 872; x_wconf 88' lang='grc' dir='ltr'><em>μὴ</em></span> <span class='ocrx_word' id='word_1_61' title='bbox 509 818 688 873; x_wconf 74' lang='grc' dir='ltr'><em>ἀκριβεῖς</em></span> <span class='ocrx_word' id='word_1_62' title='bbox 719 820 894 872; x_wconf 82' lang='grc' dir='ltr'><em>τεχνίτας</em></span> <span class='ocrx_word' id='word_1_63' title='bbox 925 819 1024 860; x_wconf 83' lang='grc' dir='ltr'><em>κατὰ</em></span> <span class='ocrx_word' id='word_1_64' title='bbox 1050 817 1350 873; x_wconf 76' lang='grc' dir='ltr'><em>Ἀριστοφάνην</em></span> <span class='ocrx_word' id='word_1_65' title='bbox 1369 819 1466 874; x_wconf 81' lang='grc' dir='ltr'><em>λέγε</em></span> <span class='ocrx_word' id='word_1_66' title='bbox 1499 822 1643 862; x_wconf 86' lang='lat' dir='ltr'>Pollux</span> <span class='ocrx_word' id='word_1_67' title='bbox 1665 823 1703 872; x_wconf 89' lang='lat'><em>7,</em></span> <span class='ocrx_word' id='word_1_68' title='bbox 1727 824 1765 865; x_wconf 87' lang='lat'><em>7.</em></span> 
     </span>
     <span class='ocr_line' id='line_1_11' title="bbox 189 853 1767 975; baseline 0.001 -57"><span class='ocrx_word' id='word_1_69' title='bbox 189 892 269 918; x_wconf 89' lang='lat' dir='ltr'><em>non</em></span> <span class='ocrx_word' id='word_1_70' title='bbox 299 880 503 975; x_wconf 59' lang='grc' dir='ltr'><em>ειᾶεθηὺίῖι·</em></span> <span class='ocrx_word' id='word_1_71' title='bbox 534 879 732 919; x_wconf 81' lang='lat' dir='ltr'><strong>Meinekio</strong></span> <span class='ocrx_word' id='word_1_72' title='bbox 765 879 976 930; x_wconf 85' lang='lat' dir='ltr'>Sophoclis</span> <span class='ocrx_word' id='word_1_73' title='bbox 1007 880 1129 919; x_wconf 84' lang='lat' dir='ltr'><strong>solius</strong></span> <span class='ocrx_word' id='word_1_74' title='bbox 1161 877 1349 931; x_wconf 81' lang='lat' dir='ltr'><strong>(Philoct.</strong></span> <span class='ocrx_word' id='word_1_75' title='bbox 1384 876 1457 933; x_wconf 85' lang='lat'><em>35)</em></span> <span class='ocrx_word' id='word_1_76' title='bbox 1488 879 1528 918; x_wconf 89' lang='lat' dir='ltr'><em>id</em></span> <span class='ocrx_word' id='word_1_77' title='bbox 1559 853 1767 931; x_wconf 76' lang='lat' dir='ltr'><strong>epitheton</strong></span> 
     </span>
     <span class='ocr_line' id='line_1_12' title="bbox 189 949 483 978; baseline 0 -1"><span class='ocrx_word' id='word_1_78' title='bbox 189 949 275 978; x_wconf 78' lang='lat' dir='ltr'>esse</span> <span class='ocrx_word' id='word_1_79' title='bbox 306 950 449 978; x_wconf 81' lang='lat' dir='ltr'>censen</span> <span class='ocrx_word' id='word_1_80' title='bbox 471 951 483 977; x_wconf 95' lang='lat'>1</span> 
     </span>
    </p>
   </div>
   <div class='ocr_carea' id='block_1_5' title="bbox 397 1025 1020 1138">
    <p class='ocr_par' dir='ltr' id='par_1_5' title="bbox 397 1025 1020 1138">
     <span class='ocr_line' id='line_1_13' title="bbox 937 1025 1020 1068; baseline 0 0"><span class='ocrx_word' id='word_1_81' title='bbox 937 1025 1020 1068; x_wconf 88' lang='lat'><em>883</em></span> 
     </span>
     <span class='ocr_line' id='line_1_14' title="bbox 397 1083 672 1138; baseline 0.007 -14"><span class='ocrx_word' id='word_1_82' title='bbox 397 1083 672 1138; x_wconf 80' lang='grc' dir='ltr'><em>φαύστιγγες</em></span> 
     </span>
    </p>
   </div>
   <div class='ocr_carea' id='block_1_6' title="bbox 186 1161 1767 1562">
    <p class='ocr_par' dir='ltr' id='par_1_6' title="bbox 186 1161 1767 1562">
     <span class='ocr_line' id='line_1_15' title="bbox 303 1161 1762 1218; baseline 0 -13"><span class='ocrx_word' id='word_1_83' title='bbox 303 1166 343 1205; x_wconf 83' lang='grc' dir='ltr'><em>οἵ</em></span> <span class='ocrx_word' id='word_1_84' title='bbox 370 1164 412 1205; x_wconf 74' lang='grc' dir='ltr'><em>ἐκ</em></span> <span class='ocrx_word' id='word_1_85' title='bbox 444 1172 514 1205; x_wconf 85' lang='grc' dir='ltr'><em>τοῦ</em></span> <span class='ocrx_word' id='word_1_86' title='bbox 545 1164 672 1218; x_wconf 87' lang='grc' dir='ltr'><em>πυρὸς</em></span> <span class='ocrx_word' id='word_1_87' title='bbox 705 1164 748 1204; x_wconf 84' lang='grc' dir='ltr'><em>ἕν</em></span> <span class='ocrx_word' id='word_1_88' title='bbox 779 1169 863 1213; x_wconf 82' lang='grc' dir='ltr'><em>ταῖς</em></span> <span class='ocrx_word' id='word_1_89' title='bbox 894 1164 1065 1217; x_wconf 79' lang='grc' dir='ltr'><em>κνήμαις</em></span> <span class='ocrx_word' id='word_1_90' title='bbox 1105 1164 1246 1208; x_wconf 81' lang='grc' dir='ltr'><em>σπίλοι</em></span> <span class='ocrx_word' id='word_1_91' title='bbox 1296 1179 1426 1213; x_wconf 83' lang='grc' dir='ltr'><em>ουτως</em></span> <span class='ocrx_word' id='word_1_92' title='bbox 1460 1161 1762 1217; x_wconf 86' lang='grc' dir='ltr'><em>Ἀριστοφανης.</em></span> 
     </span>
     <span class='ocr_line' id='line_1_16' title="bbox 187 1222 1765 1276; baseline 0.001 -14"><span class='ocrx_word' id='word_1_93' title='bbox 187 1225 325 1275; x_wconf 70' lang='lat' dir='ltr'><strong>Etym.</strong></span> <span class='ocrx_word' id='word_1_94' title='bbox 357 1238 408 1263; x_wconf 90' lang='lat' dir='ltr'><em>m.</em></span> <span class='ocrx_word' id='word_1_95' title='bbox 444 1226 538 1276; x_wconf 86' lang='lat'>789,</span> <span class='ocrx_word' id='word_1_96' title='bbox 570 1225 623 1263; x_wconf 84' lang='lat'><em>52</em></span> <span class='ocrx_word' id='word_1_97' title='bbox 655 1226 697 1263; x_wconf 74' lang='lat' dir='ltr'><em>et,</em></span> <span class='ocrx_word' id='word_1_98' title='bbox 726 1224 909 1263; x_wconf 75' lang='lat' dir='ltr'><strong>Photius.</strong></span> <span class='ocrx_word' id='word_1_99' title='bbox 941 1222 1164 1276; x_wconf 86' lang='grc' dir='ltr'><em>φαύσιγγες</em></span> <span class='ocrx_word' id='word_1_100' title='bbox 1197 1224 1379 1263; x_wconf 81' lang='lat' dir='ltr'><strong>Pierson.</strong></span> <span class='ocrx_word' id='word_1_101' title='bbox 1402 1224 1524 1265; x_wconf 87' lang='lat' dir='ltr'><strong>Moer.</strong></span> <span class='ocrx_word' id='word_1_102' title='bbox 1539 1225 1653 1264; x_wconf 90' lang='grc'><em>397.</em></span> <span class='ocrx_word' id='word_1_103' title='bbox 1685 1223 1765 1263; x_wconf 82' lang='lat' dir='ltr'><em>He-</em></span> 
     </span>
     <span class='ocr_line' id='line_1_17' title="bbox 187 1277 1767 1348; baseline -0.001 -28"><span class='ocrx_word' id='word_1_104' title='bbox 187 1282 295 1332; x_wconf 81' lang='lat' dir='ltr'><strong>sych.</strong></span> <span class='ocrx_word' id='word_1_105' title='bbox 329 1279 567 1348; x_wconf 79' lang='grc' dir='ltr'><em>φαύσιγγες·</em></span> <span class='ocrx_word' id='word_1_106' title='bbox 598 1281 644 1320; x_wconf 82' lang='grc' dir='ltr'><em>αἱ</em></span> <span class='ocrx_word' id='word_1_107' title='bbox 671 1278 715 1319; x_wconf 81' lang='grc' dir='ltr'><em>ἐν</em></span> <span class='ocrx_word' id='word_1_108' title='bbox 745 1284 831 1327; x_wconf 87' lang='grc' dir='ltr'><em>ταῖς</em></span> <span class='ocrx_word' id='word_1_109' title='bbox 860 1277 1046 1333; x_wconf 84' lang='grc' dir='ltr'><em>πτέρναις</em></span> <span class='ocrx_word' id='word_1_110' title='bbox 1076 1279 1282 1332; x_wconf 78' lang='grc' dir='ltr'><em>γινόμειαι</em></span> <span class='ocrx_word' id='word_1_111' title='bbox 1321 1278 1508 1333; x_wconf 80' lang='grc' dir='ltr'><em>ραγαδες.</em></span> <span class='ocrx_word' id='word_1_112' title='bbox 1569 1278 1667 1320; x_wconf 80' lang='grc' dir='ltr'><em>ἔνιοι</em></span> <span class='ocrx_word' id='word_1_113' title='bbox 1696 1295 1767 1328; x_wconf 86' lang='grc' dir='ltr'><em>τας</em></span> 
     </span>
     <span class='ocr_line' id='line_1_18' title="bbox 186 1334 1765 1390; baseline 0.001 -14"><span class='ocrx_word' id='word_1_114' title='bbox 186 1334 266 1376; x_wconf 88' lang='grc' dir='ltr'><em>απὸ</em></span> <span class='ocrx_word' id='word_1_115' title='bbox 299 1343 369 1377; x_wconf 85' lang='grc' dir='ltr'><em>τοῦ</em></span> <span class='ocrx_word' id='word_1_116' title='bbox 399 1336 526 1390; x_wconf 86' lang='grc' dir='ltr'><em>πυρὸς</em></span> <span class='ocrx_word' id='word_1_117' title='bbox 557 1336 602 1377; x_wconf 84' lang='grc' dir='ltr'><em>έν</em></span> <span class='ocrx_word' id='word_1_118' title='bbox 631 1341 717 1385; x_wconf 86' lang='grc' dir='ltr'><em>ταῖς</em></span> <span class='ocrx_word' id='word_1_119' title='bbox 748 1336 920 1389; x_wconf 86' lang='grc' dir='ltr'><em>κνήμαις</em></span> <span class='ocrx_word' id='word_1_120' title='bbox 951 1336 1018 1377; x_wconf 83' lang='grc' dir='ltr'><em>καὶ</em></span> <span class='ocrx_word' id='word_1_121' title='bbox 1047 1351 1128 1385; x_wconf 87' lang='grc' dir='ltr'><em>τοις</em></span> <span class='ocrx_word' id='word_1_122' title='bbox 1159 1335 1310 1377; x_wconf 88' lang='grc' dir='ltr'><em>σκέλεσι</em></span> <span class='ocrx_word' id='word_1_123' title='bbox 1339 1335 1549 1390; x_wconf 84' lang='grc' dir='ltr'><em>γινομένας</em></span> <span class='ocrx_word' id='word_1_124' title='bbox 1570 1337 1765 1388; x_wconf 87' lang='grc' dir='ltr'><em>φλυκταί-</em></span> 
     </span>
     <span class='ocr_line' id='line_1_19' title="bbox 189 1390 1766 1464; baseline 0.001 -31"><span class='ocrx_word' id='word_1_125' title='bbox 189 1411 276 1443; x_wconf 83' lang='grc' dir='ltr'><em>νας.</em></span> <span class='ocrx_word' id='word_1_126' title='bbox 317 1397 420 1435; x_wconf 84' lang='lat' dir='ltr'><strong>idem</strong></span> <span class='ocrx_word' id='word_1_127' title='bbox 451 1394 643 1448; x_wconf 85' lang='grc' dir='ltr'><em>φύσιγγες</em></span> <span class='ocrx_word' id='word_1_128' title='bbox 676 1425 685 1435; x_wconf 94' lang='grc'><em>.</em></span> <span class='ocrx_word' id='word_1_129' title='bbox 709 1425 748 1437; x_wconf 92' lang='grc'><em>..</em></span> <span class='ocrx_word' id='word_1_130' title='bbox 779 1393 846 1434; x_wconf 84' lang='grc' dir='ltr'><em>καὶ</em></span> <span class='ocrx_word' id='word_1_131' title='bbox 876 1411 922 1434; x_wconf 89' lang='grc' dir='ltr'><em>τα</em></span> <span class='ocrx_word' id='word_1_132' title='bbox 956 1393 1000 1434; x_wconf 81' lang='grc' dir='ltr'><em>ἐν</em></span> <span class='ocrx_word' id='word_1_133' title='bbox 1029 1398 1115 1442; x_wconf 89' lang='grc' dir='ltr'><em>ταῖς</em></span> <span class='ocrx_word' id='word_1_134' title='bbox 1145 1390 1315 1464; x_wconf 88' lang='grc' dir='ltr'><em>κνήμαις</em></span> <span class='ocrx_word' id='word_1_135' title='bbox 1346 1391 1583 1460; x_wconf 79' lang='grc' dir='ltr'><em>ἐγκαύματα.</em></span> <span class='ocrx_word' id='word_1_136' title='bbox 1622 1395 1766 1435; x_wconf 84' lang='lat' dir='ltr'>Pollux</span> 
     </span>
     <span class='ocr_line' id='line_1_20' title="bbox 189 1447 1762 1507; baseline 0.001 -16"><span class='ocrx_word' id='word_1_137' title='bbox 189 1454 334 1501; x_wconf 89' lang='grc'>7,110</span> <span class='ocrx_word' id='word_1_138' title='bbox 365 1450 604 1506; x_wconf 78' lang='grc' dir='ltr'><em>φαύστιγγες</em></span> <span class='ocrx_word' id='word_1_139' title='bbox 627 1450 882 1506; x_wconf 84' lang='grc' dir='ltr'><em>(φλύκτιγγες</em></span> <span class='ocrx_word' id='word_1_140' title='bbox 905 1451 955 1507; x_wconf 89' lang='lat' dir='ltr'><em>C)</em></span> <span class='ocrx_word' id='word_1_141' title='bbox 978 1452 1024 1492; x_wconf 81' lang='grc' dir='ltr'><em>αἱ</em></span> <span class='ocrx_word' id='word_1_142' title='bbox 1040 1450 1129 1505; x_wconf 84' lang='grc' dir='ltr'><em>περὶ</em></span> <span class='ocrx_word' id='word_1_143' title='bbox 1149 1455 1236 1501; x_wconf 83' lang='grc' dir='ltr'><em>ταῖς</em></span> <span class='ocrx_word' id='word_1_144' title='bbox 1265 1450 1436 1505; x_wconf 84' lang='grc' dir='ltr'><em>κνήμαις</em></span> <span class='ocrx_word' id='word_1_145' title='bbox 1466 1447 1762 1507; x_wconf 79' lang='grc' dir='ltr'><em>(φλύκταιναι),</em></span> 
     </span>
     <span class='ocr_line' id='line_1_21' title="bbox 186 1507 742 1562; baseline 0.004 -15"><span class='ocrx_word' id='word_1_146' title='bbox 186 1507 352 1561; x_wconf 78' lang='grc' dir='ltr'><em>μάλιστα</em></span> <span class='ocrx_word' id='word_1_147' title='bbox 384 1507 428 1550; x_wconf 86' lang='grc' dir='ltr'><em>δὲ</em></span> <span class='ocrx_word' id='word_1_148' title='bbox 459 1508 524 1549; x_wconf 78' lang='grc' dir='ltr'><em>ἐπὶ</em></span> <span class='ocrx_word' id='word_1_149' title='bbox 553 1507 742 1562; x_wconf 84' lang='grc' dir='ltr'><em>χαλκέων.</em></span> 
     </span>
    </p>
   </div>
   <div class='ocr_carea' id='block_1_7' title="bbox 395 1611 1019 1722">
    <p class='ocr_par' dir='ltr' id='par_1_7' title="bbox 395 1611 1019 1722">
     <span class='ocr_line' id='line_1_22' title="bbox 934 1611 1019 1654; baseline 0 0"><span class='ocrx_word' id='word_1_150' title='bbox 934 1611 1019 1654; x_wconf 91' lang='grc'><em>884</em></span> 
     </span>
     <span class='ocr_line' id='line_1_23' title="bbox 395 1666 622 1722; baseline -0.004 -12"><span class='ocrx_word' id='word_1_151' title='bbox 395 1670 462 1710; x_wconf 90' lang='grc' dir='ltr'><em>Φλ</em></span> <span class='ocrx_word' id='word_1_152' title='bbox 469 1666 622 1722; x_wconf 85' lang='grc' dir='ltr'><em>εήσιον</em></span> 
     </span>
    </p>
   </div>
   <div class='ocr_carea' id='block_1_8' title="bbox 302 1746 1766 1803">
    <p class='ocr_par' dir='ltr' id='par_1_8' title="bbox 302 1746 1766 1803">
     <span class='ocr_line' id='line_1_24' title="bbox 302 1746 1766 1803; baseline 0.003 -15"><span class='ocrx_word' id='word_1_153' title='bbox 302 1748 344 1788; x_wconf 86' lang='grc' dir='ltr'><em>τὸ</em></span> <span class='ocrx_word' id='word_1_154' title='bbox 375 1746 570 1789; x_wconf 75' lang='grc' dir='ltr'><em>Φλιάσιον</em></span> <span class='ocrx_word' id='word_1_155' title='bbox 599 1749 750 1789; x_wconf 82' lang='grc' dir='ltr'><em>πεδίον.</em></span> <span class='ocrx_word' id='word_1_156' title='bbox 779 1747 1082 1802; x_wconf 73' lang='grc' dir='ltr'><em>Ἀριστοφάνης.</em></span> <span class='ocrx_word' id='word_1_157' title='bbox 1115 1752 1282 1792; x_wconf 66' lang='lat' dir='ltr'>Photius</span> <span class='ocrx_word' id='word_1_158' title='bbox 1314 1754 1355 1791; x_wconf 70' lang='lat' dir='ltr'><em>et</em></span> <span class='ocrx_word' id='word_1_159' title='bbox 1386 1753 1562 1803; x_wconf 74' lang='lat' dir='ltr'><strong>Etymol.</strong></span> <span class='ocrx_word' id='word_1_160' title='bbox 1594 1766 1644 1793; x_wconf 91' lang='lat' dir='ltr'><em>m.</em></span> <span class='ocrx_word' id='word_1_161' title='bbox 1668 1753 1766 1800; x_wconf 84' lang='lat'><em>796,</em></span> 
     </span>
    </p>
   </div>
   <div class='ocr_carea' id='block_1_9' title="bbox 121 1808 1765 1860">
    <p class='ocr_par' dir='ltr' id='par_1_9' title="bbox 121 1808 1765 1860">
     <span class='ocr_line' id='line_1_25' title="bbox 121 1808 1765 1860; baseline 0.001 -14"><span class='ocrx_word' id='word_1_162' title='bbox 121 1819 124 1822; x_wconf 57' lang='lat'><strong>⁴</strong></span> <span class='ocrx_word' id='word_1_163' title='bbox 191 1810 228 1846; x_wconf 88' lang='lat'><em>5.</em></span> <span class='ocrx_word' id='word_1_164' title='bbox 262 1821 408 1846; x_wconf 82' lang='lat' dir='ltr'><strong>nomen</strong></span> <span class='ocrx_word' id='word_1_165' title='bbox 439 1810 582 1858; x_wconf 78' lang='lat' dir='ltr'><strong>poetae</strong></span> <span class='ocrx_word' id='word_1_166' title='bbox 614 1808 725 1847; x_wconf 71' lang='lat' dir='ltr'><strong>deest</strong></span> <span class='ocrx_word' id='word_1_167' title='bbox 755 1808 795 1846; x_wconf 86' lang='lat' dir='ltr'><em>in</em></span> <span class='ocrx_word' id='word_1_168' title='bbox 826 1810 1005 1860; x_wconf 79' lang='lat' dir='ltr'><strong>Etymol.</strong></span> <span class='ocrx_word' id='word_1_169' title='bbox 1038 1812 1285 1859; x_wconf 80' lang='lat' dir='ltr'><strong>quapropter</strong></span> <span class='ocrx_word' id='word_1_170' title='bbox 1315 1810 1521 1849; x_wconf 81' lang='lat' dir='ltr'><strong>Dobraeus</strong></span> <span class='ocrx_word' id='word_1_171' title='bbox 1562 1809 1604 1848; x_wconf 89' lang='lat' dir='ltr'><em>in</em></span> <span class='ocrx_word' id='word_1_172' title='bbox 1636 1809 1765 1849; x_wconf 80' lang='lat' dir='ltr'><strong>indice</strong></span> 
     </span>
    </p>
   </div>
   <div class='ocr_carea' id='block_1_10' title="bbox 186 1865 1763 2035">
    <p class='ocr_par' dir='ltr' id='par_1_10' title="bbox 186 1865 1763 2035">
     <span class='ocr_line' id='line_1_26' title="bbox 187 1865 1763 1917; baseline 0.001 -14"><span class='ocrx_word' id='word_1_173' title='bbox 187 1865 303 1904; x_wconf 77' lang='lat' dir='ltr'><strong>Phot.</strong></span> <span class='ocrx_word' id='word_1_174' title='bbox 335 1879 375 1915; x_wconf 87' lang='lat' dir='ltr'><em>p.</em></span> <span class='ocrx_word' id='word_1_175' title='bbox 399 1867 479 1903; x_wconf 87' lang='lat'><em>735</em></span> <span class='ocrx_word' id='word_1_176' title='bbox 502 1865 615 1915; x_wconf 82' lang='lat' dir='ltr'><strong>Lips.</strong></span> <span class='ocrx_word' id='word_1_177' title='bbox 639 1866 678 1904; x_wconf 92' lang='lat' dir='ltr'><em>id</em></span> <span class='ocrx_word' id='word_1_178' title='bbox 709 1866 759 1904; x_wconf 76' lang='lat' dir='ltr'><em>ad</em></span> <span class='ocrx_word' id='word_1_179' title='bbox 790 1867 967 1916; x_wconf 79' lang='lat' dir='ltr'>glossam</span> <span class='ocrx_word' id='word_1_180' title='bbox 997 1866 1217 1916; x_wconf 81' lang='lat' dir='ltr'><strong>proximam</strong></span> <span class='ocrx_word' id='word_1_181' title='bbox 1248 1865 1442 1916; x_wconf 78' lang='grc' dir='ltr'><em>φληνάφα</em></span> <span class='ocrx_word' id='word_1_182' title='bbox 1474 1867 1598 1917; x_wconf 90' lang='lat' dir='ltr'><strong>(Nub.</strong></span> <span class='ocrx_word' id='word_1_183' title='bbox 1633 1865 1763 1915; x_wconf 88' lang='grc'>1475)</span> 
     </span>
     <span class='ocr_line' id='line_1_27' title="bbox 186 1918 1763 1978; baseline 0.003 -18"><span class='ocrx_word' id='word_1_184' title='bbox 186 1922 321 1970; x_wconf 77' lang='lat' dir='ltr'><strong>traxit,</strong></span> <span class='ocrx_word' id='word_1_185' title='bbox 361 1922 515 1961; x_wconf 79' lang='lat' dir='ltr'><strong>ratione</strong></span> <span class='ocrx_word' id='word_1_186' title='bbox 546 1922 762 1961; x_wconf 83' lang='lat' dir='ltr'><strong>admodum</strong></span> <span class='ocrx_word' id='word_1_187' title='bbox 794 1923 926 1962; x_wconf 83' lang='lat' dir='ltr'><strong>dubia.</strong></span> <span class='ocrx_word' id='word_1_188' title='bbox 969 1918 1171 1962; x_wconf 75' lang='grc' dir='ltr'><em>Φλειάσιοι</em></span> <span class='ocrx_word' id='word_1_189' title='bbox 1211 1925 1253 1962; x_wconf 89' lang='lat' dir='ltr'><em>in</em></span> <span class='ocrx_word' id='word_1_190' title='bbox 1291 1923 1448 1975; x_wconf 61' lang='lat' dir='ltr'><strong>firipode</strong></span> <span class='ocrx_word' id='word_1_191' title='bbox 1479 1923 1672 1975; x_wconf 77' lang='lat' dir='ltr'><strong>Delphico</strong></span> <span class='ocrx_word' id='word_1_192' title='bbox 1693 1921 1763 1978; x_wconf 76' lang='lat' dir='ltr'>(cf.</span> 
     </span>
     <span class='ocr_line' id='line_1_28' title="bbox 186 1978 1531 2035; baseline 0.001 -16"><span class='ocrx_word' id='word_1_193' title='bbox 186 1979 371 2020; x_wconf 84' lang='lat' dir='ltr'><strong>Bursian.</strong></span> <span class='ocrx_word' id='word_1_194' title='bbox 395 1978 538 2034; x_wconf 87' lang='lat' dir='ltr'><strong>Geogr.</strong></span> <span class='ocrx_word' id='word_1_195' title='bbox 560 1993 621 2034; x_wconf 84' lang='lat' dir='ltr'><em>gr.</em></span> <span class='ocrx_word' id='word_1_196' title='bbox 643 1979 684 2020; x_wconf 94' lang='lat' dir='ltr'><em>II</em></span> <span class='ocrx_word' id='word_1_197' title='bbox 706 1981 758 2019; x_wconf 89' lang='lat'><em>33</em></span> <span class='ocrx_word' id='word_1_198' title='bbox 779 1993 818 2022; x_wconf 87' lang='lat' dir='ltr'><em>n.</em></span> <span class='ocrx_word' id='word_1_199' title='bbox 839 1978 884 2035; x_wconf 88' lang='lat'><em>5)</em></span> <span class='ocrx_word' id='word_1_200' title='bbox 905 1983 947 2020; x_wconf 77' lang='lat' dir='ltr'><em>et</em></span> <span class='ocrx_word' id='word_1_201' title='bbox 967 1980 1186 2022; x_wconf 85' lang='lat' dir='ltr'><strong>Kirchhoff.</strong></span> <span class='ocrx_word' id='word_1_202' title='bbox 1207 1981 1332 2022; x_wconf 82' lang='lat' dir='ltr'><strong>Inscr.</strong></span> <span class='ocrx_word' id='word_1_203' title='bbox 1356 1982 1441 2022; x_wconf 63' lang='grc' dir='ltr'><em>ΑΜ.</em></span> <span class='ocrx_word' id='word_1_204' title='bbox 1463 1981 1531 2021; x_wconf 86' lang='grc'><em>45.</em></span> 
     </span>
    </p>
   </div>
   <div class='ocr_carea' id='block_1_11' title="bbox 935 2115 1019 2159">
    <p class='ocr_par' dir='ltr' id='par_1_11' title="bbox 935 2115 1019 2159">
     <span class='ocr_line' id='line_1_29' title="bbox 935 2115 1019 2159; baseline 0 0"><span class='ocrx_word' id='word_1_205' title='bbox 935 2115 1019 2159; x_wconf 87' lang='grc'><em>885</em></span> 
     </span>
    </p>
   </div>
   <div class='ocr_carea' id='block_1_12' title="bbox 396 2174 508 2227">
    <p class='ocr_par' dir='ltr' id='par_1_12' title="bbox 396 2174 508 2227">
     <span class='ocr_line' id='line_1_30' title="bbox 396 2174 508 2227; baseline 0.019 -14"><span class='ocrx_word' id='word_1_206' title='bbox 396 2174 508 2227; x_wconf 80' lang='grc' dir='ltr'><em>φνεί</em></span> 
     </span>
    </p>
   </div>
   <div class='ocr_carea' id='block_1_13' title="bbox 182 2231 1764 2662">
    <p class='ocr_par' dir='ltr' id='par_1_13' title="bbox 186 2231 1764 2650">
     <span class='ocr_line' id='line_1_31' title="bbox 302 2231 1764 2319; baseline 0.001 -25"><span class='ocrx_word' id='word_1_207' title='bbox 302 2256 480 2307; x_wconf 75' lang='lat' dir='ltr'><strong>Etymol.</strong></span> <span class='ocrx_word' id='word_1_208' title='bbox 512 2270 564 2295; x_wconf 91' lang='lat' dir='ltr'><strong>m</strong></span> <span class='ocrx_word' id='word_1_209' title='bbox 598 2257 699 2305; x_wconf 84' lang='lat'>796,</span> <span class='ocrx_word' id='word_1_210' title='bbox 741 2257 794 2294; x_wconf 79' lang='lat'><em>46</em></span> <span class='ocrx_word' id='word_1_211' title='bbox 833 2255 949 2306; x_wconf 85' lang='grc' dir='ltr'><em>φνεί·</em></span> <span class='ocrx_word' id='word_1_212' title='bbox 994 2254 1059 2295; x_wconf 85' lang='grc' dir='ltr'><em>δεῖ</em></span> <span class='ocrx_word' id='word_1_213' title='bbox 1088 2255 1298 2319; x_wconf 81' lang='grc' dir='ltr'><em>γινώσκειν</em></span> <span class='ocrx_word' id='word_1_214' title='bbox 1336 2252 1397 2295; x_wconf 80' lang='grc' dir='ltr'><em>’ὅτι</em></span> <span class='ocrx_word' id='word_1_215' title='bbox 1435 2251 1624 2296; x_wconf 82' lang='grc' dir='ltr'><em>οὐδέποτε</em></span> <span class='ocrx_word' id='word_1_216' title='bbox 1661 2231 1764 2306; x_wconf 81' lang='grc' dir='ltr'><em>λέξις</em></span> 
     </span>
     <span class='ocr_line' id='line_1_32' title="bbox 182 2307 1764 2376; baseline 0 -26"><span class='ocrx_word' id='word_1_217' title='bbox 182 2309 405 2376; x_wconf 85' lang='grc' dir='ltr'><em>Ἑλληνικὴ</em></span> <span class='ocrx_word' id='word_1_218' title='bbox 422 2310 586 2365; x_wconf 78' lang='grc' dir='ltr'><em>οἴρχεται</em></span> <span class='ocrx_word' id='word_1_219' title='bbox 615 2309 695 2351; x_wconf 80' lang='grc' dir='ltr'><em>ἀπὸ</em></span> <span class='ocrx_word' id='word_1_220' title='bbox 725 2317 795 2352; x_wconf 85' lang='grc' dir='ltr'><em>τοῦ</em></span> <span class='ocrx_word' id='word_1_221' title='bbox 827 2328 858 2363; x_wconf 92' lang='grc' dir='ltr'><em>φ</em></span> <span class='ocrx_word' id='word_1_222' title='bbox 888 2311 956 2351; x_wconf 85' lang='grc' dir='ltr'><em>καὶ</em></span> <span class='ocrx_word' id='word_1_223' title='bbox 985 2328 1010 2351; x_wconf 90' lang='grc' dir='ltr'><em>ν</em></span> <span class='ocrx_word' id='word_1_224' title='bbox 1034 2343 1042 2352; x_wconf 95' lang='grc'><em>.</em></span> <span class='ocrx_word' id='word_1_225' title='bbox 1068 2342 1076 2350; x_wconf 97' lang='grc'><em>.</em></span> <span class='ocrx_word' id='word_1_226' title='bbox 1101 2347 1109 2355; x_wconf 88' lang='grc'><em>.</em></span> <span class='ocrx_word' id='word_1_227' title='bbox 1142 2307 1184 2352; x_wconf 84' lang='grc' dir='ltr'><em>τὸ</em></span> <span class='ocrx_word' id='word_1_228' title='bbox 1216 2311 1260 2352; x_wconf 82' lang='grc' dir='ltr'><em>δὲ</em></span> <span class='ocrx_word' id='word_1_229' title='bbox 1290 2312 1386 2363; x_wconf 87' lang='grc' dir='ltr'><em>φνεί</em></span> <span class='ocrx_word' id='word_1_230' title='bbox 1413 2309 1764 2363; x_wconf 80' lang='grc' dir='ltr'><em>ἐπιτετηδευμένον</em></span> 
     </span>
     <span class='ocr_line' id='line_1_33' title="bbox 188 2365 1764 2422; baseline 0.001 -14"><span class='ocrx_word' id='word_1_231' title='bbox 188 2368 269 2408; x_wconf 86' lang='grc' dir='ltr'><em>ε’στὶ</em></span> <span class='ocrx_word' id='word_1_232' title='bbox 300 2383 409 2420; x_wconf 85' lang='grc' dir='ltr'><em>παρα</em></span> <span class='ocrx_word' id='word_1_233' title='bbox 438 2367 728 2420; x_wconf 81' lang='grc' dir='ltr'><em>Ἀριστοφάνει,</em></span> <span class='ocrx_word' id='word_1_234' title='bbox 760 2368 914 2422; x_wconf 87' lang='grc' dir='ltr'><em>μίμημα</em></span> <span class='ocrx_word' id='word_1_235' title='bbox 945 2365 1092 2422; x_wconf 84' lang='grc' dir='ltr'><em>ὀρνέων</em></span> <span class='ocrx_word' id='word_1_236' title='bbox 1123 2375 1276 2421; x_wconf 87' lang='grc' dir='ltr'><em>φωνῆς.</em></span> <span class='ocrx_word' id='word_1_237' title='bbox 1309 2367 1464 2422; x_wconf 83' lang='grc' dir='ltr'><em>λέγουσι</em></span> <span class='ocrx_word' id='word_1_238' title='bbox 1494 2367 1539 2408; x_wconf 80' lang='grc' dir='ltr'><em>δέ</em></span> <span class='ocrx_word' id='word_1_239' title='bbox 1568 2384 1672 2418; x_wconf 84' lang='grc' dir='ltr'><em>τινες</em></span> <span class='ocrx_word' id='word_1_240' title='bbox 1702 2367 1764 2409; x_wconf 81' lang='grc' dir='ltr'><em>ὅτι</em></span> 
     </span>
     <span class='ocr_line' id='line_1_34' title="bbox 186 2422 1761 2479; baseline 0.001 -13"><span class='ocrx_word' id='word_1_241' title='bbox 186 2425 228 2466; x_wconf 83' lang='grc' dir='ltr'><em>τὺ</em></span> <span class='ocrx_word' id='word_1_242' title='bbox 259 2426 355 2476; x_wconf 90' lang='grc' dir='ltr'><em>φνεί</em></span> <span class='ocrx_word' id='word_1_243' title='bbox 389 2423 462 2466; x_wconf 85' lang='grc' dir='ltr'><em>οὐκ</em></span> <span class='ocrx_word' id='word_1_244' title='bbox 492 2424 654 2479; x_wconf 69' lang='grc' dir='ltr'><em>ἄρχεται</em></span> <span class='ocrx_word' id='word_1_245' title='bbox 682 2422 763 2466; x_wconf 74' lang='grc' dir='ltr'><em>ἀπὸ</em></span> <span class='ocrx_word' id='word_1_246' title='bbox 802 2427 871 2466; x_wconf 84' lang='grc' dir='ltr'><em>τοῦ</em></span> <span class='ocrx_word' id='word_1_247' title='bbox 902 2442 971 2477; x_wconf 90' lang='grc' dir='ltr'><em>φν.</em></span> <span class='ocrx_word' id='word_1_248' title='bbox 1004 2423 1078 2465; x_wconf 83' lang='grc' dir='ltr'><em>οὐκ</em></span> <span class='ocrx_word' id='word_1_249' title='bbox 1116 2425 1195 2465; x_wconf 79' lang='grc' dir='ltr'><em>ἔστι</em></span> <span class='ocrx_word' id='word_1_250' title='bbox 1223 2425 1298 2479; x_wconf 83' lang='grc' dir='ltr'><em>γὰρ</em></span> <span class='ocrx_word' id='word_1_251' title='bbox 1329 2426 1426 2475; x_wconf 86' lang='grc' dir='ltr'><em>φνεί</em></span> <span class='ocrx_word' id='word_1_252' title='bbox 1451 2423 1476 2478; x_wconf 81' lang='grc' dir='ltr'><em>ἡ</em></span> <span class='ocrx_word' id='word_1_253' title='bbox 1507 2423 1630 2475; x_wconf 81' lang='grc' dir='ltr'><em>λέξις,</em></span> <span class='ocrx_word' id='word_1_254' title='bbox 1664 2422 1761 2467; x_wconf 81' lang='grc' dir='ltr'><em>αλλᾶ</em></span> 
     </span>
     <span class='ocr_line' id='line_1_35' title="bbox 187 2479 1764 2536; baseline 0.001 -15"><span class='ocrx_word' id='word_1_255' title='bbox 187 2483 336 2534; x_wconf 79' lang='grc' dir='ltr'><em>τοφνεί,</em></span> <span class='ocrx_word' id='word_1_256' title='bbox 369 2484 437 2523; x_wconf 87' lang='grc' dir='ltr'><em>τοῦ</em></span> <span class='ocrx_word' id='word_1_257' title='bbox 469 2498 510 2523; x_wconf 89' lang='grc' dir='ltr'><em>το</em></span> <span class='ocrx_word' id='word_1_258' title='bbox 539 2482 593 2535; x_wconf 90' lang='grc' dir='ltr'><em>μὴ</em></span> <span class='ocrx_word' id='word_1_259' title='bbox 625 2482 738 2531; x_wconf 76' lang='grc' dir='ltr'><em>ὄντος</em></span> <span class='ocrx_word' id='word_1_260' title='bbox 767 2481 944 2536; x_wconf 73' lang='grc' dir='ltr'><em>ἄρθρου,</em></span> <span class='ocrx_word' id='word_1_261' title='bbox 974 2479 1073 2522; x_wconf 75' lang='grc' dir='ltr'><em>ἄλλα</em></span> <span class='ocrx_word' id='word_1_262' title='bbox 1094 2481 1237 2536; x_wconf 84' lang='grc' dir='ltr'><em>μέρους</em></span> <span class='ocrx_word' id='word_1_263' title='bbox 1259 2488 1330 2535; x_wconf 86' lang='grc' dir='ltr'><em>τῆς</em></span> <span class='ocrx_word' id='word_1_264' title='bbox 1352 2480 1512 2532; x_wconf 78' lang='grc' dir='ltr'><em>λέξεως·</em></span> <span class='ocrx_word' id='word_1_265' title='bbox 1543 2481 1611 2522; x_wconf 83' lang='grc' dir='ltr'><em>καὶ</em></span> <span class='ocrx_word' id='word_1_266' title='bbox 1640 2483 1764 2535; x_wconf 81' lang='grc' dir='ltr'><em>δῆλον</em></span> 
     </span>
     <span class='ocr_line' id='line_1_36' title="bbox 187 2537 1760 2593; baseline 0 -14"><span class='ocrx_word' id='word_1_267' title='bbox 187 2539 230 2579; x_wconf 82' lang='grc' dir='ltr'><em>ἐκ</em></span> <span class='ocrx_word' id='word_1_268' title='bbox 261 2541 331 2579; x_wconf 80' lang='grc' dir='ltr'><em>τοῦ</em></span> <span class='ocrx_word' id='word_1_269' title='bbox 360 2539 412 2592; x_wconf 87' lang='grc' dir='ltr'><em>μὴ</em></span> <span class='ocrx_word' id='word_1_270' title='bbox 444 2538 700 2593; x_wconf 83' lang='grc' dir='ltr'><em>εὑρίσκεσθαι</em></span> <span class='ocrx_word' id='word_1_271' title='bbox 733 2538 834 2580; x_wconf 79' lang='grc' dir='ltr'><em>αὐτὸ</em></span> <span class='ocrx_word' id='word_1_272' title='bbox 865 2539 982 2593; x_wconf 85' lang='grc' dir='ltr'><em>χωρὶς</em></span> <span class='ocrx_word' id='word_1_273' title='bbox 1014 2545 1085 2579; x_wconf 87' lang='grc' dir='ltr'><em>τοῦ</em></span> <span class='ocrx_word' id='word_1_274' title='bbox 1116 2555 1158 2579; x_wconf 91' lang='grc' dir='ltr'><em>το</em></span> <span class='ocrx_word' id='word_1_275' title='bbox 1187 2554 1295 2592; x_wconf 89' lang='grc' dir='ltr'><em>παρα</em></span> <span class='ocrx_word' id='word_1_276' title='bbox 1326 2551 1414 2580; x_wconf 89' lang='grc' dir='ltr'><em>τισι.</em></span> <span class='ocrx_word' id='word_1_277' title='bbox 1478 2537 1760 2591; x_wconf 85' lang='grc' dir='ltr'><em>Χοιροβοσκός.</em></span> 
     </span>
     <span class='ocr_line' id='line_1_37' title="bbox 186 2592 1764 2662; baseline 0.001 -26"><span class='ocrx_word' id='word_1_278' title='bbox 186 2599 354 2638; x_wconf 79' lang='lat' dir='ltr'><strong>Photius</strong></span> <span class='ocrx_word' id='word_1_279' title='bbox 384 2600 543 2648; x_wconf 85' lang='grc' dir='ltr'><em>φλιει·</em></span> <span class='ocrx_word' id='word_1_280' title='bbox 576 2596 783 2649; x_wconf 85' lang='grc' dir='ltr'><em>μιμητικὸς</em></span> <span class='ocrx_word' id='word_1_281' title='bbox 812 2592 907 2649; x_wconf 72' lang='grc' dir='ltr'><em>ἦχος</em></span> <span class='ocrx_word' id='word_1_282' title='bbox 937 2603 1020 2637; x_wconf 81' lang='grc' dir='ltr'><em>τῶν</em></span> <span class='ocrx_word' id='word_1_283' title='bbox 1049 2596 1345 2662; x_wconf 71' lang='grc' dir='ltr'><em>γαμψωνύχων.</em></span> <span class='ocrx_word' id='word_1_284' title='bbox 1389 2593 1689 2648; x_wconf 73' lang='grc' dir='ltr'><em>Ἀριστοφάνης.</em></span> <span class='ocrx_word' id='word_1_285' title='bbox 1721 2600 1764 2638; x_wconf 63' lang='lat' dir='ltr'><em>eff.</em></span> 
     </span>
    </p>
   </div>
   <div class='ocr_carea' id='block_1_14' title="bbox 126 2649 1761 2706">
    <p class='ocr_par' dir='ltr' id='par_1_14' title="bbox 126 2649 1761 2706">
     <span class='ocr_line' id='line_1_38' title="bbox 126 2649 1761 2706; baseline 0.001 -13"><span class='ocrx_word' id='word_1_286' title='bbox 126 2671 128 2674; x_wconf 94' lang='lat'>·</span> <span class='ocrx_word' id='word_1_287' title='bbox 188 2655 329 2694; x_wconf 84' lang='lat' dir='ltr'><strong>Suidas</strong></span> <span class='ocrx_word' id='word_1_288' title='bbox 360 2654 510 2704; x_wconf 86' lang='grc' dir='ltr'><em>φλίει·</em></span> <span class='ocrx_word' id='word_1_289' title='bbox 542 2660 760 2706; x_wconf 79' lang='grc' dir='ltr'><em>μιμητικῶς</em></span> <span class='ocrx_word' id='word_1_290' title='bbox 781 2657 915 2706; x_wconf 86' lang='grc' dir='ltr'><em>φωνεῖ</em></span> <span class='ocrx_word' id='word_1_291' title='bbox 931 2649 1156 2706; x_wconf 83' lang='grc' dir='ltr'><em>(μιμητικὸν</em></span> <span class='ocrx_word' id='word_1_292' title='bbox 1177 2659 1316 2705; x_wconf 82' lang='grc' dir='ltr'><em>φωνῆς</em></span> <span class='ocrx_word' id='word_1_293' title='bbox 1328 2652 1382 2706; x_wconf 85' lang='lat'>‘?).</span> <span class='ocrx_word' id='word_1_294' title='bbox 1414 2654 1589 2694; x_wconf 85' lang='lat' dir='ltr'>Cramer.</span> <span class='ocrx_word' id='word_1_295' title='bbox 1610 2655 1761 2694; x_wconf 82' lang='lat' dir='ltr'><strong>Aneod.</strong></span> 
     </span>
    </p>
   </div>
   <div class='ocr_carea' id='block_1_15' title="bbox 189 2707 1762 2781">
    <p class='ocr_par' dir='ltr' id='par_1_15' title="bbox 189 2707 1762 2781">
     <span class='ocr_line' id='line_1_39' title="bbox 189 2707 1762 2781; baseline -0.001 -30"><span class='ocrx_word' id='word_1_296' title='bbox 189 2711 261 2751; x_wconf 87' lang='lat' dir='ltr'><em>Ox.</em></span> <span class='ocrx_word' id='word_1_297' title='bbox 294 2712 333 2750; x_wconf 87' lang='grc' dir='ltr'><em>ΙΙ</em></span> <span class='ocrx_word' id='word_1_298' title='bbox 367 2714 464 2758; x_wconf 88' lang='lat'>155,</span> <span class='ocrx_word' id='word_1_299' title='bbox 495 2713 547 2751; x_wconf 86' lang='lat'><em>23</em></span> <span class='ocrx_word' id='word_1_300' title='bbox 586 2710 654 2751; x_wconf 85' lang='grc' dir='ltr'><em>καὶ</em></span> <span class='ocrx_word' id='word_1_301' title='bbox 685 2711 727 2752; x_wconf 87' lang='grc' dir='ltr'><em>τὸ</em></span> <span class='ocrx_word' id='word_1_302' title='bbox 757 2727 841 2763; x_wconf 90' lang='grc' dir='ltr'><em>φνη</em></span> <span class='ocrx_word' id='word_1_303' title='bbox 871 2708 968 2764; x_wconf 83' lang='grc' dir='ltr'><em>παρ’</em></span> <span class='ocrx_word' id='word_1_304' title='bbox 998 2708 1283 2781; x_wconf 83' lang='grc' dir='ltr'><em>Ἀριστοφανῃ·</em></span> <span class='ocrx_word' id='word_1_305' title='bbox 1315 2708 1395 2749; x_wconf 75' lang='grc' dir='ltr'><em>ἔστι</em></span> <span class='ocrx_word' id='word_1_306' title='bbox 1424 2707 1468 2748; x_wconf 79' lang='grc' dir='ltr'><em>δὲ</em></span> <span class='ocrx_word' id='word_1_307' title='bbox 1499 2739 1507 2748; x_wconf 91' lang='grc'><em>.</em></span> <span class='ocrx_word' id='word_1_308' title='bbox 1533 2709 1762 2762; x_wconf 85' lang='grc' dir='ltr'><em>..μίμημα</em></span> 
     </span>
    </p>
   </div>
   <div class='ocr_carea' id='block_1_16' title="bbox 187 2764 1760 2876">
    <p class='ocr_par' dir='ltr' id='par_1_16' title="bbox 187 2764 1760 2875">
     <span class='ocr_line' id='line_1_40' title="bbox 188 2764 1759 2835; baseline 0.001 -29"><span class='ocrx_word' id='word_1_309' title='bbox 188 2773 330 2818; x_wconf 87' lang='grc' dir='ltr'><em>φωνῆς.</em></span> <span class='ocrx_word' id='word_1_310' title='bbox 366 2764 518 2819; x_wconf 84' lang='grc' dir='ltr'><em>ὀρνέου.</em></span> <span class='ocrx_word' id='word_1_311' title='bbox 561 2770 701 2809; x_wconf 79' lang='lat' dir='ltr'><strong>Zonar.</strong></span> <span class='ocrx_word' id='word_1_312' title='bbox 737 2769 845 2808; x_wconf 89' lang='lat'>1815</span> <span class='ocrx_word' id='word_1_313' title='bbox 885 2767 982 2818; x_wconf 89' lang='grc' dir='ltr'><em>φνεί</em></span> <span class='ocrx_word' id='word_1_314' title='bbox 1016 2767 1170 2819; x_wconf 87' lang='grc' dir='ltr'><em>μίμημα</em></span> <span class='ocrx_word' id='word_1_315' title='bbox 1211 2772 1371 2818; x_wconf 81' lang='grc' dir='ltr'><em>φωνῆς,</em></span> <span class='ocrx_word' id='word_1_316' title='bbox 1411 2766 1648 2835; x_wconf 83' lang='grc' dir='ltr'><em>δίφθογγον.</em></span> <span class='ocrx_word' id='word_1_317' title='bbox 1709 2768 1759 2808; x_wconf 86' lang='lat' dir='ltr'><em>cf.</em></span> 
     </span>
     <span class='ocr_line' id='line_1_41' title="bbox 187 2818 1760 2876; baseline -0.001 -12"><span class='ocrx_word' id='word_1_318' title='bbox 187 2825 405 2864; x_wconf 78' lang='lat' dir='ltr'><strong>Herodian.</strong></span> <span class='ocrx_word' id='word_1_319' title='bbox 443 2826 489 2864; x_wconf 93' lang='lat' dir='ltr'>I</span> <span class='ocrx_word' id='word_1_320' title='bbox 502 2827 604 2874; x_wconf 88' lang='grc'>494,</span> <span class='ocrx_word' id='word_1_321' title='bbox 652 2828 713 2865; x_wconf 89' lang='grc'><em>16.</em></span> <span class='ocrx_word' id='word_1_322' title='bbox 758 2827 800 2864; x_wconf 93' lang='lat' dir='ltr'><em>II</em></span> <span class='ocrx_word' id='word_1_323' title='bbox 839 2828 942 2876; x_wconf 89' lang='grc'>601,</span> <span class='ocrx_word' id='word_1_324' title='bbox 984 2827 1048 2864; x_wconf 88' lang='grc'><em>17.</em></span> <span class='ocrx_word' id='word_1_325' title='bbox 1096 2825 1191 2864; x_wconf 85' lang='lat' dir='ltr'>Luc.</span> <span class='ocrx_word' id='word_1_326' title='bbox 1231 2825 1398 2875; x_wconf 82' lang='lat' dir='ltr'><strong>Lexiph.</strong></span> <span class='ocrx_word' id='word_1_327' title='bbox 1443 2826 1494 2863; x_wconf 90' lang='lat'><em>19</em></span> <span class='ocrx_word' id='word_1_328' title='bbox 1533 2818 1621 2863; x_wconf 83' lang='grc' dir='ltr'><em>οὐδ’</em></span> <span class='ocrx_word' id='word_1_329' title='bbox 1663 2821 1760 2863; x_wconf 89' lang='grc' dir='ltr'><em>όσον</em></span> 
     </span>
    </p>
   </div>
   <div class='ocr_carea' id='block_1_17' title="bbox 189 2878 1150 2935">
    <p class='ocr_par' dir='ltr' id='par_1_17' title="bbox 189 2878 1150 2935">
     <span class='ocr_line' id='line_1_42' title="bbox 189 2878 1150 2935; baseline 0.002 -15"><span class='ocrx_word' id='word_1_330' title='bbox 189 2886 258 2921; x_wconf 73' lang='grc' dir='ltr'><em>τοῦ</em></span> <span class='ocrx_word' id='word_1_331' title='bbox 288 2886 365 2934; x_wconf 71' lang='grc' dir='ltr'><em>γρῦ</em></span> <span class='ocrx_word' id='word_1_332' title='bbox 395 2895 460 2920; x_wconf 73' lang='lat' dir='ltr'><em>noct</em></span> <span class='ocrx_word' id='word_1_333' title='bbox 492 2887 563 2921; x_wconf 64' lang='lat' dir='ltr'><em>tofi</em></span> <span class='ocrx_word' id='word_1_334' title='bbox 593 2886 693 2932; x_wconf 73' lang='grc' dir='ltr'><em>φνεῖ</em></span> <span class='ocrx_word' id='word_1_335' title='bbox 716 2886 985 2935; x_wconf 71' lang='grc' dir='ltr'><em>φροντιοῦμεν</em></span> <span class='ocrx_word' id='word_1_336' title='bbox 1013 2878 1150 2922; x_wconf 70' lang='grc' dir='ltr'><em>αὐτοῦ·</em></span> 
     </span>
    </p>
   </div>
  </div>
 </body>
</html>
