1872 3224
194 174 279 218 310
837 167 1136 202 ΕΤΠοΑΙΔοΣ

195 279 315 330 βολοῦ
345 274 467 327 idem]
500 279 571 314 τοῦ
601 270 758 321 ὀβολοῦ.
789 274 863 312 hoe
895 273 1012 311 dicit·
1053 272 1133 310 ‘res
1170 270 1306 310 nescio
1343 283 1464 321 quae,
1503 270 1632 322 pisces
1669 271 1769 322 puto

198 330 370 385 ἕψητούς
400 334 463 373 vel
494 333 572 371 tale
604 331 770 382 aliquid,
800 333 883 369 tam
913 329 1090 380 pretiosa
1128 330 1207 377 est,
1248 331 1294 367 ut
1330 328 1396 367 vel
1430 340 1649 379 pravorum
1689 339 1771 367 non

196 393 366 431 multum
397 390 513 429 obolo
544 389 729 428 constet’.

944 497 1024 539 186

400 577 554 635 πότερ’
585 571 644 634 ἦν
675 577 726 620 τὸ
756 579 939 632 τάριχος
970 574 1177 631 Φρύγιον
1207 573 1237 633 ἢ
1267 574 1566 632 Γαδειρικόν;

312 663 536 714 Stephanus
575 662 673 713 Byz.
717 659 909 711 Γάδειρα·
948 658 1016 699 καὶ
1051 656 1239 708 κτητικὸν
1287 654 1531 710 Γαδειρικός.
1593 655 1775 707 Εὔπολις

201 723 373 775 Μαρικᾷ
404 721 485 758 κτλ.
518 720 734 758 Herodian.
765 719 786 758 Ι
819 719 997 768 152,16
1030 717 1167 765 Lenta,
1202 717 1270 756 ubi
1299 715 1481 767 πότερον.
1533 717 1776 757 salsamenta

197 778 374 829 Phrygia
405 777 540 816 eadem
571 790 657 816 esse
689 773 870 826 suspicor
902 779 1021 825 atque
1053 775 1342 826 Hellespontia.
1374 774 1521 814 Pollux
1551 775 1589 822 6,
1622 774 1677 814 48
1708 787 1774 812 τα-

200 835 287 886 ρίχη
319 832 513 884 Ποντικοὶ,
535 832 707 886 Φρύγια,
730 831 948 886 Αἰγύπτια,
983 831 1171 885 Σαρδῷα,
1205 829 1437 883 Γαδειρικᾶ.
1468 831 1520 872 cf.
1551 830 1774 883 Antiphon.

202 894 268 932 77.
299 892 470 932 Nicostr.
503 893 543 930 4.

948 1001 1026 1045 187

406 1084 716 1139 περιήλθομεν
747 1083 819 1125 καὶ
853 1083 1004 1137 φῦλον
1035 1080 1418 1138 ἀμφορεαφόρων.

315 1167 456 1206 Suidas
487 1159 840 1217 ἇμφορεαφόρους·
875 1163 968 1213 τοὺς
998 1164 1190 1216 μισθίους
1212 1158 1303 1212 τοὺς
1326 1162 1372 1203 τὰ
1391 1157 1558 1218 κεράμια
1579 1160 1775 1216 φέροντας

268 1221 480 1271 ,Εὔπολις
503 1223 684 1278 Μαρικᾶ.
703 1225 833 1274 φῦλον
863 1219 1186 1275 α’μφορεαφόρων
1215 1223 1397 1262 Pierson.
1418 1222 1542 1262 Moer.
1565 1218 1635 1275 63]
1658 1219 1782 1273 φίλον

202 1253 382 1334 ἀμφορέα
413 1278 559 1333 φέρων.
591 1279 723 1331 φύλον
752 1281 799 1320 Α.
833 1281 880 1320 cf.
913 1281 962 1320 fr.
996 1281 1092 1322 304

952 1393 1030 1436 188

579 1470 643 1515 νώ
674 1473 776 1529 γάρ,
810 1472 991 1528 ἄνδρες,
1023 1471 1106 1529 οὐχ
1138 1472 1408 1528 ίππεύομεν.

316 1556 556 1606 Apollonius
589 1557 647 1596 De
678 1569 860 1607 pronom.
882 1571 921 1607 p.
945 1558 1012 1605 85,
1039 1559 1088 1596 19
1122 1557 1352 1596 Schneider.
1386 1552 1442 1594 νώ
1472 1552 1783 1608 μονοσυλλοὶβως

205 1611 383 1659 Εὔπολις
416 1615 588 1667 Μαρικᾷ
625 1616 707 1653 κτλ.
747 1615 999 1653 incredibilia
1037 1615 1101 1654 vel
1137 1618 1304 1665 propter
1342 1616 1573 1664 temporum
1610 1613 1784 1653 rationes

205 1671 252 1709 de
282 1670 344 1709 his
376 1670 562 1710 Struvius
602 1671 660 1710 De
701 1671 804 1721 Eup.
839 1672 971 1710 Mario.
1004 1673 1175 1710 42-44
1212 1673 1462 1711 commentus
1500 1672 1573 1719 est,
1608 1670 1656 1709 fr.
1688 1668 1780 1710 sub-

203 1728 374 1778 iungens
405 1729 499 1775 394,
531 1741 702 1778 quocum
731 1729 804 1768 hoc
833 1729 953 1768 etiam
975 1729 1200 1769 Meinekius
1220 1729 1263 1768 in
1285 1729 1345 1768 ed.
1368 1728 1464 1768 min.
1487 1728 1621 1779 aliquo
1653 1726 1771 1767 modo
1829 1731 1843 1746 ·

205 1784 423 1824 cohaesisse
454 1785 668 1825 existimat.

966 1897 1044 1940 189

320 1979 512 2020 Aelianus
542 1979 591 2019 V.
622 1981 661 2020 h.
697 1982 763 2029 12,
793 1981 848 2020 30
879 1980 934 2028 εἰς
966 1985 1157 2020 τοσοῦτον
1187 1978 1231 2021 δὲ
1262 1979 1344 2034 α’ρα
1375 1982 1599 2034 Κυρηναῖοι
1629 1983 1786 2032 τρυφῆς

211 2034 436 2098 ἐξώκειλαν,
469 2035 568 2076 ὥστε
601 2033 799 2076 Πλάτωνα
829 2036 1108 2090 παρεκάλουν,
1150 2037 1218 2078 ἵνα
1238 2036 1388 2106 ,αὐτοῖς
1425 2035 1587 2091 γένηται
1615 2034 1787 2106 νομοθέ-

209 2106 298 2144 της·
332 2086 400 2132 τὸν
439 2091 483 2132 δὲ
522 2090 750 2143 ἆπαξιῶσαί
784 2105 885 2144 φασι
926 2093 991 2134 διὰ
1033 2094 1106 2147 τὴν
1148 2093 1187 2144 ἐξ
1225 2092 1351 2148 ἀρχῆς
1390 2094 1600 2150 ῥαθυμίαν
1637 2090 1786 2135 αὐτῶν.

209 2147 391 2202 ὁμολογεῖ
419 2148 463 2189 δὲ
493 2149 560 2190 καὶ
591 2149 768 2199 Εὔπολις
809 2149 852 2190 ἐν
882 2157 935 2207 τῷ
966 2154 1160 2208 Μαρικᾶ,
1198 2151 1305 2201 ὅστις
1345 2150 1481 2192 αὐτῶν
1517 2148 1789 2200 εὐτελέστατος

209 2207 439 2260 σφραγῖδας
471 2203 548 2259 εἶχε
580 2206 676 2247 δέκα
705 2213 836 2260 μνῶν·
869 2215 1006 2261 παρῆν
1036 2207 1080 2249 δὲ
1109 2207 1394 2262 θαυμάζεσθαι
1414 2208 1481 2249 καὶ
1500 2206 1593 2258 τούς
1624 2207 1788 2262 διαγλύ-

209 2278 359 2315 φοντας
392 2263 483 2312 τοὺς
515 2265 766 2314 δακτυλίους.
798 2268 936 2318 attigit
966 2268 1063 2307 haec
1082 2268 1317 2319 Lessingius
1338 2268 1467 2319 Epist.
1491 2267 1630 2318 Antiq.
1651 2266 1789 2307 XXIII

216 2323 691 2363 164.171.Meinekius
722 2321 831 2371 ὅστις
859 2321 934 2377 γὰρ
963 2321 1099 2364 αὐτῶν
1121 2322 1228 2363 ἐστιν
1249 2322 1537 2375 εὐτελέστατος,
1563 2322 1570 2377 Ι
1597 2319 1787 2377 σφραγῖδ’

215 2376 291 2430 ἔχει
320 2384 435 2430 μνῶν
464 2377 572 2420 δέκα.
604 2382 724 2421 etiam
755 2381 832 2420 alia
861 2385 1031 2432 possunt
1062 2383 1296 2434 excogitari.

954 2517 1035 2559 190

354 2591 456 2635 αλλ’
490 2587 574 2635 οὖν
606 2595 747 2650 ἔγωγέ
774 2607 846 2639 σοι
878 2596 993 2651 λέγω
1027 2599 1300 2652 Μαρικαντα
1331 2594 1390 2652 μὴ
1424 2594 1643 2649 κολάζειν.

326 2675 560 2715 Eustathius
591 2679 684 2726 300,
718 2679 769 2716 22
802 2674 823 2716 ὁ
855 2677 900 2717 δὲ
931 2675 1180 2731 Ηρωδιανὸς
1222 2682 1302 2726 τοῖς
1343 2676 1562 2731 εἰρημένοις
1600 2692 1788 2732 παραπη-

213 2746 311 2802 γνυς
343 2730 410 2770 και
440 2729 509 2770 τὸν
537 2731 644 2786 παρὰ
677 2734 728 2790 τῷ
765 2740 927 2790 κωμικῷ
967 2736 1090 2787 (Nub.
1123 2735 1224 2788 549)
1267 2737 1467 2788 Μαρικᾶν
1503 2734 1546 2775 τὸ
1583 2734 1792 2789 βάρβαρον

214 2787 354 2859 ὄνομα,
386 2787 451 2827 διὰ
482 2795 552 2829 τοῦ
585 2805 629 2829 vt
659 2794 854 2844 κλιθῆναι
895 2789 1016 2844 λέγει,
1052 2790 1299 2846 παραφέρων
1333 2798 1476 2845 χρῆσιν
1513 2791 1665 2843 ταύτην
1701 2790 1787 2833 ἄλλ’

222 2840 296 2885 οὖν
326 2848 406 2885 κτλ.
437 2846 651 2890 Herodian
681 2850 700 2888 I
733 2849 975 2902 50,15.ΙΙ
1007 2851 1100 2900 637,
1134 2851 1202 2889 25.
1236 2852 1330 2900 657,
1363 2853 1416 2891 21
1449 2850 1589 2891 Lentz.
1621 2851 1788 2902 Eupoli-
