1872 3224
707 660 1184 748 ΣοΤΣΑΡΙΩΝ

718 780 895 822 Meinek.
927 781 947 820 Ῑ
980 781 1163 820 20-26.

255 861 318 900 De
355 861 566 901 comoedia
605 860 851 901 Graecorum
898 861 1181 913 antiquissima
1217 862 1358 914 ignota
1399 862 1528 901 adhuc
1572 863 1728 913 profert

141 918 278 972 glossa
317 919 465 959 codicis
505 919 803 971 Sangallensis,
851 920 900 959 ab
939 919 1120 960 Usenero
1161 920 1270 959 edita
1309 922 1351 959 et
1389 920 1603 959 emendata
1634 922 1737 963 Mus.

141 977 269 1019 Rhen.
301 976 479 1016 XXVIII
509 978 607 1017 418.
641 979 665 1017 9
697 979 743 1018 in
771 978 939 1026 fabulas
959 978 1088 1028 primi
1119 990 1205 1018 eam
1227 979 1479 1018 contulerunt
1498 991 1582 1018 non
1604 977 1736 1030 (deest

143 1035 188 1074 in
218 1030 327 1090 cod.)
356 1048 548 1088 magnas,
584 1037 643 1075 ita
671 1039 717 1075 ut
745 1048 830 1076 ‘non
859 1037 1083 1076 eoecederem
1116 1038 1163 1075 in
1200 1037 1370 1087 sinyulis
1403 1034 1596 1087 (singulos
1627 1035 1735 1087 cod.)

143 1105 282 1134 versus
310 1096 483 1133 trecenos
507 1092 694 1146 (tricenos
715 1092 837 1145 cod.).
871 1094 920 1134 cf.
944 1107 1047 1145 quae
1078 1092 1126 1133 de
1158 1108 1204 1133 ea
1233 1094 1465 1133 narratione
1497 1096 1538 1134 et
1559 1094 1608 1133 de
1630 1095 1733 1134 anti—

139 1151 359 1202 quissimae
400 1151 637 1191 comoediae.
666 1152 800 1191 forma
839 1152 1023 1203 disputat
1059 1152 1217 1192 Usener
1247 1165 1373 1203 usque
1406 1152 1457 1191 ad
1499 1165 1540 1202 p.
1573 1152 1662 1191 430
1694 1154 1734 1191 et

139 1209 209 1248 Fr.
241 1208 324 1248 Leo
355 1209 461 1249 Mus.
493 1209 568 1249 Rh.
601 1209 778 1249 XXXIII
810 1211 894 1251 140
924 1210 1018 1250 adn.
1051 1211 1090 1252 2.

256 1267 503 1319 Megaricam
535 1281 656 1319 quam
680 1268 822 1308 dicunt
841 1269 1091 1308 comoediam
1121 1268 1224 1307 nihil
1256 1267 1383 1307 fuisse
1404 1268 1483 1306 nisi
1513 1267 1735 1307 Athenien-

43 1327 57 1339 ⁹
141 1324 246 1364 sium
286 1327 564 1365 commentum
604 1325 799 1365 rusticam
837 1326 1137 1378 Megarensium
1174 1326 1479 1376 simplicitatem
1524 1327 1566 1364 et
1603 1326 1736 1365 stulti-

139 1382 243 1422 tiam
273 1383 537 1422 inridentium
560 1382 898 1423 Wilamowitzius
929 1384 1228 1424 demonstravit
1257 1383 1397 1423 Herm.
1421 1382 1544 1422 VIIII
1565 1384 1648 1422 319
1673 1397 1733 1435 sq.

140 1440 250 1480 idem
287 1453 370 1480 non
409 1441 541 1480 solum
581 1440 813 1481 Susarionis
854 1454 956 1493 quae
995 1442 1187 1482 feruntur
1225 1441 1294 1481 sed
1333 1441 1456 1481 etiam
1487 1441 1737 1492 reliquorum

141 1500 234 1539 ante
267 1497 479 1538 Cratinum
510 1499 766 1549 comicorum,
798 1512 970 1550 quorum
991 1500 1161 1541 nomina
1180 1499 1479 1549 tantummodo,
1511 1511 1593 1538 non
1624 1499 1735 1538 fabu-

141 1555 203 1596 lae
233 1555 477 1597 Aristoteles
497 1557 671 1606 noverit,
704 1558 934 1609 fragmenta
953 1571 1027 1609 pro
1049 1557 1268 1598 subditivis
1296 1557 1430 1597 habet.
1483 1570 1577 1596 sane
1600 1557 1737 1596 omnia

140 1613 212 1655 illa
231 1614 362 1654 multo
385 1615 515 1666 magis
536 1615 856 1666 Aristophaneae
888 1617 928 1655 et
950 1616 1199 1667 Eupolideae
1230 1616 1374 1655 aetatis
1404 1614 1582 1654 indolem
1615 1628 1736 1665 quam

70 1711 74 1715 ,
139 1672 207 1711 vel
237 1671 430 1712 Cratinus
459 1685 556 1723 prae
588 1685 630 1712 se
661 1673 810 1713 ferunt.

349 1782 541 1827 ἀκούετε
571 1785 682 1843 λεῷ·
717 1787 998 1844 Σουσαρίων
1029 1785 1150 1842 λέγει
1181 1785 1315 1840 τάδε,

349 1851 450 1904 υίὸς
481 1855 678 1897 Φιλίνου
709 1855 995 1911 Μεγαρόθεν
1033 1855 1378 1912 Τριποδίσκιος·

347 1920 493 1966 κακὸν
521 1930 758 1979 γυναῖκες·
793 1921 892 1967 ἀλλ’
927 1922 1070 1980 ὅμως,
1104 1918 1142 1968 ὦ
1172 1922 1390 1980 δημόται,

352 1988 437 2035 οὐκ
469 1986 596 2036 ἔστιν
626 1993 772 2036 οἰκεῖν
804 1993 955 2036 οἰκίαν
986 1992 1101 2036 ἄνευ
1133 1994 1294 2036 κακοῦ.

351 2061 428 2103 καὶ
457 2059 542 2117 γὰρ
572 2060 624 2104 τὸ
653 2063 795 2118 γῆμαι
826 2061 902 2105 καὶ
934 2060 986 2105 τὸ
1016 2060 1077 2118 μὴ
1108 2065 1249 2118 γῆμαι
1280 2060 1438 2105 κακόν.

255 2146 457 2185 v.1—4
496 2144 673 2185 Cramer.
721 2146 876 2186 Anecd.
917 2146 990 2188 Ox.
1029 2146 1093 2186 ΠΙ
1132 2148 1214 2186 336
1261 2144 1504 2218 Σουσαρίων
1549 2139 1667 2194 οὗτος
1713 2143 1734 2185 ὁ

140 2200 338 2254 κωμικός,
384 2200 546 2254 φαύλης
591 2207 662 2255 τῆς
699 2201 892 2256 γυναικὸς
933 2202 1076 2243 τούτου
1114 2202 1314 2254 φανείσης
1353 2202 1422 2243 και
1461 2209 1604 2243 τοῦτον
1633 2200 1735 2243 ἄπο-

140 2257 358 2331 λιπούσης,
398 2257 597 2300 εἰσελθών
627 2258 672 2300 ἐν
702 2266 757 2316 τῷ
787 2257 947 2315 θεατρῳ
977 2257 1256 2315 ἀνεφθέγξατο
1296 2260 1407 2300 ταδί·
1446 2258 1612 2301 ἀκούετε
1651 2264 1734 2304 κτλ.

143 2314 274 2356 ἰστέον
311 2314 357 2356 δὲ
387 2313 443 2366 ὡς
474 2323 555 2358 τῶν
592 2318 878 2372 Σουσαρίωνος
910 2317 1054 2366 τούτου
1085 2318 1321 2371 ποιημάτων
1349 2314 1452 2370 μόνα
1483 2323 1609 2358 ταῦτα
1623 2334 1735 2365 κατ-

143 2373 313 2426 ελείφθη
345 2372 391 2414 τα
423 2373 592 2428 τέσσαρα
623 2375 798 2429 ἰαμβεῖα.
830 2378 1000 2418 Bekker.
1033 2378 1187 2417 Anecd.
1212 2378 1295 2417 748
1327 2376 1486 2428 πρῶτον
1517 2371 1593 2416 οὗν
1623 2379 1734 2417 Σου-

142 2431 294 2499 σαρίων
323 2446 383 2480 τις
416 2431 662 2487 ἐμμέτρου
693 2429 960 2502 κωμῳδίας
990 2431 1211 2488 ἀρχηγὸς
1244 2431 1466 2486 ἐγένετο,
1499 2428 1550 2473 οὗ
1581 2433 1629 2473 τὰ
1659 2433 1736 2487 μὲν

142 2485 323 2543 δραματα
352 2483 463 2559 λήθη
493 2489 776 2544 κατενεμήθη,
808 2487 884 2532 δύο
913 2489 997 2531 δὲ
977 2490 1006 2543 η“
1036 2496 1144 2560 τρεῖς
1173 2491 1312 2544 ἴαμβοι
1342 2492 1413 2530 τοῦ
1443 2489 1605 2544 πρώτου
1632 2490 1733 2545 δροί-

141 2561 264 2599 ματος
296 2544 360 2587 ἐπὶ
379 2544 517 2603 μνήμῃ
539 2546 740 2602 φέρονται.
783 2548 860 2590 εἰσὶ
885 2547 931 2589 δὲ
959 2544 1090 2589 ουτοι·
1121 2546 1287 2589 ἀκούετε
1308 2550 1390 2588 κτλ.
1425 2548 1556 2589 Cram.
1581 2551 1733 2590 Anecd.

144 2604 216 2645 Ox.
238 2605 323 2645 IIII
345 2607 440 2645 315.
465 2609 503 2646 6.
526 2629 582 2634 -
613 2621 650 2647 v.
677 2609 713 2648 1.
737 2608 776 2647 3.
798 2608 840 2647 4.
873 2609 1060 2648 Diomed.
1082 2608 1145 2647 III
1176 2608 1259 2646 488
1293 2603 1438 2660 (Keil).
1470 2621 1507 2648 v.
1534 2609 1572 2648 3.
1597 2609 1622 2646 4
1646 2609 1731 2648 sine

143 2663 318 2703 auctoris
357 2664 520 2703 nomine
565 2664 696 2704 Schol.
744 2666 873 2705 Arist.
913 2666 1010 2717 Lys.
1045 2667 1169 2705 1038.
1223 2664 1338 2703 Suid.
1380 2662 1473 2703 οὔτε
1513 2673 1594 2703 συν
1633 2678 1732 2704 παν-

144 2716 357 2772 ωλέθροισι
387 2723 428 2761 et
457 2718 618 2769 τοῦπος.
663 2736 703 2763 v.
732 2724 768 2761 1.
793 2724 831 2762 3.
855 2724 895 2762 4.
918 2724 942 2762 5
977 2723 1091 2762 Stob.
1123 2722 1235 2764 Flor.
1269 2723 1334 2771 69,
1360 2723 1398 2764 2.
1433 2722 1579 2761 Arsen.
1613 2724 1651 2772 2,
1676 2725 1728 2763 65

144 2776 352 2828 (Apostol.
385 2778 405 2817 Ι
437 2780 490 2818 98
522 2792 546 2818 a
573 2776 784 2834 Leutsch).

258 2833 353 2890 λεῳ]
376 2834 474 2883 λεώς
505 2837 635 2876 Bekk.
659 2838 814 2877 Anecd.
838 2838 953 2879 Stob.
979 2860 1030 2866 ·-
1054 2838 1096 2876 at
1117 2850 1275 2887 semper
1295 2831 1461 2875 ἀκούετε
1491 2834 1567 2891 λεῴ
1588 2838 1731 2877 eodem

144 2892 187 2932 in
216 2891 361 2932 ultima
390 2893 620 2944 imperativi
651 2895 807 2945 syllaba
838 2895 936 2935 ictu.
988 2894 1196 2945 Aristoph.
1228 2893 1330 2933 Ach.
1367 2896 1490 2934 1000.
1522 2895 1611 2936 Pac.
1635 2896 1731 2934 551.

1410 2959 1458 2994 1*
