1872 3224
791 642 902 692 AM
914 643 958 693 E
970 643 1056 693 ΙΨ
1069 643 1205 693 ΙΑΣ

806 736 975 776 Meinek.
997 736 1018 776 1
1042 738 1191 787 199sq.

742 849 1260 883 ΑΠΟΚΟΤΤΑΒΙΖΟΝΤΕΣ

326 919 486 960 Cottabi
517 919 654 958 ludum
685 920 940 969 praeeipuam
970 920 1198 971 argumenti
1232 922 1388 970 partem
1421 921 1543 960 fuisse
1574 921 1783 972 inscriptio

214 977 343 1016 docet.
394 977 563 1028 Dionysi
601 979 736 1027 partes
773 978 815 1015 in
854 977 989 1016 fabula
1025 977 1148 1016 fuisse
1187 977 1442 1028 cognoscitur
1477 991 1524 1016 ex
1554 978 1604 1033 fr,
1637 979 1677 1018 4.
1729 978 1781 1018 cf.

212 1035 358 1073 Athen.
395 1035 456 1082 15,
491 1035 605 1073 ssssssa
636 1036 676 1073 ef,
706 1033 877 1073 Meinek.
909 1034 929 1072 Ι
961 1034 1057 1074 200.
1123 1053 1134 1068 ·

989 1146 1010 1186 1

872 1222 958 1279 ἐγώ
990 1223 1034 1266 δ’
1069 1222 1152 1267 ἰών
1182 1224 1454 1280 πειράσομαι
1555 1255 1579 1284 s.

418 1293 481 1343 εἰς
501 1291 584 1348 τὴν
605 1290 778 1347 ἀγορὰν
800 1294 937 1351 ἔργον
958 1295 1126 1374 λαβεῖν.
1158 1296 1208 1336 Β.
1223 1285 1367 1349 ’ἧττόν
1387 1289 1430 1348 γ’
1455 1292 1514 1336 ἂν
1535 1277 1627 1336 οὖν

415 1364 572 1417 νῆστις
602 1360 811 1417 καθάπερ
842 1359 1056 1418 κεστρεὺς
1085 1359 1418 1418 ἀκολουθήσεις
1448 1362 1561 1417 ἐμοί.

324 1445 556 1484 Athenaeus
589 1447 626 1494 7,
649 1446 763 1485 307e
794 1442 856 1483 ότι
886 1441 932 1485 δὲ
963 1439 1069 1492 εἶδος
1099 1442 1296 1498 κεστρέων
1324 1444 1366 1484 οἷ
1385 1443 1571 1496 νήστεις.
1628 1441 1783 1516 .Ἀμει·

209 1501 308 1566 ψίας
337 1499 735 1552 Ἀποκοτταβίζουσιν
763 1504 844 1543 κτλ.
928 1505 964 1540 1.
998 1500 1072 1541 ι’ὠν
1101 1500 1363 1555 Abreschius]
1396 1500 1509 1542 ἰδών.
1590 1475 1630 1542 2.
1662 1496 1784 1554 ἧττον

209 1552 282 1612 γὰρ
313 1559 389 1598 οὐν
419 1559 592 1598 Meinek.
614 1559 634 1597 I
656 1560 734 1599 201
769 1561 810 1598 et
839 1559 1045 1598 Dobraeus
1076 1559 1180 1599 Adv.
1203 1559 1244 1599 II
1266 1560 1361 1599 316.
1451 1561 1490 1599 3.
1523 1564 1660 1611 νῆστις
1689 1555 1782 1599 οἷκο-

209 1613 424 1668 λουθήσεις
456 1614 540 1667 ἐμοὶ
570 1613 759 1665 κεστρεύς
791 1616 960 1655 Meinek.
993 1617 1174 1659 Analect
1207 1617 1304 1656 Ath
1340 1618 1433 1656 137.
1465 1617 1514 1655 cf.
1547 1617 1699 1657 Oraffin.
1729 1618 1782 1656 52

211 1676 251 1713 et
280 1674 487 1723 Aristoph.
521 1674 568 1712 fr.
605 1674 698 1712 156.
729 1673 895 1713 Photius
927 1671 1063 1725 ἔργον·
1094 1670 1115 1712 6
1147 1671 1308 1725 μισθός.
1340 1671 1408 1713 καὶ
1436 1674 1576 1726 λαβεῖν
1606 1671 1722 1726 ἔργον
1740 1671 1784 1713 τὸ

208 1733 415 1782 μισθῶσαι
446 1728 606 1770 ἑαυτόν.
658 1730 707 1770 de
736 1730 943 1780 particulis
973 1728 1049 1782 γὰρ
1080 1744 1156 1769 ουν
1175 1731 1401 1770 Meinekius
1431 1731 1587 1782 relegat
1607 1733 1657 1771 ad
1678 1732 1777 1771 Her-

210 1802 342 1827 mann.
373 1788 511 1839 Viger.
542 1801 581 1838 p.
603 1788 702 1838 449,
733 1787 876 1826 Elmsl.
908 1787 1048 1838 Eurip.
1081 1788 1184 1827 Med.
1204 1789 1299 1837 804,
1325 1789 1362 1829 9.
1402 1788 1564 1828 videtur
1593 1789 1783 1839 conloqui

210 1846 411 1895 parasitus
442 1857 531 1884 cum
563 1858 608 1884 co
641 1857 762 1895 quem
792 1844 942 1884 frustra
972 1847 1132 1885 secutus
1163 1848 1248 1884 erat
1277 1858 1441 1895 sperans
1473 1845 1557 1884 fore
1586 1848 1633 1884 ut
1662 1846 1712 1885 ab
1733 1858 1781 1885 eo
1863 1888 1870 1892 ¹

209 1904 463 1943 invitaretur.
472 1923 476 1926 ·

984 1991 1012 2033 2

414 2067 441 2125 ἡ
475 2071 661 2125 Μανία,
694 2067 798 2126 φέρ’
831 2067 1044 2126 ὀξύβαφα
1075 2070 1149 2113 καὶ
1181 2069 1445 2126 κανθάρους

415 2137 491 2180 καὶ
521 2133 601 2181 τὸν
631 2136 934 2195 ποδανιπτῆρ’
969 2139 1160 2194 ἐγχέασα
1190 2137 1403 2188 θῦδατος.

323 2222 556 2262 Athenaeus
576 2223 663 2290 15,
697 2222 808 2262 667f
848 2218 954 2273 αὕτη
990 2219 1033 2260 δ’
1077 2218 1120 2274 (η
1153 2218 1318 2275 λεκάνη)
1359 2218 1506 2268 ύδατος
1546 2223 1780 2273 πληροῦται,

211 2277 343 2318 ἐπινεῖ
368 2293 408 2318 τε
439 2275 503 2318 ἐπ’
535 2252 663 2334 αὐτῆς
693 2275 878 2345 ὀξύβαφα
909 2277 1029 2330 κενοῖ,
1062 2275 1126 2329 ἐφ’
1160 2276 1188 2317 ὁὶ
1210 2276 1422 2331 βάλλοντες
1452 2275 1522 2326 τὰς
1543 2277 1715 2331 λαταγας
1737 2276 1781 2318 ἐκ

210 2335 437 2389 καρχησίων
467 2334 681 2388 ἐπειρῶντο
710 2331 928 2375 καταδύειν
959 2366 966 2373 .
1024 2332 1264 2405 ,Ἀμειψίας
1282 2332 1680 2388 Ἀποκοτταβίζουσιν
1698 2338 1779 2375 κτλ.

210 2396 250 2432 et
275 2397 339 2438 11,
364 2394 483 2433 473d
514 2390 576 2432 ότι
607 2390 651 2431 δὲ
680 2391 748 2432 καὶ
776 2390 967 2444 ποτήριόν
997 2407 1033 2432 τι
1053 2390 1160 2432 ου’τω
1183 2390 1430 2446 (κανθαρος)
1449 2394 1640 2462 καλεῖται,
1656 2389 1780 2444 Ἀμει-

209 2449 309 2499 ψίας
348 2447 392 2489 ἕν
425 2446 800 2502 Ἀποκοτταβίζουσί
831 2458 977 2501 φησιν·
1015 2465 1041 2501 η
1073 2451 1138 2489 Μ.
1181 2473 1228 2479 -
1267 2448 1514 2502 κανθαρους.
1575 2464 1600 2501 η
1639 2451 1722 2489 473
1734 2447 1779 2502 d]

207 2504 236 2557 ἡ
266 2509 386 2547 667f.
475 2509 513 2549 2.
547 2504 836 2560 ποδανιπτῆρ’]
868 2506 1146 2559 ποδανιπτηρα
1176 2508 1226 2547 Α.
1283 2505 1464 2554 θύδατος
1494 2506 1697 2558 Dindorfi]
1728 2503 1776 2544 θ’
1843 2547 1851 2550 ,

209 2562 369 2611 ὕδατος.
401 2563 546 2603 Μανία
577 2578 713 2605 servae
743 2578 889 2604 nomen
919 2566 993 2604 est.
1034 2577 1116 2604 non
1135 2566 1243 2604 recte
1270 2566 1317 2604 ut
1337 2564 1495 2604 videtur
1513 2562 1640 2614 μαμία
1661 2563 1780 2603 473d

210 2618 398 2675 (μαμμία,
431 2622 478 2661 cf.
510 2622 684 2662 Meinek.
714 2621 833 2663 Anal.
865 2622 959 2662 Ath.
993 2620 1109 2674 218).

979 2732 1006 2774 3

415 2812 548 2865 δυοῖν
579 2810 763 2867 ὀβολοῖν
793 2813 988 2867 ἕγχουσα
1019 2811 1094 2853 καὶ
1124 2809 1352 2867 ψιμύθιον

323 2895 498 2947 Etymol.
529 2909 583 2934 m.
617 2897 720 2946 313,
753 2897 808 2934 30
843 2887 910 2933 δια
947 2899 1019 2934 τοῦ
1055 2895 1082 2933 ἇ
1117 2892 1268 2946 λέγεται
1297 2891 1495 2946 ἄγχουσα,
1523 2890 1689 2933 Ἀττικοὶ
1731 2871 1797 2934 δὲ.

1855 3147 1872 3224 nni-'⁴1
1860 3114 1872 3132 r.
