1872 3224
137 47 149 59 „-
162 37 194 57 ,γε

767 196 1020 231 ΔΑΙΤΑΛΗΣ
1587 206 1669 247 449

70 291 336 350 ΛΔ”Ὀρνηρείους
364 296 504 362 Βίιιᾴἱ.
535 295 721 349 γλώττας,
753 299 792 338 τί
818 300 1036 357 Seidlcrus]
1065 302 1215 356 γλῶττά
1236 320 1270 344 τι
1291 304 1358 346 καὶ
1377 308 1502 359 Mosq.
1523 309 1668 360 γλῶττα

77 351 226 406 etmel
255 355 352 424 Ald5
383 356 533 408 γλωττῃ
562 370 640 394 τινι
660 357 781 397 Basil.
802 361 968 398 καλοῦσι
988 358 1090 414 Gal.]
1113 363 1287 402 καλεῖται
1307 364 1460 404 Pollux.
1491 364 1668 418 κόρυμβα

99 409 272 469 ΡῦῙῙΠΧ]
303 413 460 465 κθρυβα
491 412 579 452 Gal·
611 414 738 466 MOSq.
777 414 930 469 κόρυκα
965 419 1058 461 Ald.
1088 418 1210 460 Basil.
1298 422 1333 461 2.
1363 419 1526 461 καλοῦσ’
1559 422 1669 463 Seid·

14 512 19 516 .
55 468 461 526 wlprESJual-ofiffbv
490 469 630 510 Galen·
719 473 756 511 3-
791 471 895 528 ε’μὸς]
937 472 1020 527 ἐμοὶ
1056 477 1140 516 cod.
1178 478 1229 518 D.
1259 477 1412 526 ἰδυίους
1450 479 1667 533 Seidlerus]

52 537 58 585 ’ᾗ
103 524 252 571 {Mul
275 541 317 568 τε
346 529 414 569 vel
442 528 578 580 potius
609 527 743 576 ἰδοῦςε
772 544 866 571 nam
895 545 911 570 ι
939 547 990 572 τε.
1023 532 1163 586 ἑφεξῆς
1194 536 1384 586 scriptum
1414 540 1475 577 est
1493 551 1564 589 pro
1586 530 1670 578 εἶτα

45 596 56 604 ·“
81 640 85 642 ἡ
103 583 256 649 ἐφεξῆς
277 584 502 640 (Seidler.).
589 587 628 626 4.
661 586 701 625 τί
726 590 919 628 καλοῦσιν
946 583 1117 631 ἀποινᾶν
1143 589 1302 646 Bergk]
1335 592 1376 631 τί
1400 590 1488 633 ποτ’
1521 592 1601 634 ἐστὶ
1630 586 1672 634 τὸ

71 660 81 709 J
105 636 157 685 εὖ
172 647 320 684 ποιεῖν.
351 643 396 682 τί·
409 639 502 683 ποτ’
526 641 608 683 ἐστὶ
628 641 818 686 τούπύειν
840 647 877 698 (i.
897 661 930 687 e.
950 646 993 687 τὸ
1006 645 1163 701 ὀπύειν)
1183 649 1397 691 Dobraeus.
1427 650 1466 690 τί
1483 653 1672 691 καλοῦσιν

30 712 50 754 ’,ζ
107 697 270 742 ὀπυίειν
297 702 486 742 Dindorf.
548 702 785 754 deprompta
813 705 908 744 haec
938 708 1032 746 sunt
1062 720 1108 746 ex
1138 709 1386 758 syntagmate
1406 710 1670 759 anapaestico,

36 767 86 813 ²12⁹
103 773 191 827 >qno
221 760 432 800 altercatio
463 761 590 811 patris
619 763 660 800 et
699 761 786 800 filii.
808 763 968 814 inprobi
1006 766 1215 814 praesente
1251 768 1293 804 et
1330 766 1588 816 conloquente
1627 770 1672 805 ut

106 818 271 859 uidetur
298 818 428 869 probo
458 818 751 858 continebatur.
811 822 929 871 pater
956 822 1170 873 inprobum
1199 821 1245 861 de
1275 822 1493 873 glossarum
1525 823 1670 862 Home—

107 876 284 917 ricarum
330 876 664 926 interpretatione
707 876 949 930 interrogat,
970 892 1085 929 quas
1122 879 1190 919 ille
1227 891 1315 918 cum
1351 881 1518 928 nesciat,
1559 880 1671 919 fratri

19 934 48 981 :f
106 933 267 986 glossas
289 934 467 974 forenses
488 947 535 973 ex
557 934 733 985 antiquis
755 935 912 986 legibus
933 937 1183 987 explicandas
1214 937 1415 986 proponit.
1488 940 1523 975 l.
1556 936 1671 976 Hom.

22 1003 35 1030 ’.
107 991 158 1032 Il.
190 992 229 1042 9,
263 991 343 1030 241
378 995 538 1031 στεῦται
567 988 642 1044 γὰρ
673 997 786 1043 νηῶν
812 988 1038 1043 ἀποκόψειν
1074 992 1178 1047 ἄκρα
1215 991 1409 1045 κόρυμβα.
1453 994 1502 1034 cf.
1532 994 1672 1033 Aesch.

16 1071 48 1105 1
108 1049 219 1090 Pers.
251 1050 352 1096 411,
380 1049 470 1100 Iph'.
500 1049 595 1089 Aul.
620 1051 716 1089 258.
749 1050 898 1090 Herodi
923 1053 960 1100 7,
983 1052 1078 1091 218.
1167 1053 1205 1090 2.
1236 1051 1351 1091 Hom.
1384 1049 1456 1090 Od.
1487 1051 1553 1100 10,
1578 1052 1672 1090 521.

21 1120 51 1167 31·
110 1107 207 1168 5336.
251 1109 323 1156 11,
358 1108 424 1149 29.
459 1108 513 1146 49
553 1103 711 1146 νεκύων
746 1102 925 1159 ἀμενηνὰ
961 1106 1129 1161 κάρηνα.
1226 1109 1264 1148 3.
1305 1107 1475 1159 Hesych.
1514 1105 1672 1154 ι’δύους’

26 1202 30 1203 ⁷
107 1161 326 1217 μάρτυρας.
360 1162 608 1217 συνίστορας.
639 1165 745 1204 idem
776 1164 919 1204 ι’ὃυῖοι’
949 1163 1162 1218 μάρτυρες·
1193 1161 1222 1216 ἢ
1250 1164 1292 1204 οἱ
1316 1162 1385 1212 τὰς
1416 1162 1584 1214 φονικὰς
1615 1162 1673 1202 δί-

34 1245 40 1247 *
100 1236 184 1270 mg
216 1221 434 1275 κρίνοντες.
493 1221 535 1261 οἵ
560 1218 604 1261 δὲ
635 1221 874 1274 συνίστορες.
921 1222 1086 1263 Photius
1125 1220 1285 1269 ἰδύους·
1323 1219 1415 1269 τοὺς
1450 1219 1671 1272 μάρτυρας·

14 1315 15 1318 ,
107 1277 238 1328 οὕτως
270 1277 429 1320 Σόλων.
460 1280 647 1320 Eustath.
684 1281 805 1328 1158,
837 1281 892 1320 20
921 1277 981 1319 ὅτι
1011 1277 1150 1328 ι’δύους
1170 1277 1237 1319 καὶ
1261 1275 1432 1330 Δράκων
1450 1277 1516 1317 καὶ
1535 1276 1674 1317 Σόλων

3 1354 48 1382 τ,
73 1352 83 1355 ⁴
109 1335 203 1389 τοὺς
233 1333 438 1391 μάρτυράς
468 1347 609 1389 φησιν,
640 1335 781 1385 Αἴλιος
813 1334 1022 1385 Διονύσιος
1053 1337 1208 1390 ἱστορεῖ.
1239 1337 1289 1376 cf.
1319 1336 1472 1375 Ahrens
1501 1336 1605 1375 Dial.
1635 1335 1674 1374 H

109 1397 180 1444 47,
221 1396 292 1447 qui
322 1395 619 1447 Spartiatarum
648 1392 807 1447 βιὸέους
837 1396 900 1435 vel
930 1393 1099 1447 βιδύους
1127 1394 1428 1435 Atheniensium
1458 1389 1583 1439 ἶδύοις
1611 1393 1674 1432 vel

109 1450 274 1504 εἰὸύοις,
294 1453 469 1494 testibus
488 1454 554 1494 vel
574 1453 710 1492 litium
730 1453 960 1503 capitalium
979 1452 1189 1505 iudicibus,
1210 1453 1424 1502 comparat.
1496 1451 1536 1489 4.
1557 1442 1674 1488 ὀπύε-

111 1513 214 1550 σθαι
252 1511 491 1551 Plutarchus
530 1510 612 1550 Sol.
645 1511 700 1550 20
737 1523 785 1550 ex
823 1510 980 1550 Solonis
1023 1511 1111 1561 lege
1147 1509 1444 1549 commemorat.
1502 1507 1674 1557 Hesych.

0 1564 13 1625 ’ᾗ
108 1568 262 1622 βινεῖν·
293 1566 401 1621 παρὰ
431 1564 591 1607 Σόλωνι
620 1565 664 1607 τὸ
692 1566 762 1621 βίᾳ
791 1566 1027 1619 μίγνυσθαι,
1057 1564 1100 1605 τὸ
1132 1563 1177 1605 δὲ
1205 1563 1305 1604 κατὰ
1343 1562 1487 1616 νόμους
1524 1560 1675 1603 ὁπύειν.

4 1640 9 1642 ·
109 1627 180 1667 sed
209 1627 252 1666 id
273 1639 370 1669 cum„
393 1626 500 1666 haud
529 1638 620 1665 raro
651 1626 756 1676 apud
781 1625 1008 1670 Homerum,
1039 1625 1121 1664 filio
1141 1623 1310 1674 inprobo
1330 1635 1412 1662 non
1431 1622 1583 1670 tritum,
1614 1623 1674 1659 at-

110 1697 188 1735 que
212 1684 326 1735 apud
355 1684 464 1735 ipsos
485 1683 645 1723 Atticos
667 1682 786 1736 (Ach.
808 1681 911 1735 255)
942 1683 1190 1733 inveniatur,
1221 1682 1328 1720 recte
1348 1679 1412 1718 hic
1432 1681 1571 1729 aptum
1591 1690 1677 1717 esse

110 1744 237 1794 negat
280 1742 495 1793 Bergkius.
533 1740 704 1791 Hesych.
742 1736 934 1778 ἀποινᾶν·
973 1735 1234 1791 ἀπολυτροῦν.
1293 1737 1363 1776 sed
1405 1737 1477 1777 hoc
1520 1747 1676 1786 quoque

108 1799 278 1851 ‘Bergkii
306 1800 517 1840 inventum
546 1810 710 1849 prorsus
739 1798 938 1837 incertum
975 1798 1051 1837 est.
1112 1798 1285 1835 ceterum
1325 1793 1482 1833 Solonis
1519 1793 1675 1843 glossae

110 1857 366 1908 explicantur
394 1856 490 1908 Lys.
525 1857 589 1905 10,
623 1857 742 1905 15sq.
776 1867 821 1894 ac
850 1854 947 1893 talia
976 1866 1058 1893 non
1078 1854 1205 1892 solum
1226 1853 1267 1890 in
1287 1850 1553 1901 sophistarum
1573 1848 1676 1887 ludis

103 1915 331 1954 ‘exercitata
361 1927 447 1954 esse
477 1913 732 1964 cognoscitur
760 1925 808 1951 ex
827 1911 996 1950 Bekker.
1016 1910 1166 1951 Anecd.
1190 1910 1255 1957 26,
1279 1909 1302 1946 2
1333 1903 1673 1957 ἀποστοματίζειν·

111 1970 155 2012 τὸ
184 1968 266 2012 ἀπὸ
306 1966 499 2022 στόματος
536 1966 811 2022 ἐρωτωμένους
842 1965 887 2007 ἐν
922 1965 1163 2006 διδασκάλου
1199 1962 1228 2016 ἢ
1264 1961 1486 2017 γλώσσας
1519 1958 1550 2014 ἦ
1582 1960 1677 2000 ἄλλο

111 2043 149 2069 τι
179 2034 261 2069 τῶν
287 2026 541 2080 μαθημάτων
569 2023 711 2078 λέγειν.
772 2026 892 2066 etiam
921 2039 959 2065 v.
993 2026 1017 2063 2
1049 2027 1089 2064 et
1118 2025 1145 2062 4
1183 2023 1506 2062 tetrametrorum
1542 2019 1675 2059 viden-

111 2091 181 2127 tur
211 2100 297 2127 esse
325 2086 529 2136 reliquiae.

861 2217 945 2259 223

200 2317 318 2384 ᾆσον
347 2324 403 2381 δή
434 2338 510 2380 μοι
540 2320 726 2365 σκόλιόν
755 2336 798 2363 τι
828 2316 981 2375 λαβὼν
1007 2315 1214 2360 Ἀλκαίου
1244 2310 1579 2369 κάνακρέοντος.

146 2421 149 2425 ’
229 2432 461 2472 Athenaeus
495 2431 560 2476 15,
593 2428 708 2469 694a
738 2422 954 2478 ἐμέμνηντο
983 2420 1028 2463 δὲ
1058 2422 1099 2463 οἷ
1123 2419 1255 2461 πολλοὶ
1288 2418 1356 2459 καὶ
1384 2423 1465 2458 τῶν
1488 2413 1676 2455 Ἀττικῶν

114 2484 282 2530 ἐκείνων
309 2488 496 2529 σκολίων·
525 2484 628 2537 ἅπερ
657 2482 724 2524 καὶ
752 2478 852 2523 αὐτὰ
884 2480 1002 2531 ἄξιόν
1031 2478 1115 2520 ε’στί
1142 2489 1203 2518 σοι
1231 2474 1580 2528 ἀπομνημονεῦσαι
1609 2470 1676 2512 διά

94 2542 156 2588 ’τε
186 2540 260 2599 τὴν
288 2543 525 2600 ἀρχαιότητα
554 2541 623 2583 καὶ
651 2538 841 2592 ἀφέλειαν
869 2544 951 2579 τῶν
987 2532 1240 2589 ποιησάντων
1275 2531 1343 2573 καὶ
1378 2537 1459 2572 τῶν
1493 2528 1674 2570 ἐπαινου-

114 2602 249 2657 μένων
279 2602 343 2644 ἕπὶ
373 2606 421 2658 τῇ
451 2600 536 2656 ἰδέᾳ
567 2598 691 2654 ταύτῃ
720 2603 790 2650 τῆς
818 2600 1045 2648 ποιητικῆς,
1072 2591 1256 2632 Ἀλκαίου
1285 2604 1325 2630 τε
1354 2587 1421 2629 καὶ
1445 2584 1676 2639 Ἀνακρέον·

116 2676 196 2713 τος,
226 2658 281 2710 ὥς
306 2658 597 2715 Ἀριστοφάνης
626 2655 862 2709 παρίστησιν
898 2652 943 2693 ἐν
974 2652 1235 2699 Δαιταλεῦσι,
1272 2645 1395 2700 λέγων
1433 2643 1559 2710 οὕτως
1594 2645 1674 2684 κτλ.

115 2733 209 2760 cum
239 2719 363 2760 scolia
387 2718 634 2769 memoriter,
666 2727 746 2755 non
777 2714 825 2753 de
855 2712 1003 2762 scripto
1034 2708 1287 2757 canerentur,
1325 2704 1375 2743 ad
1416 2702 1550 2755 λαβων
1587 2714 1676 2750 sup-

116 2777 310 2828 plendum
338 2779 402 2816 est
431 2773 506 2826 τὴν
534 2771 744 2826 μυρρίνην.
774 2770 880 2810 Nub.
915 2768 1035 2807 1356.
1070 2765 1189 2804 1364.
1229 2774 1348 2802 senex
1383 2760 1512 2799 filium
1547 2759 1676 2823 inpro-

117 2835 227 2884 bum,
258 2836 306 2874 ut
333 2833 619 2884 Phidippidem
650 2827 912 2879 Strepsiades‚
943 2837 1066 2864 unum
1095 2834 1142 2861 ex
1172 2820 1310 2870 priscis
1339 2817 1419 2857 illis
1440 2814 1678 2856 carmmbus

117 2892 287 2932 recitare
317 2891 442 2931 iubet.
472 2903 521 2930 ex
549 2888 689 2928 eodem
718 2884 969 2936 syntagmate
1000 2894 1043 2920 ac
1073 2880 1124 2918 fr.
1156 2877 1236 2916 222
1269 2876 1508 2925 excerptum.

188 2963 307 2990 Comici
327 2962 444 2996 graeci,
464 2961 511 2989 ed.
531 2960 592 2987 Th.
611 2959 724 2985 Kook.
744 2958 771 2982 Ι.
1366 2942 1410 2973 29
