1872 3224
782 210 1016 245 ΘΡΑῙΤΤΑι
1121 244 1123 246 ο
1634 207 1688 250 37
1749 189 1754 195 ’

873 312 927 356 76

309 391 393 450 τὴν
408 373 589 448 ’πέρυσι
619 391 799 449 βουλὴν
832 391 1046 448 ἐφεστώς.

217 478 448 518 Priscianus
481 478 546 527 18,
581 478 663 516 213
695 477 897 526 Κρατῖνος
933 474 1145 547 Θρᾴτταις.
1184 478 1332 516 mirum
1365 480 1426 517 est
1465 476 1574 527 quod
1602 476 1688 515 Pri-

5 513 30 588 ἐξ
102 537 276 585 sciamus,
308 537 355 575 ut
384 535 543 575 Atticos
575 531 829 586 ἐπιστατήσει
859 530 978 584 ὖμων
1007 532 1076 573 καὶ
1096 531 1196 586 ὑμῖν
1226 535 1373 575 dixisse
1403 535 1570 586 probet,
1601 535 1689 574 nul-

5 593 30 647 3-3'
100 595 186 634 lum
224 594 352 634 dativi
383 593 610 644 exemplum
650 593 720 633 sed
759 593 837 631 duo
874 593 1074 644 genetivi,
1114 606 1240 632 unum
1279 593 1497 632 accusativi
1543 592 1687 631 adfert.

101 651 328 692 Meinekius
359 655 430 702 τῆς
461 649 623 717 βουλῆς.
663 651 705 689 at
735 650 907 690 fortasse
945 650 1019 689 hoc
1049 650 1189 689 dicit‘
1192 663 1264 701 per
1294 652 1429 690 totum
1458 650 1500 689 id
1530 653 1689 701 tempus

101 709 211 761 quod
242 705 269 760 ἡ
300 721 343 748 π.
374 702 501 761 βουλὴ
532 701 740 760 ἐβουλευε,
771 707 1000 759 praefectus
1031 709 1146 748 erat’.

871 820 924 863 77

310 898 551 944 ὀκτῶπουν
581 897 844 956 ἀνεγείρεις.

215 985 385 1026 Photius
407 987 448 1025 et
470 985 612 1025 Suidas
634 981 864 1024 ὀκτώπουν
895 985 1096 1036 Κρατῖνος
1127 979 1330 1063 Θρατταις
1353 980 1444 1024 ἀντὶ
1471 988 1542 1023 τοῦ
1571 994 1687 1036 σκορ-

100 1042 206 1083 πίον.
236 1041 427 1095 παροιμία
448 1041 525 1095 γὰρ
546 1041 757 1094 εσκορπίον
783 1038 1021 1096 [ὀκτώπουν]
1045 1038 1292 1094 ἆνεγείρεις’.
1315 1033 1519 1089 ὀκτώπους
1533 1056 1581 1081 ex
1600 1055 1690 1093 pro·

100 1101 241 1142 verbio
274 1101 392 1141 eiecit
423 1101 661 1140 Meinekius.
694 1101 937 1140 rectissime:
972 1113 1066 1140 nam
1090 1101 1353 1151 proverbium
1383 1102 1472 1140 erat
1494 1098 1688 1152 σκορπίον

102 1150 340 1211 ἀνεγείρεις,
373 1158 562 1198 Cxatinus
594 1160 729 1198 autem
761 1158 916 1209 scorpio
947 1157 1118 1209 figurate
1157 1153 1370 1197 ὀκτώπουν
1407 1158 1688 1198 substituerat.

101 1217 252 1256 talibus
302 1216 524 1265 ‘vocabulis
570 1215 850 1267 significativis
893 1216 1087 1255 dialectos
1132 1217 1311 1266 undique
1354 1216 1525 1255 refertas
1566 1216 1690 1255 fuisse

102 1274 243 1314 multis
265 1274 459 1325 exemplis
480 1274 716 1325 intellegere
737 1287 965 1324 possumus.
989 1273 1164 1325 Hesych.
1187 1269 1395 1320 ἇσποὲλους
1425 1270 1518 1320 τοὺς
1540 1270 1689 1324 ἰχθύας

101 1345 125 1370 a
154 1331 403 1382 palpitando.
435 1329 611 1383 βάβακοι
641 1327 724 1370 ὑπὸ
750 1327 922 1370 Ἠλείων
952 1328 1140 1383 τέττιγες,
1177 1327 1259 1370 ὑπὸ
1290 1332 1506 1370 Ποντικῶν
1536 1328 1581 1369 δὲ
1611 1327 1690 1383 βοὶ-

101 1403 247 1441 τραχοι.
281 1386 519 1442 βωλοόρυχα·
551 1386 627 1440 τὴν
657 1394 739 1428 σῦν
769 1387 999 1436 Λάκωνες’.
1032 1389 1134 1428 Lob.
1166 1388 1370 1440 Aglaoph.
1402 1389 1443 1428 II
1475 1389 1571 1431 847.

875 1502 897 1520 ,,

309 1556 585 1615 οἷπέφρησαν
882 1501 928 1544 18

216 1637 396 1695 ἀφῆκαν.
430 1643 627 1695 Κρατῖνος
653 1639 871 1701 Θρᾴσσαις.
903 1642 1080 1694 Hesych.
1114 1655 1163 1682 ex
1193 1642 1350 1684 emend.
1383 1643 1570 1692 Meinek.‚
1603 1643 1689 1683 cod.

101 1746 294 1799 Κρατῖνοι
311 1709 588 1799 θρασυῗςαριιᾱ
603 1747 702 1787 alios
718 1748 936 1798 scriptores
953 1747 1233 1787 tantummodo
1255 1742 1420 1799 ἕκφρεῖν
1435 1748 1477 1786 et
1494 1745 1690 1799 εἰσφρεῖν.

877 1858 931 1901 79

309 1913 550 1972 ἀρκυωρός

219 1995 240 2038 ὁ
271 1995 342 2047 τὰς
378 1997 529 2053 ἄρκυς,
568 1997 745 2039 τουτέστι
777 1997 824 2038 τὰ
855 1997 967 2049 λίνα,
1007 1997 1234 2048 φυλαττων.
1274 1996 1403 2051 ἄρκυς
1435 1996 1480 2037 δὲ
1510 1995 1692 2051 λέγονται

103 2054 236 2096 πάντα
257 2049 304 2095 τα
324 2054 567 2109 κυνηγετικὰ
601 2057 724 2096 λίνα.
748 2058 981 2110 .Κρατῐνος
1007 2055 1219 2123 Θροῖτταις.
1251 2056 1490 2107 Harpocrat.
1524 2079 1575 2084 —
1601 2070 1691 2096 cum

102 2112 230 2166 ἄρκυς
270 2115 510 2154 vocabulum
551 2116 605 2155 sit
642 2115 851 2164 usitatius,
893 2097 1103 2166 ἆρκυωρος
1141 2114 1226 2166 (vel
1255 2115 1390 2165 potius
1421 2109 1529 2165 ἆρκ.)
1562 2115 1690 2154 multo

102 2173 247 2220 rarius,
279 2173 356 2211 hoc
385 2173 558 2211 alterum
588 2173 638 2211 ab
670 2173 987 2223 Harpocratione
1019 2172 1235 2224 significmi
1274 2172 1449 2211 videtur.
1498 2172 1547 2213 cf.
1589 2172 1688 2211 Xen.

105 2229 258 2280 Cyneg.
301 2231 338 2278 6,
380 2232 419 2270 5.
467 2230 515 2269 de
561 2230 707 2281 spiritu
746 2231 790 2269 F.
832 2230 880 2270 G.
920 2230 1127 2281 Kiessling
1170 2229 1349 2281 Lycurgi
1387 2230 1438 2267 fr.
1477 2243 1516 2279 p.
1558 2231 1609 2269 61
1651 2233 1692 2268 et

105 2287 251 2338 Eupol.
283 2288 380 2327 313.

874 2376 931 2419 80

313 2432 530 2488 δίλογχον

219 2507 294 2567 τὴν
323 2512 479 2555 Βένδιν
509 2513 618 2556 οὕτω
649 2517 848 2568 Κρατῖνος
881 2514 926 2556 ἐν
957 2513 1154 2571 Θρᾴτταις
1186 2513 1387 2567 ἐκάλεσεν,
1415 2512 1504 2566 ἤτοι
1535 2512 1596 2554 ὅτι
1616 2513 1692 2554 δύο

106 2570 220 2624 τιμὰς
261 2568 530 2626 ἐκληρώσατο,
567 2570 763 2626 οὐρανίαν
805 2589 845 2614 τε
882 2572 950 2613 καὶ
989 2572 1183 2625 χθονίαν·
1224 2570 1368 2624 λόγχας
1406 2570 1483 2625 γὰρ
1522 2568 1693 2612 ἐκαλουν

107 2627 201 2678 τοὺς
232 2628 499 2682 κλήρους·οἷ
525 2628 569 2670 δὲ
599 2629 661 2670 ὅτι
691 2630 766 2671 δύο
796 2637 911 2682 φῶτα
942 2629 1044 2682 ἔχει,
1075 2629 1119 2670 τὸ
1150 2629 1258 2668 ἴδιον
1287 2627 1355 2667 καὶ
1386 2627 1429 2668 τὸ
1460 2635 1532 2669 τοῦ
1559 2626 1690 2695 ηλίου.

107 2685 180 2739 τὴν
217 2702 293 2740 γαρ
331 2684 503 2740 σελήνην
541 2686 690 2728 Βένδιν
728 2688 795 2728 καὶ
824 2688 1012 2742 ’Ἀρτεμιν
1052 2687 1293 2740 νομίζουσιν.
1325 2687 1498 2739 Hesych.
1542 2710 1597 2715 -
1636 2689 1693 2727 sic

108 2746 288 2784 Hecaten
325 2750 402 2786 tres
440 2747 569 2786 sortes
608 2749 771 2797 tresque
811 2748 961 2786 formas
1001 2747 1202 2796 accepisse
1233 2747 1390 2785 veteres
1421 2745 1690 2785 crediderunt.

107 2801 288 2854 δίλογχος
319 2816 366 2842 ex
395 2804 483 2854 ipso
514 2803 638 2843 verbo
675 2802 890 2857 λαγχάνειν
919 2804 1136 2843 formatum
1168 2816 1215 2841 ex
1246 2798 1417 2843 dialecto
1447 2803 1581 2841 nescio
1612 2816 1691 2852 qua

109 2860 159 2898 ad
190 2860 350 2899 Atticos
379 2861 540 2900 videtur
559 2863 804 2912 pervenisse.
838 2864 1014 2901 ceterum
1044 2861 1193 2899 rectius
1223 2858 1367 2907 Βενδῖς
1390 2859 1539 2899 Βενδῖν
1569 2860 1691 2899 scribi

109 2930 156 2955 ex
187 2918 543 2968 grammaticorum
573 2919 820 2958 testimoniis
853 2919 990 2958 docuit
1022 2917 1243 2968 Goettling.
1277 2917 1336 2957 De
1368 2919 1519 2957 accent.
1554 2917 1650 2955 275.
