1872 3224
635 180 968 215 ΕΚΦΑΝΊῚΔΟΤ
1001 180 1219 215 ΣΑΤἹῬΟΙ
1684 182 1710 224 9

36 259 49 281 ᾖ
121 272 363 336 Harpocrat.
398 282 636 327 Τιτακίδαι.
691 279 846 338 ,δῆμός
879 282 963 325 ἐστι
993 290 1064 338 τῆς
1095 284 1315 357 Αἰαντίδος
1347 289 1481 340 φυλῆς
1519 287 1560 327 οἱ
1590 289 1710 327 Τιτα-

121 341 256 395 xmae,
288 338 344 390 ὡς
373 340 611 395 Νίκανδρος
642 339 663 382 ὁ
700 341 973 395 Θυατειρηνὸς
1006 341 1050 383 ἐν
1087 342 1142 399 τῷ
1174 342 1264 397 περὶ
1293 359 1378 384 των
1408 343 1551 397 δήμων
1581 344 1709 397 δηλοῖ.

39 422 52 453 ‘1
121 400 240 441 Phot„
274 399 503 439 Τιτακίδαι·
536 399 664 452 δῆμός
696 398 777 440 ἐστι
808 417 877 454 της
910 400 1129 450 Αἰαντίδος
1161 402 1314 454 φυλῆς·
1345 401 1400 455 μή
1432 417 1526 443 ποτε
1557 400 1603 442 δὲ
1631 400 1711 443 ἀπὸ

24 476 51 531 ‘³
126 453 301 498 Τιτᾶκου
331 454 633 510 ωνομάσθησαν
665 452 715 498 οὐ
744 457 991 511 μνημονεύει
1007 456 1222 512 εΗρόδοτος
1247 459 1304 512 (9,
1329 458 1415 516 73).
1447 462 1557 501 idem
1592 463 1710 500 Τιτα-

120 515 233 570 γίδαι
261 514 330 557 καὶ
372 515 652 585 Θυργωνίδαι·
692 516 881 570 φρατρίαι
921 514 1026 564 τινὲς
1065 515 1132 557 καὶ
1161 515 1258 570 γένη
1288 517 1414 568 α’δοξα
1447 517 1514 559 καὶ
1544 513 1711 568 οὐδενὸς

32 576 39 606 T
120 572 339 623 agua-2139
376 571 452 626 γὰρ
491 570 693 614 εὐτέλειαν
730 572 1059 629 ἐκωμῳδεῖτο·
1106 572 1194 627 οὐχι
1240 573 1285 615 δὲ
1323 575 1463 628 δῆμοι,
1510 574 1564 625 ὅς
1605 592 1711 626 τινες

52 639 53 644 ’
122 630 290 673 οἴονται.
343 632 392 672 ef.
433 633 570 684 Etym.
603 647 657 672 m.
692 634 799 686 760,
832 635 886 673 33
927 635 967 673 et
1005 633 1133 673 Bekk.
1173 635 1542 685 Anecd.308,16
1590 636 1712 674 Τιπα-

121 688 232 744 γίδαι
262 686 315 745 (i)
353 688 460 737 τίνες
498 686 577 730 εἰσὶ
614 688 682 730 καὶ
723 690 942 744 Θαρδαὶων
980 688 1091 744 (sie).
1152 691 1292 742 Steph
1333 692 1429 744 Byz.
1480 692 1708 732 Τιτακίδαι·

31 753 35 755 ’
74 761 75 767 ’
122 747 249 800 δῆμος
281 746 350 800 τῆς
379 744 622 816 Ἀντιοχίδος
653 750 808 801 φυλῆς,
848 745 930 787 ἀπὸ
965 748 1138 788 Τιτακοῦ
1169 754 1240 788 τοῦ
1270 745 1488 802 προδόντος
1515 747 1713 801 Ἀφίδνας

122 808 206 855 τοῖς
239 803 516 859 Διοσκούροις.
557 807 601 846 in
639 807 977 858 inscriptionibus
1010 808 1159 848 Attiois
1197 819 1346 847 nomen
1376 821 1459 848 non
1488 809 1712 849 invenitur.

905 896 931 939 6

204 965 304 1009 εἰπέ
329 980 431 1021 μοι,
463 963 610 1022 νυνδὴ
641 965 727 1021 μὲν
759 963 915 1022 ὤμνυς
944 964 1004 1023 μὴ
1035 965 1298 1022 γεγονέναι,
1331 970 1421 1010 νῦν
1453 967 1503 1010 δὲ
1536 967 1639 1026 φῄς.

238 1038 407 1079 Photius
429 1041 469 1078 et
491 1037 636 1079 Suidas
669 1037 747 1078 νῦν
777 1034 846 1090 δή·
871 1034 1014 1091 ἀρτίως
1045 1035 1074 1090 ἢ
1092 1036 1237 1092 μικρὸν
1258 1038 1499 1094 ἔμπροσθεν.
1534 1039 1713 1095 Μάγνης

126 1092 170 1136 ἕν
190 1095 419 1151 Πυτακίδη.
453 1094 583 1148 νυνδὴ
615 1108 688 1147 pro
720 1101 800 1136 νῦν
809 1094 870 1161 δὴ
903 1098 1159 1137 scribendum
1191 1098 1270 1137 fuit
1290 1112 1337 1138 ex
1359 1100 1714 1150 grammaticorum

122 1154 358 1206 praeceptis,
388 1158 435 1194 ut
461 1152 620 1206 ἐπειδή,
651 1148 840 1206 ὁστισδή,
862 1150 1029 1206 δηλαδή.
1069 1154 1547 1199 of.Cobet.Var.1eet.2
1570 1159 1664 1198 233.
1688 1160 1714 1197 4

123 1215 164 1253 et
184 1226 284 1263 quae
299 1213 490 1253 adnotav1
506 1212 557 1251 ad
580 1213 706 1253 Arist.
723 1214 797 1253 Av.
817 1214 913 1252 923.
935 1213 1043 1253 Nub.
1062 1214 1159 1253 825.
1195 1214 1388 1269 Τιτακίδῃ
1410 1212 1713 1271 Bernhardyus]

124 1268 366 1321 Πυθακίδηι
388 1270 504 1310 Phot.
529 1269 642 1310 Suid.
664 1270 715 1310 A.
747 1269 953 1309 Πυτακίδι
974 1271 1020 1313 V.
1054 1270 1285 1310 Πυτακισκι
1300 1273 1390 1312 ΒΕ
1415 1296 1465 1302 --
1491 1272 1713 1328 γεγονέιαι,

122 1329 147 1368 i.
180 1342 215 1368 e.
249 1332 389 1367 ταῦτα.

827 1384 1011 1419 ΨΗΝΕΣ

237 1443 365 1484 Arist.
397 1444 471 1496 Eq.
506 1445 589 1484 523
622 1442 689 1484 καὶ
722 1443 907 1496 ψηνίζων
938 1457 1028 1484 cum
1060 1445 1184 1486 schol.
1216 1449 1257 1486 et
1286 1447 1409 1487 Mein.
1441 1448 1460 1486 I
1493 1449 1559 1491 34,

664 1535 876 1570 ΑΔΗΛΟΤ
901 1535 1173 1571 ΔΡΑΜΑΤΟΣ

905 1604 929 1646 7

332 1659 625 1719 ἄπρόστυμον
658 1661 824 1719 (ξίφος)

238 1734 383 1775 Pollux
414 1737 567 1783 2,101
599 1730 828 1803 πρόστομον
865 1733 980 1786 ξίφος
1012 1732 1055 1774 τὸ
1092 1733 1368 1788 ἐστομωμένον
1397 1734 1465 1776 καὶ
1498 1732 1633 1789 τομόν,
1665 1734 1710 1777 τὸ

123 1791 168 1832 δὲ
197 1789 382 1846 μαλακὸν
410 1791 478 1834 καὶ
507 1790 658 1846 α’τομον
688 1788 974 1846 “οἰπρόστομον’
1008 1789 1062 1841 ὡς
1096 1793 1291 1848 Μάγνης.

625 1979 1202 2031 ΕΚΦΑΝΤΙΔΗΣ

757 2062 930 2103 Meinek.
962 2064 982 2103 1
1014 2066 1080 2104 36.

806 2155 1028 2189 ΣΑΤΤΡΟΙ

240 2213 402 2265 Scripta
432 2213 511 2265 fuit
541 2212 600 2253 ‘in
620 2215 802 2254 homines
834 2215 950 2255 foede
978 2214 1249 2254 libidinosos’.
1283 2215 1405 2254 Mein.
1428 2214 1476 2256 cf.
1500 2215 1710 2266 Hermipp.

123 2271 177 2310 46
208 2270 376 2322 βασιλεῦ
407 2266 617 2325 Σατύρων.
907 2330 929 2370 1

254 2395 401 2447 πόδας
433 2395 530 2439 ἐπεὶ
562 2395 658 2439 δέοι
689 2395 942 2453 πριάμενον
975 2403 1258 2453 καταφαγεῖν
1290 2393 1465 2452 ἑφθοῦς
1496 2394 1589 2447 ὑός.

238 2468 387 2508 Athen.
420 2471 457 2518 3,
494 2468 618 2508 96bo
662 2483 744 2508 των
781 2465 821 2508 δ’
864 2467 1012 2520 ἑφθῶν
1055 2468 1196 2508 ποδῶν
1228 2463 1474 2519 μνημονεύει
1510 2498 1519 2508 .
1545 2498 1553 2506 .
1621 2465 1712 2508 Ἐκ-

123 2523 323 2576 φαντίδης
355 2523 398 2564 ἐν
437 2520 649 2579 Σατύροις.
702 2524 786 2577 ε’πεὶ
827 2525 966 2593 Mein.]
1007 2541 1046 2566 τε
1078 2527 1122 2568 εἰ.
1164 2526 1210 2566 G.
1260 2526 1516 2566 Hermannus
1562 2526 1709 2578 Opusc.

121 2582 143 2621 1
173 2583 228 2623 50
258 2579 701 2625 ετέι’.1)ἰιιᾶοι·ίὶιι8
714 2581 842 2632 πόδας
874 2578 908 2624 τ’
943 2583 1027 2624 ἐπεὶ
1057 2581 1140 2623 δέοι
1171 2580 1392 2636 πριάμενον
1423 2583 1705 2639 καταφαγεῖνΙ

123 2636 282 2691 ἑφθοὺς
314 2636 398 2689 ὑός
656 2699 867 2733 ΑΔΗΛΩΝ
893 2697 1169 2732 ΔΡΑΜΑΤΩΝ

901 2767 928 2808 2

239 2837 435 2888 Aspasius
481 2839 653 2882 Aristot.
693 2840 785 2881 Eth.
825 2839 983 2878 Nicom.
1025 2839 1072 2888 4,
1123 2840 1146 2877 2
1202 2833 1301 2876 ἀλλὰ
1340 2837 1407 2878 καὶ
1442 2834 1712 2888 Ἐκφαντίδης

123 2890 384 2944 παλαιότατος
415 2902 498 2936 των
526 2892 708 2949 ἀρχαίων
737 2892 903 2948 ποιητής
942 2905 1043 2947 φησι
1077 2896 1341 2950 (Μεγαρικῆς
1370 2894 1581 2950 κωμῳδίας
1603 2896 1713 2953 ἆσμα
