1872 3224
69 160 82 173 ,γ
93 150 103 161 γ’
120 158 162 179 v:

383 200 622 237 ΠΡΟΑΓΩΝ
647 203 848 239 ΣΚΗΝΑΣ
872 207 1362 244 ΚΑΤΑΛΑΜΒΑΝΟΤΣΑῙ
1563 213 1646 259 513

144 303 258 354 ίξειν
285 303 556 359 βουλομένοις.
588 309 721 360 itaque
760 303 909 362 σκηνάς
938 310 1311 367 καταλαμβάνουσαι
1340 317 1525 357 mulieres
1554 323 1646 359 sunt

48 378 148 406 211:
170 381 178 397 2
202 364 260 404 rut
287 375 481 415 pompam
511 365 677 406 ludosve
707 381 824 418 quam
855 371 1002 420 optime
1032 374 1211 422 spectent
1239 373 1367 413 locum
1397 374 1644 425 aptissimum

49 420 242 479 subgunt
270 421 542 474 tentoriisque
572 428 777 475 occupant.
827 427 876 466 cf.
906 440 1022 478 quem
1045 429 1236 480 Bergkius
1266 429 1457 470 indicavit
1480 432 1644 472 Aristid.

19 476 104 520 Ὶ
134 479 230 520 163.
260 479 288 518 4
330 479 453 519 Dind.
493 479 682 533 καθάπερ
719 479 824 522 θέαν
859 484 1145 537 καταλαβόντες
1184 517 1193 526 .
1234 517 1243 525 .
1281 516 1288 525 .
1325 484 1372 526 οὐ
1410 492 1463 542 τῷ
1496 490 1646 540 μᾶλλον

43 531 214 593 'laum'
242 532 400 583 ἑαυτοῖς
430 537 646 589 προσήκειν
676 544 756 578 τῶν
785 540 939 592 χωρίων
967 537 1056 589 τοὺς
1076 541 1219 591 ἄλλους
1246 540 1516 596 ἀφορίζοντες,
1546 541 1643 585 ἀλλὰ

41 602 103 645 ῑ-ζτ
167 596 331 646 φθῆναι
360 590 637 647 κατασχόντες.
671 596 871 648 Sauppius
900 599 1082 640 Berichte
1111 600 1180 640 der
1208 602 1334 641 suchs.
1369 601 1580 642 Gesellsch.
1603 603 1641 642 d.

127 651 328 693 issensch.
363 654 472 692 1855
504 667 544 704 p.
577 654 646 694 20.

34 715 91 772 ssi
132 765 138 771 ‚
177 709 246 807 ¹²fle
275 706 456 808 {empore
486 724 566 751 non
597 714 771 752 constat:
817 726 946 764 neque
977 714 1025 752 fr.
1057 715 1136 754 471
1170 715 1211 754 in
1241 715 1311 755 hac
1340 728 1382 755 re
1413 716 1532 756 ullius
1562 729 1641 756 mo·

44 803 46 806 ,
75 777 175 816 ἐπιθυ
196 781 210 807 1
240 780 282 808 es
305 797 316 808 .

506 910 508 912 ,
829 859 910 901 471

254 939 431 994 χρῶμαι
461 935 548 993 γάρ
579 936 722 981 αὐτοῦ
751 941 832 981 τοῦ
863 938 1079 994 στόματος
1107 942 1168 996 τῷ
1199 938 1474 997 στρογγύλῳ,

253 1004 362 1057 τοὺς
389 1009 502 1057 νοῦς
531 1004 575 1049 δ’
608 1005 850 1063 ἀγοραίους
879 1001 1014 1064 ἦττον
1043 1006 1072 1064 ἢ
1098 1006 1259 1067 ’κεῖνρς
1288 1009 1414 1050 ποιοῖ.

26 1112 30 1115 -
197 1090 332 1131 Schol.
372 1091 477 1130 Plat.
519 1090 653 1130 Clark.
687 1092 769 1130 330
805 1091 927 1130 Bekk.
967 1090 1147 1141 (Porson.
1188 1091 1351 1131 Miscell.
1382 1092 1501 1134 Kidd.
1541 1090 1641 1144 268)

75 1142 371 1201 Ἀριστοφάνης
404 1180 412 1188 .
447 1178 456 1187 .
493 1178 503 1188 .
536 1144 781 1203 ἐκωμῳδεῖτο
812 1145 875 1187 ἐπὶ
904 1153 957 1203 τῷ
987 1145 1180 1187 σκώπτειν
1207 1144 1281 1199 μὲν
1310 1144 1548 1200 Εὐριπίδην,
1577 1162 1640 1198 μι-

10 1235 25 1246 2
78 1207 247 1260 μεῖσθαι
277 1202 317 1244 δ’
352 1201 481 1245 αὐτόν
512 1238 520 1247 .
545 1238 553 1247 .
579 1236 588 1245 .
617 1203 686 1245 καὶ
714 1198 833 1253 αὐτὸς
862 1202 902 1244 δ’
937 1203 1214 1258 ἐξομολογεῖται
1254 1202 1413 1255 Σκηνὰς
1450 1207 1641 1256 καταλαμ-

3 1267 10 1294 ἰ
79 1258 323 1324 βανούσαις·
355 1268 510 1317 χρῶμαι
538 1260 613 1316 γὰρ
642 1259 780 1312 αὐτοῦ,
812 1262 915 1314 φησί
940 1265 1022 1302 κτλ.
1052 1262 1251 1303 Plutarch.
1274 1262 1373 1301 Mor.
1396 1262 1483 1302 30d
1512 1260 1642 1300 καθά-

61 1334 156 1373 Ατερ
185 1316 208 1361 ὁ
233 1317 529 1372 Ἀριστοφάνης
550 1317 637 1372 περὶ
671 1325 741 1360 τοῦ
761 1317 986 1372 Εὐριπίδου
1015 1319 1133 1371 φησί·
1166 1317 1313 1370 χρῶμαι
1337 1341 1386 1346 -
1410 1316 1641 1372 στρογγύλῳ.

81 1379 258 1419 Bekker:
284 1379 437 1420 Anecd.
471 1380 574 1427 339,
610 1379 661 1418 10
697 1374 880 1431 ἀγοραῖος
911 1380 1027 1425 νοῦς·
1065 1373 1086 1416 ὁ
1124 1377 1234 1415 πάνυ
1264 1372 1419 1426 εὐτελὴς
1449 1373 1516 1413 καὶ
1545 1385 1640 1425 συρ-

81 1433 268 1488 φετώδης
306 1431 401 1476 οὐδὲ
436 1433 788 1486 πεφροντισμένος.
838 1435 878 1474 οἱ
910 1433 984 1487 γὰρ
1021 1430 1198 1487 ἀγοραῖοι
1235 1430 1444 1484 ἄνθρωποι
1472 1428 1642 1483 ἀμαθεῖς

6 1510 14 1538 ,·
51 1532 54 1535 .
80 1491 150 1534 καὶ
177 1490 427 1535 ἀπαίδευτοι.
458 1491 586 1541 οὕτως
617 1490 854 1545 Εὐριπίδης.
892 1493 1041 1532 crimen
1069 1505 1092 1531 a
1112 1490 1271 1531 Cratino
1303 1490 1500 1529 obiectum
1533 1489 1643 1527 facile

0 1560 6 1567 ’“
71 1552 205 1593 'etiam
234 1552 284 1592 ab
315 1552 394 1592 alio
424 1552 581 1606 aemulo
612 1552 739 1602 repeti
767 1552 937 1602 poterat.
968 1549 1073 1600 quod
1102 1550 1218 1599 poeta
1246 1549 1292 1587 in
1319 1547 1501 1586 trimetris
1530 1545 1576 1584 de
1605 1558 1645 1584 se

81 1610 169 1662 ipse
199 1610 404 1661 loquitur,
445 1610 648 1661 singulare
678 1611 758 1648 est:
798 1608 877 1647 nisi
907 1607 1010 1646 forte
1039 1609 1108 1645 aut
1137 1605 1311 1652 chorum,
1341 1606 1387 1642 ut
1416 1603 1513 1642 Ach.
1549 1603 1643 1649 301,

0 1662 3 1711 J
83 1669 155 1709 aut
185 1671 388 1707 auctorem
429 1667 618 1717 aliquem,
656 1665 702 1705 ut
731 1666 830 1705 Ach.
862 1666 964 1714 502,
1000 1676 1070 1703 suo
1107 1662 1264 1702 nomine
1304 1661 1496 1700 dicentem
1537 1659 1641 1698 feeit.

84 1724 135 1764 ef.
169 1725 222 1764 fr.
255 1725 352 1765 581.

833 1810 918 1852 472

1108 1864 1314 1918 λήκυθον

290 1938 375 1995 τὴν
406 1937 728 1991 ἑπτακότυλον,
760 1935 843 1991 τὴν
873 1934 1079 1990 χυτρεᾶν,
1111 1930 1194 1986 τὴν
1225 1929 1441 1985 ἀγκύλην,

290 2006 349 2065 ἣν
381 2008 627 2064 ἐφερόμην,
657 2003 720 2048 ἵν’
752 2006 892 2060 ἔχοιμι
922 2000 1240 2053 συνθεάτριαν.

197 2093 343 2133 Pollux
377 2094 440 2141 10,
474 2093 525 2131 67
557 2085 798 2142 προσθετέον
827 2083 871 2125 δὲ
903 2117 910 2125 .
946 2115 954 2124 .
986 2114 996 2124 .
1028 2081 1100 2135 τὴν
1129 2079 1173 2146 ἐν
1198 2077 1510 2144 Ἀριστοφάνους
1535 2077 1639 2125 Σκη»

84 2144 590 2202 νὰς·καταλαμβανούσαις
626 2144 808 2197 λήκυθον
834 2144 915 2182 κτλ.
955 2140 1106 2193 εἴρηται
1122 2153 1195 2191 γαρ
1215 2142 1293 2176 νῦν
1314 2133 1377 2174 ἐπὶ
1405 2133 1643 2184 ἕκπωματος.

83 2208 189 2248 idem
220 2209 267 2255 4,
299 2209 377 2246 121
417 2204 486 2245 καὶ
511 2198 797 2257 Ἀριστοφάνης
835 2197 879 2239 δὲ
916 2194 1185 2248 συνθεάτριαν
1213 2193 1382 2246 εἴρηκεν.
1432 2194 1473 2231 et
1502 2191 1642 2257 6,,158

26 2263 29 2266 ’
85 2263 362 2317 συνθεάτριαν
396 2261 441 2302 δὲ
481 2293 490 2303 .
532 2292 540 2301 .
578 2291 588 2302 .
625 2256 912 2311 Ἀριστοφάνης
951 2250 1071 2296 εἶπεν.
1129 2256 1170 2293 et
1207 2253 1252 2299 2,
1279 2246 1445 2318 ’56Ικαὶ
1480 2249 1642 2296 θεατρια

83 2319 154 2362 καὶ
191 2318 438 2373 συνθεάτρια
475 2316 502 2371 ’ἡ
540 2314 687 2358 παλαιὰ
724 2313 923 2368 κωμῳδία.
982 2315 1125 2363 χυτρεοῖ
1132 2325 1151 2349 ν
1184 2331 1236 2337 -
1265 2307 1444 2358 αγκυλην
1472 2302 1640 2343 Lobeck.

84 2379 237 2432 Phryn.
273 2377 373 2432 147]
405 2375 598 2430 χυτραίαν
626 2371 828 2428 (χυτρίαν)
849 2394 903 2400 -—
924 2367 1062 2419 καλήν.
1113 2377 1349 2417 quamquam
1387 2375 1474 2425 cum
1516 2359 1638 2421 Hesy:

85 2436 196 2477 chius
233 2431 407 2489 ἀγκύλη·
447 2466 455 2474 .
488 2464 497 2473 .
531 2464 539 2471 .
580 2430 770 2483 ποτηρίου
807 2426 921 2481 γένος
958 2426 1027 2473 εἰς
1073 2420 1346 2472 κοττάβους
1390 2431 1473 2457 eius
1496 2414 1638 2481 ‘poculi

83 2506 203 2534 usum
233 2494 289 2533 ad
318 2493 524 2533 eottabum
553 2489 794 2541 pertinuisse
824 2487 928 2525 dicat
957 2483 1086 2522 nescio
1116 2493 1165 2519 an
1198 2475 1444 2518 scribendum
1475 2477 1527 2511 slt
1555 2484 1642 2520 την

86 2549 366 2603 παγκάλην.
399 2561 538 2590 scaena
567 2546 710 2586 similis
740 2544 899 2583 videtur
928 2553 1011 2579 esse
1040 2538 1195 2577 Thesm.
1229 2532 1463 2572 706—761.

833 2652 916 2695 473

294 2741 370 2784 καὶ
399 2736 490 2796 μὴν
519 2737 735 2787 ἄκουσον,
767 2726 802 2776 ὦ
831 2730 982 2786 γύναι,
1010 2726 1161 2782 θυμοῦ
1190 2723 1290 2777 δίχα

293 2809 370 2854 καὶ
400 2814 562 2862 κρῖνον
591 2802 703 2857 αὐτὴ
733 2800 791 2858 μὴ
821 2798 915 2865 μετ’
947 2794 1219 2851 ὀξυρεγμιάς.

201 2894 372 2933 Photius
403 2887 649 2942 ὀξυρεγμεΐν·
683 2884 779 2924 ὅταν
807 2879 902 2933 μεθ’
934 2876 1083 2931 ἡμέραν
1113 2871 1274 2927 ε’ποξίσῃ
1303 2867 1327 2921 ἡ
1360 2865 1495 2919 τροφί.
1533 2862 1636 2916 Ἀρι-

158 2966 277 2992 Comici
298 2964 421 2998 graeci,
441 2962 487 2989 ed.
507 2961 562 2987 Th.
581 2958 696 2985 Koek.
716 2957 739 2983 1.
1334 2939 1377 2969 33
