1872 3224
234 177 287 219 88
875 162 1131 199 KPATINOT

433 343 612 390 Βοῦθος
641 338 879 394 περιφοιτᾷ
959 276 1042 318 245

344 425 588 466 Herodianus
609 423 650 461 II
671 423 763 469 947,
788 421 839 459 25
861 419 998 458 Lentz.
1030 416 1191 460 Βοῦθος
1213 407 1357 451 Πύθια
1379 409 1547 463 νικήσας
1560 420 1569 430 ·
1582 407 1586 411 ’
1599 410 1794 465 παροιμίᾳ

235 486 278 524 Β,
309 497 363 532 n„
395 483 589 532 Κρατῖνος
620 477 802 530 Χείρωσι.
852 475 1047 515 Zenobius
1080 474 1117 520 2,
1151 473 1202 511 66
1236 469 1399 517 Βοῦθος
1427 474 1662 534 περιφῗιῐᾷ“
1699 466 1793 529 ἳαῦ·
1859 490 1863 491 ’

234 556 299 592 της
328 536 517 590 μέμνηται
546 538 741 588 Κρατῖνος
773 531 816 572 ἐν
847 530 1028 584 Χείρωσι.
1059 530 1166 569 Plut.
1192 528 1311 595 Prov3
1343 529 1378 595 ¹)
1411 527 1463 566 33
1495 527 1657 575 Βουθος
1685 539 1793 582 περιῗ
1868 544 1872 558 ¹

234 602 371 650 φοιτᾷ·
412 592 474 634 ἐπὶ
510 599 591 633 τῶν
627 589 831 631 ἀσυνέτων
867 587 933 628 καὶ
962 584 1251 639 παχυφρόνων,
1288 597 1368 623 awo
1398 598 1504 632 τινος
1535 582 1795 625 Hvfflovtm
1867 599 1872 626 ἓ

233 652 400 695 Βούθου
435 648 691 702 καλουμένου.
742 648 914 698 Hesych.
955 646 1014 696 (et
1043 642 1173 694 Suid.)
1214 643 1257 681 Β.
1287 655 1329 681 π.
1344 653 1353 663 ·
1383 640 1575 694 παροιμία
1613 638 1679 682 ἐπὶ
1706 643 1796 711 ’τῶν

235 708 397 762 εὐήθων
417 706 484 748 καὶ
502 704 790 759 παχυφρόνων,
820 701 897 743 ἀπὸ
920 701 1085 742 Βούθου
1116 698 1221 748 τινὸς
1251 701 1534 766 μετενεχθεῖσα
1554 703 1626 739 τοῦ
1646 700 1795 741 Πύθια

237 765 487 818 νικήσαντος,
531 762 584 803 ὃν
627 760 913 815 ἀναγράφει
963 757 1044 798 καὶ
1091 755 1429 810 Ἀριστοτελης
1482 753 1794 815 νενικηκότα.

235 826 282 864 de
312 837 452 876 genere
483 821 639 862 dicendi
669 821 717 862 cf.
748 820 797 859 fr.
831 819 898 858 52.

964 927 1047 970 246

434 1010 660 1067 Ἰθακησία
691 1008 1001 1065 ὀρτυγομήτρα

347 1090 396 1147 ἧς
427 1092 663 1146 μνημονεύει
693 1095 889 1145 Κρατῖνος
921 1089 964 1130 ἕν
985 1090 1158 1143 Χείρωσι
1187 1090 1418 1130 Athenaeus
1441 1092 1478 1140 9,
1504 1091 1585 1130 392
1597 1091 1624 1130 f.
1684 1091 1792 1138 Κρᾱέ

237 1157 341 1200 τῖνος
390 1148 628 1205 Schweigh]
675 1148 843 1202 Κράτης.
889 1150 936 1188 de
973 1152 1244 1199 ortyyometra‚
1286 1137 1386 1213 quet&
1433 1148 1530 1187 duce
1569 1148 1794 1188 coturnices

234 1212 390 1260 volan‘c,
423 1210 469 1249 cf.
501 1209 603 1248 Plin.
633 1208 684 1247 N.
714 1208 751 1246 h.
787 1210 849 1255 10,
884 1208 934 1246 66
973 1208 1013 1245 et
1050 1219 1150 1256 quae
1180 1205 1459 1245 adnotawmus
1499 1205 1547 1244 ad
1587 1205 1794 1257 Aristoph.

237 1269 312 1307 Av.
353 1268 447 1306 870.
507 1266 589 1304 sine
634 1265 753 1304 dubio
792 1264 926 1303 Ulixes
974 1263 1240 1315 significatur,
1293 1262 1540 1303 Achivorum
1576 1262 1794 1314 prudentia

237 1324 475 1374 consilioque
505 1323 700 1373 princeps.

968 1408 1049 1451 247

346 1494 487 1532 Pollux
519 1495 589 1540 10,
625 1494 702 1531 186
733 1490 799 1531 καὶ
836 1489 1018 1543 στόμωμα
1055 1488 1129 1542 μὲν
1159 1490 1352 1544 σιδηροῦν
1381 1488 1489 1539 ’ὅστις
1521 1488 1565 1531 ἕν
1593 1494 1674 1540 τοῖς
1694 1486 1793 1532 ἄπο-

236 1548 367 1597 θέτοις
398 1548 579 1588 σκεύεσιν
608 1544 784 1600 ἀριθμοῖ,
816 1550 1008 1601 Κρατῖνος
1038 1545 1092 1587 ἂν
1120 1544 1229 1603 αὐτῷ
1258 1552 1449 1588 συναινοῖ
1471 1546 1598 1602 λέγων
1628 1546 1672 1588 ἔν
1699 1548 1795 1590 Χεί·
1850 1570 1851 1575 =

238 1618 333 1659 ρωσι
370 1604 689 1657 Χαλυβδικὸν
726 1604 966 1657 στόμωμα.
1002 1609 1043 1645 et
1082 1608 1119 1654 7,
1154 1608 1233 1646 107
1273 1607 1471 1658 Κρατῖνος
1509 1604 1586 1657 ἔφη
1630 1607 1795 1647 Χαλυ-

238 1661 406 1714 βδικὸν
437 1659 669 1714 στόμωμα.
711 1664 761 1703 cf.
801 1663 936 1714 Steph.
970 1663 1065 1714 Byz.
1105 1661 1306 1715 Χάλυβες.
1353 1661 1538 1712 Εὔδοξος
1577 1661 1623 1703 ἐν
1651 1658 1795 1732 πρώτῳ

233 1717 292 1759 ’ἐκ
323 1717 366 1758 δὲ
397 1725 463 1771 τῆς
495 1718 697 1772 Χαλύβων
725 1715 851 1772 χώρας
882 1716 903 1758 ὁ
925 1719 1083 1772 σίδηρος
1114 1717 1134 1758 ὁ
1154 1718 1243 1773 περὶ
1275 1717 1321 1759 τὰ
1343 1719 1580 1772 στομώματα
1610 1717 1796 1764 ἔπαινον·

237 1790 351 1827 μενος
374 1775 567 1829 ἐξάγεται.
587 1807 595 1815 .
614 1807 622 1816 .
640 1774 789 1829 λέγεται
809 1775 874 1816 καὶ
893 1775 987 1829 μετὰ
1018 1782 1088 1816 τοῦ
1109 1777 1133 1816 δ
1155 1778 1196 1816 Χ
1203 1779 1257 1817 αλ
1269 1792 1294 1817 υ
1302 1775 1480 1830 βὸικός
1513 1775 1555 1818 τὸ
1575 1776 1795 1837 κτητικόνᾎ

965 1889 1048 1932 248

349 1971 518 2021 Hesych.
550 1958 865 2023 αὐτόφορτον
896 1967 1187 2012 αὖτοδιοὶκονοι.
1210 1971 1357 2024 κυρίως
1379 1969 1424 2012 δὲ
1444 1971 1486 2012 οἱ
1501 1970 1546 2013 ἐν
1575 1976 1656 2021 τοῖς
1677 1971 1794 2022 ἰδίοις

238 2026 382 2072 πλοίοις
413 2057 421 2064 .
455 2056 462 2064 .
495 2060 505 2069 .
535 2024 555 2065 ὁ
586 2024 629 2066 δὲ
660 2029 854 2080 Κρατῖνος
885 2026 930 2068 ἐν
959 2028 1133 2082 Χείρωνι
1165 2028 1257 2077 τοὺς
1288 2027 1335 2069 τὰ
1355 2027 1471 2070 κοινὰ
1491 2028 1797 2083 φορτιζομένους

240 2082 331 2134 ἔφη.
363 2080 602 2135 αὐτόφορτος
633 2098 718 2124 cum
750 2086 945 2136 significet
983 2091 1053 2125 aut
1083 2100 1162 2126 una
1191 2100 1280 2126 cum
1311 2101 1442 2127 merce
1481 2084 1611 2143 (αὐτῷ
1640 2085 1797 2143 φόρτφ)

239 2143 307 2179 aut
336 2154 422 2179 eum
455 2143 521 2191 qui
549 2154 662 2181 suam
690 2156 858 2181 mercem
887 2156 963 2182 sua
991 2157 1093 2183 nave
1130 2145 1259 2192 vehit,
1300 2144 1487 2184 cratinus
1524 2158 1594 2185 eos
1631 2145 1700 2196 qui
1729 2158 1798 2197 pe-

240 2198 372 2236 cunias
396 2199 572 2246 publicas
607 2199 648 2237 in
685 2212 798 2237 suum
841 2213 957 2238 usum
994 2201 1230 2240 avertebant
1260 2214 1356 2241 voce
1387 2215 1410 2241 a
1439 2201 1585 2254 φόρτος
1616 2203 1797 2243 derivata
1842 2250 1845 2251 ⁷

240 2266 322 2292 non
351 2250 637 2305 αὐτοφόρτους,
670 2257 736 2295 sed
766 2255 1050 2309 κοινοφόρτους
1081 2258 1208 2296 dicere
1230 2258 1422 2308 debebat,
1454 2262 1572 2310 abque
1602 2259 1644 2299 id
1664 2260 1797 2311 ipsum

242 2311 347 2359 apud
377 2311 614 2361 Hesychium
645 2313 896 2352 inserendum
926 2327 1065 2354 censeo
1078 2330 1087 2353 :
1131 2312 1224 2362 τοὺς
1254 2312 1301 2355 τὰ
1339 2313 1454 2355 κοινὰ
1491 2313 1796 2369 φορτιζομένους

240 2365 595 2419 κοινοφόρτους
624 2366 713 2420 ἔφη.

967 2470 1052 2513 249

442 2524 772 2580 βιβλιαγράφον

354 2601 569 2657 (εὑρήσεις)
591 2605 695 2657 παρὰ
718 2608 898 2662 Κρατίνῳ
920 2608 964 2648 ἐν
979 2609 1165 2663 Χείρωσι.
1197 2612 1302 2652 Poll.
1317 2615 1353 2661 7,
1371 2614 1464 2652 211.
1499 2611 1798 2666 βιβλιαγροὶφον

241 2661 341 2700 Lob.
380 2662 527 2712 Phryn.
567 2664 663 2715 655]
709 2664 1005 2718 βιβλιογρᾶφον.
1052 2670 1298 2709 iudicialium
1341 2671 1556 2710 libellorwm
1592 2673 1797 2711 auctorem

242 2716 426 2757 Cratinus
458 2719 584 2758 dicere
615 2722 782 2761 videtur.

354 2775 418 2813 Ad
456 2775 645 2816 Chirones
690 2779 736 2817 fr.
778 2781 858 2819 305
897 2781 1048 2820 ineerta
1083 2783 1298 2823 admodum
1336 2784 1562 2824 coniectura
1598 2785 1797 2824 referebat

242 2830 386 2882 Bergk.
419 2831 462 2870 R.
495 2829 639 2872 ο.Ἀ1;1;.
674 2836 766 2875 230.
