<?xml version="1.0" encoding="UTF-8"?>
<!DOCTYPE html PUBLIC "-//W3C//DTD XHTML 1.0 Transitional//EN"
    "http://www.w3.org/TR/xhtml1/DTD/xhtml1-transitional.dtd">
<html xmlns="http://www.w3.org/1999/xhtml" xml:lang="en" lang="en">
 <head>
  <title>
</title>
<meta http-equiv="Content-Type" content="text/html;charset=utf-8" />
  <meta name='ocr-system' content='tesseract 3.04.00' />
  <meta name='ocr-capabilities' content='ocr_page ocr_carea ocr_par ocr_line ocrx_word'/>
</head>
<body>
  <div class='ocr_page' id='page_1' title='image "./comicorumatticor01kockuoft_0722.png"; bbox 0 0 1872 3224; ppageno 0'>
   <div class='ocr_carea' id='block_1_1' title="bbox 233 179 1638 223">
    <p class='ocr_par' dir='ltr' id='par_1_1' title="bbox 233 179 1638 223">
     <span class='ocr_line' id='line_1_1' title="bbox 233 179 1638 223; baseline 0.002 -9"><span class='ocrx_word' id='word_1_1' title='bbox 233 181 318 223; x_wconf 82' lang='grc'><em>692</em></span> <span class='ocrx_word' id='word_1_2' title='bbox 411 180 805 215; x_wconf 81' lang='grc' dir='ltr'><strong>ΑΡΙΣΤΟΜΕΝΟΤΣ</strong></span> <span class='ocrx_word' id='word_1_3' title='bbox 850 180 1051 214; x_wconf 83' lang='grc' dir='ltr'>ΓΟΗΤΕΣ</span> <span class='ocrx_word' id='word_1_4' title='bbox 1075 197 1120 204; x_wconf 90' lang='grc'>-</span> <span class='ocrx_word' id='word_1_5' title='bbox 1142 179 1350 214; x_wconf 71' lang='grc' dir='ltr'><strong>ΑΔΗΔΩΝ</strong></span> <span class='ocrx_word' id='word_1_6' title='bbox 1369 181 1638 217; x_wconf 75' lang='grc' dir='ltr'><strong>ΔΡΑΜΑΤΩΝ</strong></span> 
     </span>
    </p>
   </div>
   <div class='ocr_carea' id='block_1_2' title="bbox 233 281 1809 818">
    <p class='ocr_par' dir='ltr' id='par_1_2' title="bbox 438 281 1055 395">
     <span class='ocr_line' id='line_1_2' title="bbox 1000 281 1055 323; baseline 0 0"><span class='ocrx_word' id='word_1_7' title='bbox 1000 281 1055 323; x_wconf 91' lang='grc'><em>10</em></span> 
     </span>
     <span class='ocr_line' id='line_1_3' title="bbox 438 338 666 395; baseline -0.004 0"><span class='ocrx_word' id='word_1_8' title='bbox 438 338 466 395; x_wconf 83' lang='grc' dir='ltr'><em>ἡ</em></span> <span class='ocrx_word' id='word_1_9' title='bbox 498 340 666 395; x_wconf 73' lang='grc' dir='ltr'><em>φορίνη</em></span> 
     </span>
    </p>

    <p class='ocr_par' dir='ltr' id='par_1_3' title="bbox 233 417 1809 818">
     <span class='ocr_line' id='line_1_4' title="bbox 351 417 1807 492; baseline 0.002 -31"><span class='ocrx_word' id='word_1_10' title='bbox 351 421 411 462; x_wconf 79' lang='grc' dir='ltr'><em>’ὅτι</em></span> <span class='ocrx_word' id='word_1_11' title='bbox 440 421 507 461; x_wconf 82' lang='grc' dir='ltr'><em>καὶ</em></span> <span class='ocrx_word' id='word_1_12' title='bbox 537 418 604 460; x_wconf 81' lang='grc' dir='ltr'><em>ἐπ’</em></span> <span class='ocrx_word' id='word_1_13' title='bbox 636 417 897 473; x_wconf 74' lang='grc' dir='ltr'><strong><em>ἀνθρωπείου</em></strong></span> <span class='ocrx_word' id='word_1_14' title='bbox 927 417 1117 472; x_wconf 82' lang='grc' dir='ltr'><em>δέρματος</em></span> <span class='ocrx_word' id='word_1_15' title='bbox 1148 418 1319 474; x_wconf 77' lang='grc' dir='ltr'><em>ἐλέγετο,</em></span> <span class='ocrx_word' id='word_1_16' title='bbox 1357 419 1426 462; x_wconf 84' lang='grc' dir='ltr'><em>καὶ</em></span> <span class='ocrx_word' id='word_1_17' title='bbox 1452 418 1731 492; x_wconf 78' lang='grc' dir='ltr'><strong><em>Ἀριστομένης</em></strong></span> <span class='ocrx_word' id='word_1_18' title='bbox 1760 420 1807 464; x_wconf 75' lang='grc' dir='ltr'><em>ἔν</em></span> 
     </span>
     <span class='ocr_line' id='line_1_5' title="bbox 235 476 1808 532; baseline 0.001 -14"><span class='ocrx_word' id='word_1_19' title='bbox 235 478 359 531; x_wconf 83' lang='grc' dir='ltr'><em>Γόησι</em></span> <span class='ocrx_word' id='word_1_20' title='bbox 391 479 513 530; x_wconf 82' lang='grc' dir='ltr'><em>δηλον</em></span> <span class='ocrx_word' id='word_1_21' title='bbox 542 481 657 517; x_wconf 83' lang='grc' dir='ltr'><em>ποιεῖ.</em></span> <span class='ocrx_word' id='word_1_22' title='bbox 690 479 927 528; x_wconf 83' lang='lat' dir='ltr'><strong>Harpocrat.</strong></span> <span class='ocrx_word' id='word_1_23' title='bbox 962 479 1056 527; x_wconf 82' lang='grc'>182,</span> <span class='ocrx_word' id='word_1_24' title='bbox 1092 480 1157 518; x_wconf 91' lang='grc'><em>13.</em></span> <span class='ocrx_word' id='word_1_25' title='bbox 1195 479 1339 519; x_wconf 82' lang='lat' dir='ltr'><strong>Pollux</strong></span> <span class='ocrx_word' id='word_1_26' title='bbox 1370 482 1407 528; x_wconf 87' lang='grc'><em>6,</em></span> <span class='ocrx_word' id='word_1_27' title='bbox 1438 481 1492 519; x_wconf 83' lang='lat'><em>55</em></span> <span class='ocrx_word' id='word_1_28' title='bbox 1530 477 1573 518; x_wconf 83' lang='grc' dir='ltr'><em>τὸ</em></span> <span class='ocrx_word' id='word_1_29' title='bbox 1609 476 1656 519; x_wconf 80' lang='grc' dir='ltr'><em>δὲ</em></span> <span class='ocrx_word' id='word_1_30' title='bbox 1684 477 1808 532; x_wconf 79' lang='grc' dir='ltr'><em>δέρμα</em></span> 
     </span>
     <span class='ocr_line' id='line_1_6' title="bbox 234 534 1808 606; baseline -0.001 -30"><span class='ocrx_word' id='word_1_31' title='bbox 234 542 306 576; x_wconf 87' lang='grc' dir='ltr'><em>τοῦ</em></span> <span class='ocrx_word' id='word_1_32' title='bbox 335 536 469 600; x_wconf 84' lang='grc' dir='ltr'><em>χοίρου</em></span> <span class='ocrx_word' id='word_1_33' title='bbox 500 535 674 588; x_wconf 83' lang='grc' dir='ltr'><em>φορίνην</em></span> <span class='ocrx_word' id='word_1_34' title='bbox 702 535 867 574; x_wconf 77' lang='grc' dir='ltr'><em>καλοῦσι</em></span> <span class='ocrx_word' id='word_1_35' title='bbox 899 535 989 587; x_wconf 90' lang='lat' dir='ltr'><strong>(nos</strong></span> <span class='ocrx_word' id='word_1_36' title='bbox 1009 534 1259 604; x_wconf 77' lang='lat' dir='ltr'><strong>Schwarte).</strong></span> <span class='ocrx_word' id='word_1_37' title='bbox 1274 536 1443 577; x_wconf 86' lang='lat' dir='ltr'><strong>Photius</strong></span> <span class='ocrx_word' id='word_1_38' title='bbox 1460 538 1808 606; x_wconf 81' lang='grc' dir='ltr'><em>περιφοριωσθαι·</em></span> 
     </span>
     <span class='ocr_line' id='line_1_7' title="bbox 237 587 1807 646; baseline -0.001 -12"><span class='ocrx_word' id='word_1_39' title='bbox 237 627 245 634; x_wconf 92' lang='grc'><strong>.</strong></span> <span class='ocrx_word' id='word_1_40' title='bbox 281 627 287 634; x_wconf 97' lang='grc'>.</span> <span class='ocrx_word' id='word_1_41' title='bbox 323 625 331 632; x_wconf 96' lang='grc'><strong>.</strong></span> <span class='ocrx_word' id='word_1_42' title='bbox 366 587 435 633; x_wconf 88' lang='grc' dir='ltr'><em>εἀν</em></span> <span class='ocrx_word' id='word_1_43' title='bbox 465 590 510 631; x_wconf 82' lang='grc' dir='ltr'><em>δὲ</em></span> <span class='ocrx_word' id='word_1_44' title='bbox 539 591 742 645; x_wconf 75' lang='grc' dir='ltr'><em>γράφηται</em></span> <span class='ocrx_word' id='word_1_45' title='bbox 771 591 1097 644; x_wconf 78' lang='grc' dir='ltr'><em>πεφορινῶσθαι,</em></span> <span class='ocrx_word' id='word_1_46' title='bbox 1138 591 1202 642; x_wconf 84' lang='grc' dir='ltr'><em>εἴη</em></span> <span class='ocrx_word' id='word_1_47' title='bbox 1231 608 1285 632; x_wconf 93' lang='grc' dir='ltr'><em>αν</em></span> <span class='ocrx_word' id='word_1_48' title='bbox 1314 589 1595 645; x_wconf 82' lang='grc' dir='ltr'><em>πεπαχύνθαι,</em></span> <span class='ocrx_word' id='word_1_49' title='bbox 1625 590 1705 633; x_wconf 72' lang='grc' dir='ltr'><em>ἀπὸ</em></span> <span class='ocrx_word' id='word_1_50' title='bbox 1738 593 1807 646; x_wconf 76' lang='grc' dir='ltr'><em>τῆς</em></span> 
     </span>
     <span class='ocr_line' id='line_1_8' title="bbox 233 646 1809 704; baseline 0.001 -14"><span class='ocrx_word' id='word_1_51' title='bbox 233 650 423 703; x_wconf 83' lang='grc' dir='ltr'><em>φορίν-ἠς</em></span> <span class='ocrx_word' id='word_1_52' title='bbox 455 647 645 689; x_wconf 80' lang='grc' dir='ltr'><em>τάσσουσι</em></span> <span class='ocrx_word' id='word_1_53' title='bbox 672 647 749 702; x_wconf 76' lang='grc' dir='ltr'><em>γὰρ</em></span> <span class='ocrx_word' id='word_1_54' title='bbox 779 646 885 704; x_wconf 87' lang='grc' dir='ltr'><em>(καὶ)</em></span> <span class='ocrx_word' id='word_1_55' title='bbox 916 647 982 688; x_wconf 77' lang='grc' dir='ltr'><em>ἐπὶ</em></span> <span class='ocrx_word' id='word_1_56' title='bbox 1010 646 1245 702; x_wconf 74' lang='grc' dir='ltr'><em>ἀνθρώπων</em></span> <span class='ocrx_word' id='word_1_57' title='bbox 1273 648 1349 702; x_wconf 87' lang='grc' dir='ltr'><em>τὴν</em></span> <span class='ocrx_word' id='word_1_58' title='bbox 1378 650 1564 702; x_wconf 88' lang='grc' dir='ltr'><em>φορίνην.</em></span> <span class='ocrx_word' id='word_1_59' title='bbox 1599 651 1695 702; x_wconf 90' lang='lat' dir='ltr'><strong>quid</strong></span> <span class='ocrx_word' id='word_1_60' title='bbox 1717 651 1809 691; x_wconf 82' lang='lat' dir='ltr'><strong>Ari-</strong></span> 
     </span>
     <span class='ocr_line' id='line_1_9' title="bbox 235 704 1808 762; baseline -0.001 -14"><span class='ocrx_word' id='word_1_61' title='bbox 235 712 437 748; x_wconf 87' lang='lat' dir='ltr'><strong>stomenes</strong></span> <span class='ocrx_word' id='word_1_62' title='bbox 469 708 776 758; x_wconf 84' lang='lat' dir='ltr'><strong>significaverit,</strong></span> <span class='ocrx_word' id='word_1_63' title='bbox 808 708 1064 758; x_wconf 79' lang='lat' dir='ltr'><strong>cognoscitur</strong></span> <span class='ocrx_word' id='word_1_64' title='bbox 1092 720 1141 746; x_wconf 80' lang='lat' dir='ltr'><em>ex</em></span> <span class='ocrx_word' id='word_1_65' title='bbox 1170 707 1278 749; x_wconf 88' lang='lat' dir='ltr'><strong>Plut.</strong></span> <span class='ocrx_word' id='word_1_66' title='bbox 1311 709 1408 747; x_wconf 89' lang='lat' dir='ltr'><strong>Mor.</strong></span> <span class='ocrx_word' id='word_1_67' title='bbox 1441 710 1531 748; x_wconf 70' lang='lat'><em>572.</em></span> <span class='ocrx_word' id='word_1_68' title='bbox 1566 704 1808 762; x_wconf 78' lang='grc' dir='ltr'><em>εὐπαρύφου</em></span> 
     </span>
     <span class='ocr_line' id='line_1_10' title="bbox 233 760 1195 818; baseline -0.001 -14"><span class='ocrx_word' id='word_1_69' title='bbox 233 760 339 813; x_wconf 84' lang='grc' dir='ltr'><em>τινὸς</em></span> <span class='ocrx_word' id='word_1_70' title='bbox 369 762 559 818; x_wconf 75' lang='grc' dir='ltr'><em>ἀγροίκου</em></span> <span class='ocrx_word' id='word_1_71' title='bbox 588 764 762 816; x_wconf 85' lang='grc' dir='ltr'><em>φορίνην</em></span> <span class='ocrx_word' id='word_1_72' title='bbox 790 767 963 815; x_wconf 82' lang='grc' dir='ltr'><em>παχεῖαν</em></span> <span class='ocrx_word' id='word_1_73' title='bbox 992 761 1195 815; x_wconf 86' lang='grc' dir='ltr'><em>φέροντος.</em></span> 
     </span>
    </p>
   </div>
   <div class='ocr_carea' id='block_1_3' title="bbox 759 876 1277 911">
    <p class='ocr_par' dir='ltr' id='par_1_4' title="bbox 759 876 1277 911">
     <span class='ocr_line' id='line_1_11' title="bbox 759 876 1277 911; baseline 0 -1"><span class='ocrx_word' id='word_1_74' title='bbox 759 876 1014 911; x_wconf 79' lang='grc' dir='ltr'><strong>ΔΙΟΝΤΣΟΣ</strong></span> <span class='ocrx_word' id='word_1_75' title='bbox 1036 877 1277 911; x_wconf 77' lang='grc' dir='ltr'><strong>ΔΣΚΗΤΗΣ</strong></span> 
     </span>
    </p>
   </div>
   <div class='ocr_carea' id='block_1_4' title="bbox 231 945 1809 1332">
    <p class='ocr_par' dir='ltr' id='par_1_5' title="bbox 231 945 1809 1332">
     <span class='ocr_line' id='line_1_12' title="bbox 349 945 1809 996; baseline 0 -8"><span class='ocrx_word' id='word_1_76' title='bbox 349 949 518 988; x_wconf 86' lang='lat' dir='ltr'><strong>Plenum</strong></span> <span class='ocrx_word' id='word_1_77' title='bbox 548 948 714 987; x_wconf 90' lang='lat' dir='ltr'><strong>titulum</strong></span> <span class='ocrx_word' id='word_1_78' title='bbox 745 947 854 987; x_wconf 88' lang='lat' dir='ltr'><strong>solus</strong></span> <span class='ocrx_word' id='word_1_79' title='bbox 884 947 1061 987; x_wconf 82' lang='lat' dir='ltr'><strong>servavit</strong></span> <span class='ocrx_word' id='word_1_80' title='bbox 1090 947 1235 987; x_wconf 85' lang='lat' dir='ltr'>Pollux</span> <span class='ocrx_word' id='word_1_81' title='bbox 1264 948 1424 996; x_wconf 85' lang='lat'><strong>3,150‚</strong></span> <span class='ocrx_word' id='word_1_82' title='bbox 1453 947 1684 988; x_wconf 78' lang='lat' dir='ltr'><strong>Athenaeus</strong></span> <span class='ocrx_word' id='word_1_83' title='bbox 1715 945 1809 988; x_wconf 85' lang='grc' dir='ltr'><em>Διό-</em></span> 
     </span>
     <span class='ocr_line' id='line_1_13' title="bbox 234 1004 1804 1057; baseline 0.001 -12"><span class='ocrx_word' id='word_1_84' title='bbox 234 1017 360 1045; x_wconf 90' lang='grc' dir='ltr'><em>νυσον</em></span> <span class='ocrx_word' id='word_1_85' title='bbox 389 1007 576 1057; x_wconf 84' lang='lat' dir='ltr'><strong>adpellat.</strong></span> <span class='ocrx_word' id='word_1_86' title='bbox 607 1006 678 1055; x_wconf 89' lang='lat' dir='ltr'><em>qui</em></span> <span class='ocrx_word' id='word_1_87' title='bbox 709 1005 882 1055; x_wconf 77' lang='lat' dir='ltr'>scriptor</span> <span class='ocrx_word' id='word_1_88' title='bbox 911 1017 1002 1043; x_wconf 90' lang='lat' dir='ltr'><strong>cum</strong></span> <span class='ocrx_word' id='word_1_89' title='bbox 1032 1005 1075 1044; x_wconf 91' lang='lat' dir='ltr'><em>in</em></span> <span class='ocrx_word' id='word_1_90' title='bbox 1103 1005 1235 1044; x_wconf 89' lang='lat' dir='ltr'><strong>titulis</strong></span> <span class='ocrx_word' id='word_1_91' title='bbox 1266 1004 1493 1044; x_wconf 81' lang='lat' dir='ltr'><strong>fabularum</strong></span> <span class='ocrx_word' id='word_1_92' title='bbox 1513 1005 1728 1049; x_wconf 78' lang='lat' dir='ltr'><strong>admodum</strong></span> <span class='ocrx_word' id='word_1_93' title='bbox 1748 1006 1804 1046; x_wconf 79' lang='lat' dir='ltr'><strong>sit</strong></span> 
     </span>
     <span class='ocr_line' id='line_1_14' title="bbox 236 1055 1808 1116; baseline -0.001 -13"><span class='ocrx_word' id='word_1_94' title='bbox 236 1064 430 1116; x_wconf 86' lang='lat' dir='ltr'><strong>diligens,</strong></span> <span class='ocrx_word' id='word_1_95' title='bbox 461 1063 660 1114; x_wconf 85' lang='lat' dir='ltr'><strong>Bergkius</strong></span> <span class='ocrx_word' id='word_1_96' title='bbox 690 1062 739 1101; x_wconf 85' lang='lat' dir='ltr'><em>R.</em></span> <span class='ocrx_word' id='word_1_97' title='bbox 772 1074 807 1101; x_wconf 87' lang='lat' dir='ltr'><em>c.</em></span> <span class='ocrx_word' id='word_1_98' title='bbox 828 1062 916 1101; x_wconf 87' lang='lat' dir='ltr'><em>Att</em></span> <span class='ocrx_word' id='word_1_99' title='bbox 938 1062 1020 1100; x_wconf 88' lang='lat'><em>431</em></span> <span class='ocrx_word' id='word_1_100' title='bbox 1051 1061 1216 1112; x_wconf 88' lang='lat' dir='ltr'><strong>plenum</strong></span> <span class='ocrx_word' id='word_1_101' title='bbox 1244 1074 1393 1101; x_wconf 89' lang='lat' dir='ltr'><strong>nomen</strong></span> <span class='ocrx_word' id='word_1_102' title='bbox 1415 1057 1666 1109; x_wconf 77' lang='grc' dir='ltr'><em>Διόνυ’“σος</em></span> <span class='ocrx_word' id='word_1_103' title='bbox 1635 1077 1663 1114; x_wconf 87' lang='grc' dir='ltr'><em>η</em></span> <span class='ocrx_word' id='word_1_104' title='bbox 1682 1055 1808 1114; x_wconf 75' lang='grc' dir='ltr'><em>ἄσκη-</em></span> 
     </span>
     <span class='ocr_line' id='line_1_15' title="bbox 231 1119 1808 1171; baseline 0.001 -12"><span class='ocrx_word' id='word_1_105' title='bbox 231 1120 299 1159; x_wconf 81' lang='grc' dir='ltr'><em>ταί</em></span> <span class='ocrx_word' id='word_1_106' title='bbox 315 1121 439 1160; x_wconf 88' lang='lat' dir='ltr'><strong>fuisse</strong></span> <span class='ocrx_word' id='word_1_107' title='bbox 460 1122 595 1171; x_wconf 83' lang='lat' dir='ltr'><strong>putat:</strong></span> <span class='ocrx_word' id='word_1_108' title='bbox 617 1120 674 1158; x_wconf 80' lang='lat' dir='ltr'><em>ita</em></span> <span class='ocrx_word' id='word_1_109' title='bbox 694 1119 802 1158; x_wconf 91' lang='lat' dir='ltr'><strong>enim</strong></span> <span class='ocrx_word' id='word_1_110' title='bbox 822 1119 988 1158; x_wconf 79' lang='lat' dir='ltr'><strong>alteram</strong></span> <span class='ocrx_word' id='word_1_111' title='bbox 1009 1119 1312 1169; x_wconf 70' lang='lat' dir='ltr'><strong>inscriptionem</strong></span> <span class='ocrx_word' id='word_1_112' title='bbox 1332 1121 1442 1158; x_wconf 88' lang='lat' dir='ltr'><strong>recte</strong></span> <span class='ocrx_word' id='word_1_113' title='bbox 1457 1120 1591 1159; x_wconf 87' lang='lat' dir='ltr'><strong>omitti</strong></span> <span class='ocrx_word' id='word_1_114' title='bbox 1613 1120 1808 1170; x_wconf 82' lang='lat' dir='ltr'><strong>potuisse.</strong></span> 
     </span>
     <span class='ocr_line' id='line_1_16' title="bbox 233 1175 1808 1226; baseline 0.001 -9"><span class='ocrx_word' id='word_1_115' title='bbox 233 1179 285 1218; x_wconf 87' lang='lat' dir='ltr'><em>cf.</em></span> <span class='ocrx_word' id='word_1_116' title='bbox 320 1177 493 1217; x_wconf 84' lang='lat' dir='ltr'><strong>Meinek.</strong></span> <span class='ocrx_word' id='word_1_117' title='bbox 524 1177 565 1216; x_wconf 95' lang='lat' dir='ltr'><em>II</em></span> <span class='ocrx_word' id='word_1_118' title='bbox 598 1177 690 1216; x_wconf 86' lang='lat'><strong>733.</strong></span> <span class='ocrx_word' id='word_1_119' title='bbox 722 1176 935 1226; x_wconf 82' lang='lat' dir='ltr'><strong>Eupolidis</strong></span> <span class='ocrx_word' id='word_1_120' title='bbox 967 1175 1207 1216; x_wconf 79' lang='lat' dir='ltr'><strong>Taxiarchos</strong></span> <span class='ocrx_word' id='word_1_121' title='bbox 1237 1175 1440 1215; x_wconf 84' lang='lat' dir='ltr'><strong>imitatum</strong></span> <span class='ocrx_word' id='word_1_122' title='bbox 1469 1189 1556 1216; x_wconf 89' lang='lat' dir='ltr'><strong>esse</strong></span> <span class='ocrx_word' id='word_1_123' title='bbox 1585 1177 1808 1220; x_wconf 72' lang='lat' dir='ltr'><strong>Aristoma.-</strong></span> 
     </span>
     <span class='ocr_line' id='line_1_17' title="bbox 232 1233 1806 1286; baseline 0 -12"><span class='ocrx_word' id='word_1_124' title='bbox 232 1248 345 1283; x_wconf 88' lang='lat' dir='ltr'><strong>nem,</strong></span> <span class='ocrx_word' id='word_1_125' title='bbox 378 1248 467 1274; x_wconf 91' lang='lat' dir='ltr'><strong>cum</strong></span> <span class='ocrx_word' id='word_1_126' title='bbox 497 1234 700 1273; x_wconf 86' lang='lat' dir='ltr'><strong>Bacchum</strong></span> <span class='ocrx_word' id='word_1_127' title='bbox 730 1233 973 1272; x_wconf 79' lang='lat' dir='ltr'><strong>athletarum</strong></span> <span class='ocrx_word' id='word_1_128' title='bbox 993 1233 1347 1273; x_wconf 83' lang='lat' dir='ltr'><strong>exercitationibus</strong></span> <span class='ocrx_word' id='word_1_129' title='bbox 1368 1236 1604 1285; x_wconf 80' lang='lat' dir='ltr'><strong>occupatum</strong></span> <span class='ocrx_word' id='word_1_130' title='bbox 1622 1233 1806 1286; x_wconf 82' lang='lat' dir='ltr'><strong>fingeret,</strong></span> 
     </span>
     <span class='ocr_line' id='line_1_18' title="bbox 232 1291 822 1332; baseline -0.002 -1"><span class='ocrx_word' id='word_1_131' title='bbox 232 1292 456 1332; x_wconf 86' lang='lat' dir='ltr'><strong>Meinekius</strong></span> <span class='ocrx_word' id='word_1_132' title='bbox 486 1291 645 1331; x_wconf 89' lang='lat' dir='ltr'><strong>monuit</strong></span> <span class='ocrx_word' id='word_1_133' title='bbox 674 1291 694 1330; x_wconf 97' lang='lat' dir='ltr'>I</span> <span class='ocrx_word' id='word_1_134' title='bbox 725 1291 822 1330; x_wconf 85' lang='lat'>212.</span> 
     </span>
    </p>
   </div>
   <div class='ocr_carea' id='block_1_5' title="bbox 438 1380 1450 1514">
    <p class='ocr_par' dir='ltr' id='par_1_6' title="bbox 438 1380 1450 1514">
     <span class='ocr_line' id='line_1_19' title="bbox 1001 1380 1050 1421; baseline 0 0"><span class='ocrx_word' id='word_1_135' title='bbox 1001 1380 1050 1421; x_wconf 93' lang='lat' dir='ltr'><em>ll</em></span> 
     </span>
     <span class='ocr_line' id='line_1_20' title="bbox 438 1454 1450 1514; baseline 0 -12"><span class='ocrx_word' id='word_1_136' title='bbox 438 1458 461 1502; x_wconf 91' lang='grc' dir='ltr'><strong>ὁ</strong></span> <span class='ocrx_word' id='word_1_137' title='bbox 491 1462 601 1510; x_wconf 85' lang='grc' dir='ltr'><em>Χῖος</em></span> <span class='ocrx_word' id='word_1_138' title='bbox 631 1456 716 1502; x_wconf 81' lang='grc' dir='ltr'><em>οὐκ</em></span> <span class='ocrx_word' id='word_1_139' title='bbox 748 1454 873 1501; x_wconf 84' lang='grc' dir='ltr'><em>οἶσθ’</em></span> <span class='ocrx_word' id='word_1_140' title='bbox 905 1456 968 1509; x_wconf 74' lang='grc' dir='ltr'><em>αἷς</em></span> <span class='ocrx_word' id='word_1_141' title='bbox 997 1456 1280 1514; x_wconf 83' lang='grc' dir='ltr'><em>ἁμαμηλίδας</em></span> <span class='ocrx_word' id='word_1_142' title='bbox 1309 1466 1450 1510; x_wconf 88' lang='grc' dir='ltr'><em>ποιεῖ;</em></span> 
     </span>
    </p>
   </div>
   <div class='ocr_carea' id='block_1_6' title="bbox 231 1537 1809 2048">
    <p class='ocr_par' dir='ltr' id='par_1_7' title="bbox 231 1537 1809 2040">
     <span class='ocr_line' id='line_1_21' title="bbox 347 1537 1807 1593; baseline 0 -11"><span class='ocrx_word' id='word_1_143' title='bbox 347 1543 578 1583; x_wconf 78' lang='lat' dir='ltr'><strong>Athenaeus</strong></span> <span class='ocrx_word' id='word_1_144' title='bbox 618 1542 692 1591; x_wconf 88' lang='lat'><em>14,</em></span> <span class='ocrx_word' id='word_1_145' title='bbox 726 1542 845 1582; x_wconf 83' lang='lat' dir='ltr'>650d</span> <span class='ocrx_word' id='word_1_146' title='bbox 881 1541 930 1581; x_wconf 78' lang='grc' dir='ltr'><em>αἱ</em></span> <span class='ocrx_word' id='word_1_147' title='bbox 962 1537 1004 1580; x_wconf 89' lang='grc' dir='ltr'><em>δ’</em></span> <span class='ocrx_word' id='word_1_148' title='bbox 1043 1537 1290 1593; x_wconf 78' lang='grc' dir='ltr'><em>ἁμαμηλίδες</em></span> <span class='ocrx_word' id='word_1_149' title='bbox 1327 1537 1402 1580; x_wconf 82' lang='grc' dir='ltr'><em>οὐκ</em></span> <span class='ocrx_word' id='word_1_150' title='bbox 1437 1539 1541 1581; x_wconf 81' lang='grc' dir='ltr'><em>εἰσὶν</em></span> <span class='ocrx_word' id='word_1_151' title='bbox 1577 1539 1714 1593; x_wconf 89' lang='grc' dir='ltr'><em>απιοι,</em></span> <span class='ocrx_word' id='word_1_152' title='bbox 1749 1539 1807 1590; x_wconf 87' lang='grc' dir='ltr'><em>ως</em></span> 
     </span>
     <span class='ocr_line' id='line_1_22' title="bbox 234 1594 1807 1667; baseline -0.001 -28"><span class='ocrx_word' id='word_1_153' title='bbox 234 1613 338 1647; x_wconf 86' lang='grc' dir='ltr'><em>τινες</em></span> <span class='ocrx_word' id='word_1_154' title='bbox 370 1597 549 1652; x_wconf 82' lang='grc' dir='ltr'><em>οἴονται,</em></span> <span class='ocrx_word' id='word_1_155' title='bbox 578 1594 666 1638; x_wconf 78' lang='grc' dir='ltr'><em>ἀλλ’</em></span> <span class='ocrx_word' id='word_1_156' title='bbox 698 1595 844 1667; x_wconf 80' lang='grc' dir='ltr'><em>ετερόν</em></span> <span class='ocrx_word' id='word_1_157' title='bbox 862 1613 898 1637; x_wconf 84' lang='grc' dir='ltr'><em>τι</em></span> <span class='ocrx_word' id='word_1_158' title='bbox 928 1596 996 1637; x_wconf 80' lang='grc' dir='ltr'><em>καὶ</em></span> <span class='ocrx_word' id='word_1_159' title='bbox 1023 1595 1142 1649; x_wconf 85' lang='grc' dir='ltr'><em>ηδιον</em></span> <span class='ocrx_word' id='word_1_160' title='bbox 1170 1595 1239 1637; x_wconf 82' lang='grc' dir='ltr'><em>καὶ</em></span> <span class='ocrx_word' id='word_1_161' title='bbox 1276 1595 1499 1650; x_wconf 76' lang='grc' dir='ltr'><em>ἀπύρηνον.</em></span> <span class='ocrx_word' id='word_1_162' title='bbox 1528 1595 1807 1652; x_wconf 74' lang='grc' dir='ltr'><em>Ἀριστομένης</em></span> 
     </span>
     <span class='ocr_line' id='line_1_23' title="bbox 233 1651 1805 1725; baseline 0 -29"><span class='ocrx_word' id='word_1_163' title='bbox 233 1654 278 1696; x_wconf 80' lang='grc' dir='ltr'><em>ἕν</em></span> <span class='ocrx_word' id='word_1_164' title='bbox 309 1652 496 1725; x_wconf 80' lang='grc' dir='ltr'><em>Διονύσῳ</em></span> <span class='ocrx_word' id='word_1_165' title='bbox 527 1655 654 1708; x_wconf 85' lang='grc' dir='ltr'><em>φησίν</em></span> <span class='ocrx_word' id='word_1_166' title='bbox 681 1658 762 1696; x_wconf 85' lang='grc' dir='ltr'><em>κτλ.</em></span> <span class='ocrx_word' id='word_1_167' title='bbox 822 1651 1074 1707; x_wconf 78' lang='grc' dir='ltr'><em>ἁμαμηλίδας</em></span> <span class='ocrx_word' id='word_1_168' title='bbox 1106 1654 1156 1708; x_wconf 86' lang='lat' dir='ltr'><em>C]</em></span> <span class='ocrx_word' id='word_1_169' title='bbox 1188 1651 1440 1724; x_wconf 81' lang='grc' dir='ltr'><em>ἁμαμηλίδας</em></span> <span class='ocrx_word' id='word_1_170' title='bbox 1468 1656 1520 1696; x_wconf 87' lang='lat' dir='ltr'><em>A.</em></span> <span class='ocrx_word' id='word_1_171' title='bbox 1559 1669 1651 1696; x_wconf 79' lang='lat' dir='ltr'><em>eum</em></span> <span class='ocrx_word' id='word_1_172' title='bbox 1679 1654 1805 1697; x_wconf 76' lang='lat' dir='ltr'><strong>Coum</strong></span> 
     </span>
     <span class='ocr_line' id='line_1_24' title="bbox 231 1709 1808 1765; baseline -0.001 -12"><span class='ocrx_word' id='word_1_173' title='bbox 231 1715 404 1753; x_wconf 87' lang='lat' dir='ltr'><strong>insulam</strong></span> <span class='ocrx_word' id='word_1_174' title='bbox 442 1709 587 1761; x_wconf 80' lang='grc' dir='ltr'><em>ἆπιόυς</em></span> <span class='ocrx_word' id='word_1_175' title='bbox 626 1710 766 1765; x_wconf 89' lang='grc' dir='ltr'><em>φέρειν</em></span> <span class='ocrx_word' id='word_1_176' title='bbox 804 1712 1013 1765; x_wconf 84' lang='grc' dir='ltr'><em>κρατίστας</em></span> <span class='ocrx_word' id='word_1_177' title='bbox 1049 1711 1151 1751; x_wconf 78' lang='grc' dir='ltr'><em>κατὰ</em></span> <span class='ocrx_word' id='word_1_178' title='bbox 1188 1711 1258 1760; x_wconf 81' lang='grc' dir='ltr'><em>τὰς</em></span> <span class='ocrx_word' id='word_1_179' title='bbox 1304 1712 1348 1752; x_wconf 78' lang='grc' dir='ltr'><em>ἐν</em></span> <span class='ocrx_word' id='word_1_180' title='bbox 1382 1709 1518 1752; x_wconf 87' lang='grc' dir='ltr'><em>Ἰωνία</em></span> <span class='ocrx_word' id='word_1_181' title='bbox 1553 1709 1808 1765; x_wconf 78' lang='grc' dir='ltr'><em>ἁμαμηλίδας</em></span> 
     </span>
     <span class='ocr_line' id='line_1_25' title="bbox 232 1770 1809 1823; baseline 0 -13"><span class='ocrx_word' id='word_1_182' title='bbox 232 1771 486 1822; x_wconf 79' lang='lat' dir='ltr'><strong>Aeschylidis</strong></span> <span class='ocrx_word' id='word_1_183' title='bbox 517 1772 559 1810; x_wconf 93' lang='lat' dir='ltr'><em>in</em></span> <span class='ocrx_word' id='word_1_184' title='bbox 589 1770 796 1822; x_wconf 83' lang='lat' dir='ltr'><strong>Georgicis</strong></span> <span class='ocrx_word' id='word_1_185' title='bbox 826 1770 1058 1811; x_wconf 86' lang='lat' dir='ltr'><strong>testimonio</strong></span> <span class='ocrx_word' id='word_1_186' title='bbox 1089 1770 1297 1810; x_wconf 88' lang='lat' dir='ltr'><strong>confirmet</strong></span> <span class='ocrx_word' id='word_1_187' title='bbox 1326 1770 1573 1820; x_wconf 83' lang='lat' dir='ltr'><strong>Athenaeus,</strong></span> <span class='ocrx_word' id='word_1_188' title='bbox 1606 1770 1809 1823; x_wconf 81' lang='lat' dir='ltr'><strong>Schweig-</strong></span> 
     </span>
     <span class='ocr_line' id='line_1_26' title="bbox 231 1827 1808 1879; baseline 0 -12"><span class='ocrx_word' id='word_1_189' title='bbox 231 1829 447 1868; x_wconf 83' lang='lat' dir='ltr'><strong>haeuserus</strong></span> <span class='ocrx_word' id='word_1_190' title='bbox 469 1829 588 1875; x_wconf 81' lang='grc' dir='ltr'><em>Κεῖος</em></span> <span class='ocrx_word' id='word_1_191' title='bbox 610 1828 865 1868; x_wconf 90' lang='lat' dir='ltr'><strong>scribendum</strong></span> <span class='ocrx_word' id='word_1_192' title='bbox 896 1827 1161 1878; x_wconf 87' lang='lat' dir='ltr'><strong>proponebat.</strong></span> <span class='ocrx_word' id='word_1_193' title='bbox 1192 1839 1276 1867; x_wconf 93' lang='lat' dir='ltr'><em>non</em></span> <span class='ocrx_word' id='word_1_194' title='bbox 1305 1830 1424 1868; x_wconf 84' lang='lat' dir='ltr'><strong>recte.</strong></span> <span class='ocrx_word' id='word_1_195' title='bbox 1455 1840 1548 1866; x_wconf 81' lang='lat' dir='ltr'><em>nam</em></span> <span class='ocrx_word' id='word_1_196' title='bbox 1570 1828 1665 1867; x_wconf 82' lang='lat' dir='ltr'><strong>data</strong></span> <span class='ocrx_word' id='word_1_197' title='bbox 1685 1840 1808 1879; x_wconf 85' lang='lat' dir='ltr'><strong>opera</strong></span> 
     </span>
     <span class='ocr_line' id='line_1_27' title="bbox 235 1880 1808 1936; baseline 0.001 -13"><span class='ocrx_word' id='word_1_198' title='bbox 235 1883 305 1933; x_wconf 79' lang='grc' dir='ltr'><em>τὰς</em></span> <span class='ocrx_word' id='word_1_199' title='bbox 335 1883 588 1936; x_wconf 85' lang='grc' dir='ltr'><em>ἁμαμηλίδας</em></span> <span class='ocrx_word' id='word_1_200' title='bbox 620 1889 660 1925; x_wconf 89' lang='lat' dir='ltr'><em>et</em></span> <span class='ocrx_word' id='word_1_201' title='bbox 689 1882 759 1932; x_wconf 83' lang='grc' dir='ltr'><em>τὰς</em></span> <span class='ocrx_word' id='word_1_202' title='bbox 789 1881 934 1931; x_wconf 75' lang='grc' dir='ltr'><em>ἀπίους</em></span> <span class='ocrx_word' id='word_1_203' title='bbox 973 1885 1178 1924; x_wconf 78' lang='lat' dir='ltr'><strong>discernit.</strong></span> <span class='ocrx_word' id='word_1_204' title='bbox 1220 1880 1242 1923; x_wconf 83' lang='grc' dir='ltr'><em>ὅ</em></span> <span class='ocrx_word' id='word_1_205' title='bbox 1273 1885 1374 1932; x_wconf 86' lang='grc' dir='ltr'><em>Χῖος</em></span> <span class='ocrx_word' id='word_1_206' title='bbox 1403 1880 1656 1936; x_wconf 80' lang='grc' dir='ltr'><em>ἁμαμηλίδας</em></span> <span class='ocrx_word' id='word_1_207' title='bbox 1684 1887 1808 1936; x_wconf 80' lang='grc' dir='ltr'><em>ποιεῖ,</em></span> 
     </span>
     <span class='ocr_line' id='line_1_28' title="bbox 231 1935 1807 1994; baseline 0 -13"><span class='ocrx_word' id='word_1_208' title='bbox 231 1945 278 1981; x_wconf 88' lang='lat' dir='ltr'><strong>ut</strong></span> <span class='ocrx_word' id='word_1_209' title='bbox 315 1943 522 1994; x_wconf 89' lang='lat' dir='ltr'><strong>Aristoph.</strong></span> <span class='ocrx_word' id='word_1_210' title='bbox 561 1942 652 1982; x_wconf 85' lang='lat' dir='ltr'><strong>Pac.</strong></span> <span class='ocrx_word' id='word_1_211' title='bbox 698 1943 805 1981; x_wconf 85' lang='lat'><strong>1322</strong></span> <span class='ocrx_word' id='word_1_212' title='bbox 850 1940 999 1993; x_wconf 82' lang='grc' dir='ltr'><em>κριθας</em></span> <span class='ocrx_word' id='word_1_213' title='bbox 1044 1955 1085 1981; x_wconf 89' lang='grc' dir='ltr'><em>τε</em></span> <span class='ocrx_word' id='word_1_214' title='bbox 1122 1944 1254 1981; x_wconf 85' lang='grc' dir='ltr'><em>ποιεῖν</em></span> <span class='ocrx_word' id='word_1_215' title='bbox 1290 1938 1395 1993; x_wconf 76' lang='grc' dir='ltr'><em>ημᾶς</em></span> <span class='ocrx_word' id='word_1_216' title='bbox 1431 1939 1579 1989; x_wconf 79' lang='grc' dir='ltr'><em>πολλὰς</em></span> <span class='ocrx_word' id='word_1_217' title='bbox 1615 1935 1730 1982; x_wconf 78' lang='grc' dir='ltr'><em>οἶνόν</em></span> <span class='ocrx_word' id='word_1_218' title='bbox 1764 1955 1807 1982; x_wconf 88' lang='grc' dir='ltr'><em>τε</em></span> 
     </span>
     <span class='ocr_line' id='line_1_29' title="bbox 231 1998 1340 2048; baseline 0.002 -11"><span class='ocrx_word' id='word_1_219' title='bbox 231 1998 374 2040; x_wconf 82' lang='grc' dir='ltr'><em>πολύν.</em></span> <span class='ocrx_word' id='word_1_220' title='bbox 405 2000 454 2040; x_wconf 90' lang='lat' dir='ltr'><em>cf.</em></span> <span class='ocrx_word' id='word_1_221' title='bbox 486 2000 658 2039; x_wconf 87' lang='lat' dir='ltr'><strong>Meinek.</strong></span> <span class='ocrx_word' id='word_1_222' title='bbox 690 2002 731 2039; x_wconf 84' lang='lat' dir='ltr'><em>et</em></span> <span class='ocrx_word' id='word_1_223' title='bbox 759 1999 928 2039; x_wconf 83' lang='lat' dir='ltr'><strong>Bekker.</strong></span> <span class='ocrx_word' id='word_1_224' title='bbox 959 1999 1111 2039; x_wconf 89' lang='lat' dir='ltr'><strong>Anecd.</strong></span> <span class='ocrx_word' id='word_1_225' title='bbox 1144 2001 1238 2048; x_wconf 90' lang='lat'><strong>111,</strong></span> <span class='ocrx_word' id='word_1_226' title='bbox 1271 1999 1340 2040; x_wconf 84' lang='lat'><em>20.</em></span> 
     </span>
    </p>
   </div>
   <div class='ocr_carea' id='block_1_7' title="bbox 993 2110 1046 2152">
    <p class='ocr_par' dir='ltr' id='par_1_8' title="bbox 993 2110 1046 2152">
     <span class='ocr_line' id='line_1_30' title="bbox 993 2110 1046 2152; baseline 0 0"><span class='ocrx_word' id='word_1_227' title='bbox 993 2110 1046 2152; x_wconf 85' lang='lat'><em>12</em></span> 
     </span>
    </p>
   </div>
   <div class='ocr_carea' id='block_1_8' title="bbox 437 2188 1406 2246">
    <p class='ocr_par' dir='ltr' id='par_1_9' title="bbox 437 2188 1406 2246">
     <span class='ocr_line' id='line_1_31' title="bbox 437 2188 1406 2246; baseline 0 -13"><span class='ocrx_word' id='word_1_228' title='bbox 437 2188 663 2233; x_wconf 83' lang='grc' dir='ltr'><em>ἁλίπαστα</em></span> <span class='ocrx_word' id='word_1_229' title='bbox 692 2192 834 2233; x_wconf 85' lang='grc' dir='ltr'><em>ταῦτα</em></span> <span class='ocrx_word' id='word_1_230' title='bbox 864 2191 1153 2246; x_wconf 81' lang='grc' dir='ltr'><em>παρατίθημί</em></span> <span class='ocrx_word' id='word_1_231' title='bbox 1178 2201 1252 2233; x_wconf 87' lang='grc' dir='ltr'><em>σοι</em></span> <span class='ocrx_word' id='word_1_232' title='bbox 1281 2190 1406 2245; x_wconf 86' lang='grc' dir='ltr'><em>κρέα.</em></span> 
     </span>
    </p>
   </div>
   <div class='ocr_carea' id='block_1_9' title="bbox 231 2269 1806 2486">
    <p class='ocr_par' dir='ltr' id='par_1_10' title="bbox 231 2269 1806 2486">
     <span class='ocr_line' id='line_1_32' title="bbox 346 2269 1806 2326; baseline 0 -13"><span class='ocrx_word' id='word_1_233' title='bbox 346 2274 579 2314; x_wconf 85' lang='lat' dir='ltr'><strong>Athenaeus</strong></span> <span class='ocrx_word' id='word_1_234' title='bbox 620 2275 694 2323; x_wconf 88' lang='lat'><em>14,</em></span> <span class='ocrx_word' id='word_1_235' title='bbox 726 2275 845 2314; x_wconf 79' lang='lat' dir='ltr'><em>658a</em></span> <span class='ocrx_word' id='word_1_236' title='bbox 880 2270 1113 2312; x_wconf 74' lang='grc' dir='ltr'><em>ἁλιπάστων</em></span> <span class='ocrx_word' id='word_1_237' title='bbox 1148 2270 1194 2312; x_wconf 84' lang='grc' dir='ltr'><em>δὲ</em></span> <span class='ocrx_word' id='word_1_238' title='bbox 1229 2279 1360 2326; x_wconf 78' lang='grc' dir='ltr'><em>κρεων</em></span> <span class='ocrx_word' id='word_1_239' title='bbox 1393 2273 1636 2325; x_wconf 83' lang='grc' dir='ltr'><em>μνημονεύει</em></span> <span class='ocrx_word' id='word_1_240' title='bbox 1671 2269 1694 2313; x_wconf 85' lang='grc' dir='ltr'><strong><em>ὃ</em></strong></span> <span class='ocrx_word' id='word_1_241' title='bbox 1731 2277 1806 2326; x_wconf 83' lang='grc' dir='ltr'><em>τῆς</em></span> 
     </span>
     <span class='ocr_line' id='line_1_33' title="bbox 231 2325 1806 2384; baseline 0.001 -15"><span class='ocrx_word' id='word_1_242' title='bbox 231 2330 441 2384; x_wconf 79' lang='grc' dir='ltr'><em>κωμῳδίας</em></span> <span class='ocrx_word' id='word_1_243' title='bbox 486 2329 654 2382; x_wconf 82' lang='grc' dir='ltr'><em>ποιητὴς</em></span> <span class='ocrx_word' id='word_1_244' title='bbox 691 2325 969 2383; x_wconf 80' lang='grc' dir='ltr'><em>Ἀριστομένης</em></span> <span class='ocrx_word' id='word_1_245' title='bbox 1009 2328 1054 2369; x_wconf 82' lang='grc' dir='ltr'><em>ἐν</em></span> <span class='ocrx_word' id='word_1_246' title='bbox 1091 2329 1279 2384; x_wconf 82' lang='grc' dir='ltr'><em>Διονύσῳ</em></span> <span class='ocrx_word' id='word_1_247' title='bbox 1315 2333 1398 2372; x_wconf 84' lang='grc' dir='ltr'><em>κτλ.</em></span> <span class='ocrx_word' id='word_1_248' title='bbox 1445 2328 1543 2382; x_wconf 84' lang='grc' dir='ltr'><em>κρέα</em></span> <span class='ocrx_word' id='word_1_249' title='bbox 1578 2331 1669 2370; x_wconf 76' lang='lat' dir='ltr'><strong>add.</strong></span> <span class='ocrx_word' id='word_1_250' title='bbox 1700 2331 1806 2372; x_wconf 86' lang='lat' dir='ltr'><strong>Tou-</strong></span> 
     </span>
     <span class='ocr_line' id='line_1_34' title="bbox 231 2383 1801 2486; baseline 0.001 -58"><span class='ocrx_word' id='word_1_251' title='bbox 231 2389 523 2485; x_wconf 53' lang='grc' dir='ltr'><em>ΞιὲἒίὺΕῑιέΞιὲᾶ.</em></span> <span class='ocrx_word' id='word_1_252' title='bbox 525 2388 616 2486; x_wconf 50' lang='lat' dir='ltr'><em>am</em></span> <span class='ocrx_word' id='word_1_253' title='bbox 648 2390 715 2428; x_wconf 86' lang='lat'><em>95.</em></span> <span class='ocrx_word' id='word_1_254' title='bbox 747 2389 868 2428; x_wconf 78' lang='lat' dir='ltr'><strong>etiam</strong></span> <span class='ocrx_word' id='word_1_255' title='bbox 897 2389 1014 2428; x_wconf 89' lang='lat' dir='ltr'><strong>initio</strong></span> <span class='ocrx_word' id='word_1_256' title='bbox 1046 2388 1141 2427; x_wconf 88' lang='lat' dir='ltr'><strong>addi</strong></span> <span class='ocrx_word' id='word_1_257' title='bbox 1170 2390 1331 2439; x_wconf 88' lang='lat' dir='ltr'><strong>poterat</strong></span> <span class='ocrx_word' id='word_1_258' title='bbox 1359 2385 1454 2440; x_wconf 82' lang='grc' dir='ltr'><em>κρέα</em></span> <span class='ocrx_word' id='word_1_259' title='bbox 1483 2383 1545 2428; x_wconf 92' lang='grc' dir='ltr'><em>δ’.</em></span> <span class='ocrx_word' id='word_1_260' title='bbox 1575 2388 1627 2427; x_wconf 87' lang='lat' dir='ltr'><em>cf.</em></span> <span class='ocrx_word' id='word_1_261' title='bbox 1647 2388 1801 2429; x_wconf 79' lang='lat' dir='ltr'><strong>Iacobs.</strong></span> 
     </span>
    </p>
   </div>
   <div class='ocr_carea' id='block_1_10' title="bbox 346 2534 1629 2823">
    <p class='ocr_par' dir='ltr' id='par_1_11' title="bbox 346 2534 1619 2823">
     <span class='ocr_line' id='line_1_35' title="bbox 437 2534 1048 2647; baseline 0.003 -15"><span class='ocrx_word' id='word_1_262' title='bbox 437 2592 746 2647; x_wconf 84' lang='grc' dir='ltr'><em>σφαιρομαχία</em></span> <span class='ocrx_word' id='word_1_263' title='bbox 995 2534 1048 2577; x_wconf 73' lang='grc'><em>13</em></span> 
     </span>
     <span class='ocr_line' id='line_1_36' title="bbox 346 2670 1629 2727; baseline 0.002 -16"><span class='ocrx_word' id='word_1_264' title='bbox 346 2671 452 2725; x_wconf 78' lang='grc' dir='ltr'><em>παρὰ</em></span> <span class='ocrx_word' id='word_1_265' title='bbox 481 2670 745 2726; x_wconf 83' lang='grc' dir='ltr'><em>Ἀριστομένει</em></span> <span class='ocrx_word' id='word_1_266' title='bbox 777 2671 822 2713; x_wconf 77' lang='grc' dir='ltr'><em>ἕν</em></span> <span class='ocrx_word' id='word_1_267' title='bbox 855 2670 1039 2727; x_wconf 85' lang='grc' dir='ltr'><em>Διονυσῳ</em></span> <span class='ocrx_word' id='word_1_268' title='bbox 1067 2670 1236 2727; x_wconf 82' lang='grc' dir='ltr'><em>ἆσκητῇ.</em></span> <span class='ocrx_word' id='word_1_269' title='bbox 1287 2673 1431 2713; x_wconf 84' lang='lat' dir='ltr'><strong>Pollux</strong></span> <span class='ocrx_word' id='word_1_270' title='bbox 1462 2675 1629 2722; x_wconf 87' lang='grc' dir='ltr'>3,15Ο.</span> 
     </span>
     <span class='ocr_line' id='line_1_37' title="bbox 883 2786 1147 2823; baseline -0.004 -2"><span class='ocrx_word' id='word_1_271' title='bbox 883 2786 1147 2823; x_wconf 81' lang='grc' dir='ltr'>ΤΔΟΦΟΡΟΙ</span> 
     </span>
    </p>
   </div>
   <div class='ocr_carea' id='block_1_11' title="bbox 349 2864 1802 2920">
    <p class='ocr_par' dir='ltr' id='par_1_12' title="bbox 349 2864 1802 2920">
     <span class='ocr_line' id='line_1_38' title="bbox 349 2864 1802 2920; baseline 0 -13"><span class='ocrx_word' id='word_1_272' title='bbox 349 2868 585 2919; x_wconf 82' lang='lat' dir='ltr'><strong>Argument.</strong></span> <span class='ocrx_word' id='word_1_273' title='bbox 616 2868 823 2920; x_wconf 88' lang='lat' dir='ltr'><strong>Aristoph.</strong></span> <span class='ocrx_word' id='word_1_274' title='bbox 853 2869 990 2920; x_wconf 84' lang='lat' dir='ltr'><strong>Equit.</strong></span> <span class='ocrx_word' id='word_1_275' title='bbox 1021 2868 1064 2907; x_wconf 89' lang='lat' dir='ltr'>H</span> <span class='ocrx_word' id='word_1_276' title='bbox 1103 2864 1299 2919; x_wconf 74' lang='grc' dir='ltr'><em>ἐδιδάχθη</em></span> <span class='ocrx_word' id='word_1_277' title='bbox 1336 2865 1383 2906; x_wconf 77' lang='grc' dir='ltr'><em>τὸ</em></span> <span class='ocrx_word' id='word_1_278' title='bbox 1416 2866 1548 2920; x_wconf 73' lang='grc' dir='ltr'><em>δρᾶμα</em></span> <span class='ocrx_word' id='word_1_279' title='bbox 1578 2865 1644 2907; x_wconf 74' lang='grc' dir='ltr'><em>ἐπὶ</em></span> <span class='ocrx_word' id='word_1_280' title='bbox 1672 2869 1802 2920; x_wconf 61' lang='lat' dir='ltr'><em>239oe-</em></span> 
     </span>
    </p>
   </div>
  </div>
 </body>
</html>
