1872 3224
164 198 249 240 412
775 192 1160 227 ΑΡΙΣΤΟΦΑΝΟΤΣ

166 302 390 355 βυλωνίοις,
431 301 561 342 Schol.
602 300 762 339 Platon.
803 300 884 338 381
925 297 1394 348 Bekker.cf.Apost01.
1429 299 1494 346 16,
1527 297 1627 339 49⁸.
1663 296 1751 336 Ma-
1840 354 1843 355 ⁷

167 362 321 408 car.8‚
360 362 422 400 14.
469 359 638 408 Gregor.
680 356 802 408 Cyp1.
843 357 954 398 Leid.
992 356 1126 405 3,18
1165 357 1206 395 et
1247 328 1538 396 Schneidewin.
1569 354 1750 395 Paroem.

165 419 290 469 praef
323 417 459 456 XVIII
470 429 529 466 sq.

936 501 991 545 78

369 586 619 639 ναυλόχιον
651 583 704 626 ἐν
735 584 798 640 τῷ
827 583 961 640 μέσῳ.

210 707 221 735 ‚¹
280 669 447 708 Photius
478 669 709 719 ναυλοχεῖν·
743 697 752 706 .
787 698 795 706 .
830 698 839 707 .
871 664 940 706 καὶ
971 662 1185 718 ναυλόχιον
1213 661 1235 704 ὁ
1266 669 1444 714 τοιοῦτος
1475 663 1607 715 τόπος,
1640 658 1676 723 ᾧ
1694 666 1748 705 λι-

170 723 262 777 μένε
266 741 282 773 ς
317 723 475 765 ἔνεισιν.
509 728 623 764 ναυλ.
655 727 737 767 κτλ.
781 720 1072 776 Ἀριστοφάνης
1113 722 1399 775 Βαβυλωνίοις.
1449 723 1594 764 Pollux
1624 725 1663 774 9,
1696 723 1751 765 28

165 782 230 822 καὶ
253 781 371 836 όρμος
403 779 453 824 δὲ
480 781 546 822 καὶ
568 782 727 847 κρηπίς,
758 780 919 833 νεώρια,
951 780 1178 834 νεώσοικοι,
1207 778 1274 820 καὶ
1302 795 1357 829 ως
1383 776 1674 833 Ἀριστοφάνης
1705 777 1751 822 ἐν

168 839 462 894 Βαβυλωνίοις,
495 835 784 892 ναυλόχιον.
835 840 995 880 videtur
1025 853 1110 880 esse
1141 840 1272 879 exitus
1303 839 1477 879 trimetri
1506 835 1684 880 iambici.

935 987 992 1031 79

335 1064 363 1124 ἦ
397 1083 486 1111 που
518 1067 630 1111 κατὰ
661 1070 869 1124 στοίχους
899 1068 1203 1124 κεκράξονταί
1227 1083 1270 1111 τι
1299 1068 1585 1124 βαρβαριστί.

280 1153 447 1192 Photius
486 1155 663 1203 στοῖχος·
706 1151 837 1203 στίχος
871 1183 879 1192 .
915 1182 924 1192 .
959 1185 967 1192 .
1011 1149 1302 1204 Ἀριστοφάνης
1348 1149 1622 1203 Βαβυλωνίας
1665 1153 1749 1192 κτλ.

167 1211 392 1262 Hesychius
424 1207 525 1248 κατὰ
556 1209 736 1261 στίχους·
768 1207 869 1249 κατὰ
899 1206 1043 1259 τάξεις.
1075 1223 1318 1261 quamquam
1355 1210 1451 1250 haec
1481 1209 1643 1260 quidem
1675 1209 1748 1261 (H.

166 1268 348 1309 Schmidt
377 1265 477 1306 κατὰ
509 1265 663 1320 στίχας)
696 1268 746 1307 ad
767 1267 989 1308 Homerum
1019 1267 1211 1308 videntur
1239 1267 1454 1318 pertinere.
1486 1267 1748 1308 barbarorum

166 1326 330 1366 chorum
361 1338 520 1365 carmen
552 1325 714 1376 aliquod
746 1337 886 1366 canere
916 1339 1057 1376 parare
1087 1325 1380 1375 interpretatur
1416 1325 1629 1377 Bergkius.
1679 1324 1750 1364 sed

166 1384 256 1433 quis
294 1383 506 1422 barbarum
554 1395 715 1422 carmen
761 1383 1049 1434 intellegeret?
1096 1382 1287 1433 Aeschyli
1325 1383 1431 1422 enim
1476 1381 1623 1422 Persae
1666 1394 1749 1423 non

165 1443 316 1479 canunt
353 1438 602 1492 βαρβαριστί.
635 1453 717 1479 ιιοιι
753 1441 937 1490 chorum,
970 1441 1040 1481 sed
1071 1453 1207 1480 servos
1238 1439 1301 1479 vel
1337 1440 1496 1491 legatos
1527 1438 1748 1491 significari

166 1500 283 1548 putat
312 1498 557 1537 Fritzschius
588 1497 731 1548 Babyl.
765 1498 832 1537 24.
856 1499 894 1538 5.

936 1621 993 1664 80

281 1694 337 1743 εὖ
365 1698 409 1755 γ’
445 1699 773 1757 ἐξεκολύμβησ’
806 1698 1076 1757 οὑπιβάτης,
1108 1698 1169 1752 ὥς
1201 1701 1392 1752 ἐξοίσων
1424 1701 1630 1756 ἐπίγυον.

282 1784 544 1835 Harpocratio
576 1781 812 1837 ἐπιβάτης
838 1814 845 1822 .
870 1816 878 1824 .
911 1782 1038 1832 οὕτως
1071 1782 1243 1824 ἐκάλουν
1272 1789 1352 1824 τῶν
1383 1782 1428 1823 ἒν
1458 1787 1544 1831 ταῖς
1575 1780 1750 1853 τριήρεσι

165 1838 488 1893 στρατευομένων
527 1839 619 1889 τοὺς
655 1839 709 1894 μὴ
749 1845 1086 1893 κωπηλατοῦντας
1125 1838 1223 1881 ἄλλα
1254 1837 1379 1892 μόνον
1417 1839 1518 1892 πρὸς
1555 1839 1600 1881 τὸ
1629 1839 1748 1894 μάχε-
1801 1843 1809 1851 ”

164 1901 264 1937 σθαι
296 1897 557 1949 ἐπιτηδείους.
586 1895 879 1950 Ἀριστοφάνης
901 1899 1173 1953 Βαβυλωνίοις
1194 1902 1276 1939 κτλ.
1310 1895 1598 1949 ἕξεκολύμβησ’
1629 1895 1744 1938 οὑπι-

164 1953 289 2007 βάτης
320 1957 485 1996 Porson.
518 1957 670 2000 Hecub
704 1958 829 2008 praef.
862 1958 934 2010 LI]
969 1955 1284 2009 ἐξεκολύμβησεν
1314 1953 1518 2008 ἐπιβάτης.
1590 1951 1662 2010 ὦς]
1693 1952 1748 1996 dv

164 2010 283 2080 (sic)
292 2014 341 2052 N
376 2010 560 2066 ἕπίγυον]
595 2011 758 2066 ἕπίγνον
788 2015 839 2054 A.
873 2016 923 2055 cf.
955 2016 1002 2054 fr.
1036 2016 1135 2054 426.
1166 2015 1290 2066 vulgo
1322 2011 1474 2067 ἐπίγεια
1513 2014 1747 2054 scribuntur

165 2071 230 2110 vel
260 2066 455 2122 άπόγαια,
487 2067 659 2122 άπόγυα.
692 2072 837 2112 Pollux
871 2075 906 2121 1,
931 2074 999 2113 93.
1037 2074 1098 2121 10,
1134 2073 1228 2111 134.
1238 2028 1392 2112 gsolum
1424 2068 1593 2123 ἐπίγυον
1622 2067 1746 2140 §⁶20⁶-

165 2125 286 2179 νίον),
326 2128 431 2168 idem
471 2128 576 2178 quod
613 2131 781 2180 πεῖσμα,
819 2124 1076 2182 πρυμνήσιον
1112 2125 1393 2184 (opponuntur
1432 2127 1588 2180 σχοινία
1616 2142 1742 2182 αγκυ-

165 2183 284 2238 ρεια),
317 2185 568 2235 probandum
598 2199 685 2226 esse
724 2200 770 2226 ex
810 2187 1144 2239 inscriptionibus
1189 2187 1482 2227 demonstravit
1518 2185 1744 2227 Boeckhius

165 2241 311 2282 Oecon.
344 2242 406 2281 HI
439 2244 532 2292 162,
565 2246 814 2284 contractum
843 2257 1009 2285 censens
1039 2258 1087 2284 ex
1120 2241 1317 2297 ἕπιγύιον.
1370 2242 1472 2296 Poly
1474 2244 1511 2285 b.
1543 2244 1581 2292 3,
1614 2240 1683 2293 46,
1715 2243 1740 2283 3

164 2297 238 2349 τὴν
267 2295 346 2338 άπὸ
377 2304 446 2338 τοῦ
477 2299 669 2351 ῥεύματος
689 2300 839 2353 (fluvii)
870 2299 1050 2353 πλευρὰν
1085 2297 1351 2352 ἠσφαλίζοντο
1380 2304 1464 2348 τοῖς
1495 2297 1539 2343 ἐκ
1567 2304 1638 2351 τῆς
1665 2305 1742 2352 γῆς
1813 2322 1819 2328 -

164 2353 362 2408 ἐπιγύοις,
395 2357 449 2403 εἰς
479 2372 525 2396 τα
556 2372 646 2408 περι
675 2356 719 2398 τὸ
750 2361 878 2410 χεῖλος
909 2356 1058 2413 (fluvii)
1098 2355 1307 2408 πεφυκότα
1350 2362 1432 2398 τῶν
1469 2354 1650 2409 δένδρων
1680 2354 1741 2396 ἐν·

162 2412 367 2461 οἱπτοντες.
399 2420 575 2455 ceterum
606 2416 776 2468 figurate
806 2418 927 2468 poeta
956 2417 1118 2457 videtur
1146 2417 1304 2457 loeutus
1335 2428 1435 2455 esse.

935 2551 987 2594 81

222 2626 253 2682 ἢ
284 2622 392 2681 δῶρ’
427 2629 568 2671 αἰτῶν
598 2628 745 2686 ἀρχὴν
775 2630 976 2687 πολέμου
1005 2627 1116 2685 μετὰ
1137 2627 1430 2684 Πεισάνδρου
1461 2630 1704 2684 πορίσειεν.

281 2710 411 2750 Schol.
445 2713 519 2750 Av.
557 2715 663 2752 1556
702 2712 954 2766 Πείσανδρος
994 2745 1003 2755 .
1126 2710 1410 2763 δωροδοκῆσαί
1442 2721 1570 2762 φησιν
1612 2707 1743 2750 αὐτὸν

163 2763 454 2819 Ἀριστοφάνης
486 2769 761 2821 Βαβυλωνίοις
793 2768 859 2809 διὰ
891 2768 1045 2810 τούτων
1064 2772 1146 2809 κτλ
1178 2769 1311 2809 Schol.
1334 2769 1508 2837 Lysistr.
1530 2768 1615 2808 490
1645 2767 1740 2808 Πεί-

169 2822 395 2875 σανδρος..
410 2825 674 2892 ,κωμῳδοῦσι
704 2825 748 2866 δὲ
778 2824 905 2867 αὐτὸν
933 2824 1001 2866 καὶ
1032 2842 1087 2874 ως
1108 2823 1346 2897 δωροδόκον,
1379 2839 1435 2871 ως
1455 2838 1523 2864 και
1543 2821 1588 2863 ἐν
1609 2825 1740 2876 Βαβυ-

167 2880 325 2929 λωνίοις
351 2877 651 2934 Ἀριστοφάνης.
701 2884 828 2924 αἰτων
857 2880 1104 2937 Dindorfius]
1136 2882 1359 2933 αἰτοῦντες,
1388 2882 1496 2934 quod
1527 2883 1590 2923 est
1617 2881 1764 2922 αἰτοῦν-
