1872 3224
199 185 284 228 416
805 181 1194 216 ΑΡΙΣΤΟΦΑΝΟΤΣ

969 283 1025 327 96

405 342 686 398 ὁρκωμοτεῖν

317 420 359 464 τὸ
380 423 558 476 ὀμνύναι
577 422 864 477 Ἀριστοφάνης
888 423 1180 477 Βαβυλωνίοις.
1213 426 1394 465 Photius.
1427 428 1490 466 est
1509 426 1679 467 verbum
1700 427 1784 466 tm-
1816 416 1834 474 ¹-

200 487 347 535 gicum.
381 483 528 523 Aesch.
562 484 674 534 Sept.
706 484 773 522 46.
806 483 923 522 Eum.
959 484 1053 522 764.
1087 482 1209 534 Soph.
1241 484 1338 523 Ant.
1372 484 1467 524 265.
1505 483 1604 523 Eur.
1637 483 1785 536 Suppl.
1828 519 1835 526 ,,

206 543 328 581 1190.
362 543 498 592 itaque
530 554 577 580 ex
607 540 773 591 parodia
801 541 977 591 petitum
1007 541 1178 581 videtur.

969 652 1022 695 97

404 711 576 764 στίγων

314 794 482 833 Photius
513 792 680 845 στίγων,
719 789 740 832 ὁ
773 792 1015 845 στιγματίας.
1049 792 1337 846 Βαβυλωνίοις.
1389 794 1626 834 Eustathius
1658 794 1784 844 1542,

198 852 251 890 48
284 848 390 889 οὕτω
421 847 562 889 δὲκαὶ
592 847 612 889 ὁ
643 849 808 915 γράψας
839 848 901 889 ὅτι
932 850 1078 903 στίγων
1107 849 1174 890 καὶ
1204 848 1369 890 nidum
1397 850 1542 899 δοῦλος
1571 847 1593 891 ὁ
1623 861 1783 905 στιγμα·
1824 878 1857 889 s

197 907 284 955 τίας
314 906 381 946 καὶ
411 906 585 959 πεδήτης
616 901 723 959 παρὰ
750 905 1049 961 Ἀριστοφάνει,
1080 905 1167 973 μετ’
1201 904 1316 962 ὀλίγα
1348 905 1465 961 λέγει,
1495 922 1556 948 οτι
1585 906 1784 962 τριπέδων
1856 935 1861 937 -

198 962 219 1004 ὁ
251 964 470 1018 τρίδουλος.
502 965 650 1018 στίγων
679 965 931 1019 Dindorfius]
971 962 1129 1018 στιγών.
1180 964 1377 1018 γάστρων,
1407 963 1594 1019 πόσθων,
1619 963 1783 1019 γλάμων

200 1024 278 1062 alia
308 1024 564 1119 ῗοωῑὲοτεὲιέξ
585 1024 828 1064 Fritzschius
863 1024 963 1063 Bab.
998 1025 1066 1063 22.
1088 1024 1148 1066 cf.
1181 1024 1352 1064 Lobeck.
1383 1023 1534 1075 Phryn.
1570 1025 1651 1065 195
1681 1027 1783 1066 extr.

196 1084 236 1119 et
266 1081 308 1120 in
327 1095 371 1119 ra
419 1094 450 1119 r.
572 1111 581 1120 .

964 1158 1019 1201 98

399 1212 680 1267 ὠτοκάταξιν

311 1295 382 1336 τὸν
411 1296 744 1350 συντετριμμένον
774 1296 816 1337 τὸ
846 1293 932 1346 οὖς.
968 1294 1258 1350 Ἀριστοφάνης
1292 1298 1578 1352 Βαβυλωνίοις.
1608 1300 1781 1340 Bekker.

201 1357 354 1395 Anecd.
380 1358 471 1403 116,
495 1358 561 1396 32.
593 1356 735 1395 Pollux
760 1358 800 1407 2,
822 1358 877 1396 83
900 1354 963 1395 ἐπὶ
991 1354 1035 1395 δὲ
1066 1362 1163 1396 τῶν
1193 1354 1245 1396 ἐν
1274 1355 1569 1410 γυμνασίοις
1598 1359 1782 1411 πληγῶν

200 1410 246 1451 τά
281 1407 364 1451 ὦτα
395 1411 651 1479 κατεαγέναι,
683 1412 752 1452 καὶ
793 1410 1043 1462 ὠτοκάταξις.
1075 1417 1115 1463 4,
1152 1415 1230 1454 144
1271 1415 1377 1454 inter
1405 1410 1560 1484 κωμικοὶ
1588 1413 1784 1468 πρόσωπα
1852 1449 1859 1454 .

202 1474 535 1510 commemoratur
562 1466 840 1542 ὠτοκαταξίας.
866 1472 1062 1542 Hesych.
1095 1467 1358 1520 ὠτοκάταξις·
1394 1469 1437 1511 τὰ
1467 1465 1548 1512 ὦτα
1569 1470 1783 1527 τεθλασμέ-

202 1540 284 1574 νος.
315 1528 419 1567 Plat.
443 1528 566 1579 Gorg
591 1529 703 1567 515e
724 1528 766 1567 οἰ
782 1527 828 1567 τὰ
850 1543 932 1568 ωτα
952 1524 1200 1582 κατεαγότες.
1233 1530 1328 1581 quia
1348 1532 1482 1570 autem
1503 1532 1570 1580 qui
1583 1530 1779 1573 Laoedw

195 1586 338 1624 moniis
357 1585 492 1633 favent
512 1586 683 1625 Athenis
703 1588 805 1626 teste
825 1586 994 1626 Platone
1015 1587 1181 1638 Protag.
1204 1587 1322 1626 342b
1344 1580 1426 1626 ωτά
1447 1601 1487 1626 τε
1507 1585 1780 1640 κατάγνυνται

194 1637 428 1693 μιμούμενοι
448 1639 595 1690 αὐτοὺς
616 1641 684 1681 καὶ
704 1641 870 1694 ἱμάντας
891 1642 1225 1696 περιειλίττονται,
1257 1645 1411 1683 etiam
1401 1658 1443 1684 m
1466 1645 1702 1696 Babyloniis
1724 1645 1774 1685 fr.

196 1699 249 1738 98
282 1713 371 1738 oum
401 1700 450 1738 fr.
484 1700 537 1739 95
565 1701 764 1740 artissime
802 1702 1059 1742 coniunctum
1090 1702 1213 1741 fuisse
1243 1702 1428 1741 arbitror.
1468 1703 1517 1742 de
1547 1702 1676 1742 forma
1705 1715 1774 1743 no-

196 1757 312 1796 minis
342 1757 901 1812 of.Lobeek.Ph1-yn.628,
939 1759 1009 1799 ubi
1039 1772 1110 1810 per
1130 1771 1305 1799 errorem
1334 1754 1668 1812 βορβοροκάταξις
1697 1772 1771 1811 pro

195 1811 529 1866 βορβοροτάραξις
562 1814 655 1866 (Eq.
687 1812 805 1870 308).

967 1927 1023 1971 99

309 2011 475 2079 Argum.
508 2011 598 2050 Pac.
629 2008 794 2063 Κράτης
823 2007 957 2062 μέντοι
987 2007 1062 2050 δύο
1091 2005 1174 2050 οἶδε
1204 2008 1384 2081 δράματα
1413 2009 1584 2064 γράφων
1613 2008 1770 2060 οὕτως·

191 2062 278 2106 αλλ’
311 2081 387 2106 ουν
415 2081 458 2119 γε
489 2066 533 2106 ἐν
563 2071 645 2115 τοῖς
672 2065 935 2119 Ἀχαρνεῦσιν
963 2065 991 2120 ἢ
1022 2067 1295 2119 Βαβυλωνίοις
1323 2063 1353 2120 ἦ
1383 2066 1428 2108 ἐν
1464 2069 1511 2124 τῇ
1540 2066 1654 2124 ἑτέρα
1693 2068 1765 2110 Εἰ-

196 2118 311 2178 ρήνῃ.
343 2124 515 2164 Cratetis
545 2126 666 2165 verba
695 2139 776 2165 non
806 2126 1022 2166 adduntur.

307 2181 472 2221 Praebet
509 2183 557 2222 fr.
599 2184 680 2222 633
720 2183 787 2234 (cf.
829 2182 900 2234 66)
939 2184 990 2223 ad
1027 2184 1271 2235 Babylonios
1307 2184 1357 2222 fr.
1399 2185 1493 2223 583.
1538 2185 1633 2223 637.
1675 2184 1772 2224 683.

196 2240 276 2278 696
307 2240 467 2279 rettuli‘o
496 2240 740 2280 Fritzschius
770 2254 811 2291 p.
844 2241 911 2280 25.

879 2353 1073 2388 ΓΕῼΡΓΟ
1080 2355 1094 2387 Ι

309 2434 519 2486 Agricolas
551 2435 797 2475 simillimam
827 2436 950 2475 fuisse
969 2435 1288 2475 Acharnensium
1318 2438 1359 2475 et
1387 2435 1500 2475 Pacis
1523 2435 1768 2475 Suevernius

196 2493 351 2530 monuit
366 2493 426 2531 De
443 2492 642 2533 Senectut.
655 2493 782 2536 Arist.
801 2494 869 2532 29.
886 2493 1054 2532 alteram
1071 2492 1184 2532 Pacis
1197 2493 1414 2532 editionem
1427 2505 1513 2532 esse
1525 2492 1767 2532 Fritzschius

196 2552 329 2587 censet
368 2549 524 2588 Daetal.
566 2551 645 2588 131
688 2553 761 2590 not
799 2552 865 2589 71.
916 2553 1045 2590 actam
1083 2563 1170 2589 esse
1205 2562 1287 2589 non
1323 2550 1450 2588 multo
1487 2551 1580 2599 post
1617 2563 1681 2589 res
1718 2549 1770 2588 ad

195 2605 340 2655 Pylum
370 2608 517 2656 gestas,
547 2607 754 2658 Dionysiis
786 2606 850 2647 01.
873 2608 943 2658 88,
965 2607 992 2645 4
1022 2607 1219 2658 Bergkius
1241 2607 1482 2657 suspicatur.
1513 2606 1566 2646 cf.
1588 2606 1645 2646 fr:
1666 2607 1758 2648 100.

946 2717 1028 2760 100

403 2800 455 2838 Α.
491 2795 634 2839 ἐθέλω
663 2804 897 2853 γεωργεῖν.
945 2799 998 2840 Β.
1029 2793 1126 2839 εἶτα
1155 2798 1222 2846 τίς
1251 2808 1303 2840 σε
1334 2783 1524 2847 mmm

401 2867 456 2906 A.
488 2862 626 2920 ὑμεῖς.
659 2868 707 2908 τί
731 2865 774 2908 δ’
808 2867 850 2909 εἰ
876 2865 1041 2922 δίδωμι
1070 2866 1215 2921 χιλίας
1243 2863 1459 2921 δραχμάς,
