1872 3224
207 171 286 213 184
810 163 1175 200 ΦΕΡΕΚΡΑΤΟΤΣ

203 289 311 316 serus
343 276 468 315 ‘cuius
497 273 626 313 oscula
655 283 884 311 amaracum
912 271 1033 318 olent,
1065 269 1291 308 concubitus
1319 268 1488 318 apium’.
1525 268 1700 322 Heeyeh.
1731 270 1775 311 et

202 333 316 372 Phot.
349 328 524 369 σέλινον·
556 326 599 368 τὸ
627 330 856 380 γυναικεῖον
885 326 1052 368 αἰδοῖον.
1081 326 1132 365 cf.
1165 326 1267 365 Plat.
1303 326 1400 374 174,
1433 326 1498 366 10.
1579 326 1618 366 5.
1640 324 1774 380 τρίτου,
1803 334 1806 337 ’

202 403 278 432 om.
301 388 340 428 C.
371 383 514 425 παιών’
562 382 892 437 Schweighaeus.]
933 375 1064 422 παιών
1101 382 1216 423 Cant.
1259 382 1305 421 L.
1337 381 1472 421 παίων
1507 381 1550 423 O.
1664 403 1668 407 -

315 447 351 484 1.
383 442 523 493 ἐξερῶν
553 443 780 494 ‘cognatum
820 443 935 493 stirpi
975 438 1209 494 ἕρυγγάνειν
1245 440 1415 480 verbum
1454 437 1552 492 ἐρᾶν
1586 441 1799 492 pluribus.

200 503 295 542 locis
333 515 356 539 a
391 502 563 540 librariis
601 500 865 539 deformatum
903 505 983 549 est,
1023 499 1217 549 Hippocr.
1257 497 1316 537 De
1354 497 1482 538 morb.
1513 497 1556 539 11
1585 498 1654 538 24.
1684 499 1771 544 5⁷6,

201 559 275 600 GT.
305 558 392 599 VII.
451 558 509 597 De
539 558 635 599 mul..
664 557 790 598 morb.
822 556 863 596 II
893 557 966 605 12,
989 556 1071 596 802
1103 555 1139 594 D
1171 586 1180 594 .
1212 587 1220 596 .
1253 568 1326 605 pro
1357 556 1474 596 eicere
1504 557 1546 596 et
1573 555 1774 605 effundere

200 617 357 655 Atticos
388 615 531 654 dixisse
562 615 828 653 certissimum
866 617 947 665 θεῖς
985 626 1036 652 an
1068 614 1189 652 etiam
1219 625 1293 665 pro
1332 625 1502 654 evomere
1537 613 1772 665 usurparint
1827 622 1829 627 ’

200 673 398 712 dubitasse
428 671 586 712 videtur
615 671 829 723 Porsonus,
860 671 930 722 qui
959 671 1001 710 in
1022 671 1269 712 Pherecratis
1299 682 1420 710 versu
1448 670 1590 711 mallet
1618 667 1773 724 ἐξεμῶν
1834 702 1837 717 ,

202 730 279 780 legi
296 729 463 769 Advers.
485 729 596 768 128³.
626 728 800 768 Lobeok.
821 728 970 779 Phryn.
991 728 1055 767 64.
1125 728 1163 768 4.
1187 742 1211 779 γ
1221 730 1266 768 ελ
1276 732 1343 766 ῶν
1364 725 1574 768 canonia,
1584 740 1667 768 um
1685 728 1714 773 i.
1734 741 1771 775 e.

201 788 301 839 γελῶ
308 801 327 825 ν
347 783 639 836 ἷπποπορνικόν
660 781 831 838 (Mein).
863 799 886 823 κ
895 798 916 823 ο
926 794 949 823 σ
955 800 983 836 μ
992 798 1012 823 ο
1022 796 1044 823 σ
1053 782 1080 822 ά
1092 799 1112 822 ν
1122 783 1146 823 δ
1154 799 1179 822 α
1190 786 1210 823 λ
1219 800 1245 824 α
1275 785 1301 836 β
1309 799 1335 822 α
1345 783 1363 823 ι’
1368 799 1393 824 ν
1401 799 1433 824 ω
1445 799 1469 824 ν
1489 785 1650 838 egregia
1669 784 1774 837 dixit

203 844 483 894 ambiguitate,
516 855 604 881 cum
634 838 833 881 σάνδαλον
874 843 928 882 sit
963 844 1068 883 solea
1077 872 1086 887 ,
1124 840 1451 893 κοσμοσάνδαλον
1489 843 1562 883 flos
1590 838 1772 898 (Venus-

195 901 382 950 pautoffel
411 900 635 939 Billerbeck
666 900 770 940 Flor.
803 900 914 939 class.
950 898 1066 952 225).
1148 902 1184 939 5.
1200 912 1398 951 paeauem
1427 900 1546 950 dicit,
1577 901 1648 952 qui
1679 913 1772 943 eum
1849 922 1855 927 ·

201 958 348 996 mensis
379 957 522 996 ablatis
560 959 697 1007 potare
740 957 984 1008 incipiebant
1027 958 1177 996 cantari
1215 958 1383 998 solebat.
1423 957 1544 998 Beck.
1579 955 1771 1000 Chattica-²

199 1014 239 1053 II
271 1015 364 1053 263.
402 1014 499 1053 Xen.
532 1013 669 1064 Symp.
702 1015 739 1062 2,
775 1016 810 1053 1.
850 1014 953 1054 Plat.
985 1014 1123 1065 Symp.
1157 1017 1239 1056 176
1258 1029 1294 1055 a.
1355 1015 1590 1066 adloquitur
1624 1014 1771 1065 chorus

200 1074 246 1109 ut
276 1072 433 1110 videtur
459 1071 659 1110 hominem
689 1072 860 1122 aliquem
892 1072 1044 1112 divitiis
1066 1072 1277 1112 Persarum
1299 1073 1386 1124 regi
1415 1086 1568 1124 parem,
1600 1072 1770 1115 Calliam

202 1128 421 1168 similemve
452 1129 548 1167 eius.

945 1195 1026 1238 132

339 1270 398 1326 ἢν
428 1269 472 1313 δ’
501 1269 631 1327 ἡμῶν
661 1272 805 1316 σῦκόν
834 1289 901 1325 τις
931 1274 1006 1331 ἴδῃ
1038 1273 1112 1318 διὰ
1141 1273 1312 1331 χρόνου
1343 1275 1450 1319 νέον
1480 1275 1604 1332 ποτέ,

341 1330 598 1396 τώφθαλμώ
629 1341 773 1398 τούτῳ
803 1343 1131 1400 περιμάττομεν
1160 1342 1221 1387 vni
1252 1347 1345 1388 τῶν
1376 1345 1587 1389 παιδίων.

311 1423 540 1463 Athenaeus
562 1425 601 1475 3,
625 1426 676 1464 78
696 1425 721 1464 d.
753 1424 1005 1478 Φερεκράτης
1037 1425 1081 1467 δὲ
1110 1424 1138 1480 ἢ
1167 1423 1189 1467 ὅ
1220 1423 1448 1480 πεποιηκώς
1478 1425 1572 1477 τοὺς
1603 1425 1770 1482 Πέρσας

201 1478 342 1530 φησίν·
373 1477 426 1531 ἢν
455 1476 490 1518 δ’
533 1476 647 1531 ἡμῶν
676 1504 731 1510 -—
759 1482 953 1534 παιδίων,
993 1481 1047 1532 ὡς
1078 1483 1145 1524 καὶ
1183 1483 1348 1538 ἰάματος
1386 1482 1434 1526 οὗ
1471 1490 1543 1526 τοῦ
1578 1484 1768 1539 τυχόντος

202 1538 279 1576 τῶν
322 1535 457 1576 σύκων
499 1533 771 1590 ὑπαρχόντων.
832 1542 870 1580 2.
910 1539 962 1580 τώ
1008 1540 1184 1594 φ’θαλμοὸ
1227 1543 1278 1583 Α.
1318 1542 1444 1598 τούτῳ
1482 1542 1771 1597 περιμάττομεν

203 1594 453 1633 Hermannus
483 1594 620 1635 Doctr.
642 1599 757 1636 metr.
788 1611 826 1648 p.
851 1596 948 1652 581]
980 1598 1267 1653 περιμάττομεν
1295 1606 1412 1641 τοῦτο
1431 1602 1480 1644 A.
1510 1598 1563 1640 τοὺ
1584 1606 1668 1642 ταῖν
1696 1601 1770 1642 Er-

204 1651 358 1690 furdtus
380 1648 478 1704 443]
501 1656 590 1692 τῶν.
611 1667 748 1693 versus
769 1657 862 1694 sunt
882 1656 1106 1707 Eupolidei.
1139 1654 1295 1712 τούτῳ
1325 1660 1352 1699 i.
1381 1672 1416 1699 e.
1449 1663 1503 1714 τῷ
1523 1656 1643 1714 σύκῳ.
1673 1672 1769 1711 quo-

203 1708 321 1747 modo
351 1709 442 1747 talis
471 1711 669 1749 sententia
698 1712 882 1762 pax-abasi
913 1716 1124 1755 conveniat
1153 1730 1395 1767 quamquam
1426 1716 1589 1756 difficile
1619 1719 1682 1758 est
1711 1717 1768 1756 di-

203 1778 288 1804 cere
319 1762 526 1818 (Fritzseh.
558 1767 717 1819 Fragm.
750 1783 788 1808 v.
819 1770 921 1821 Eup.
956 1772 1049 1824 13),
1090 1773 1266 1813 dubitari
1301 1787 1384 1814 non
1420 1776 1557 1825 potest
1591 1774 1690 1826 quin
1719 1787 1768 1815 ex

205 1835 249 1860 ea
278 1823 404 1872 petita
433 1823 499 1862 sit.
946 1883 1025 1926 133

288 2010 296 2020 Ι
316 1959 447 1998 Schol.
478 1959 683 2011 Aristoph.
715 1962 813 2002 Ran.
847 1966 928 2004 362
959 1962 988 2017 ἢ
1016 1962 1234 2020 τάπόρρητ’
1267 1964 1511 2023 ἀποπέμπει]
1541 1965 1643 2021 πρὸς
1675 1965 1768 2018 τούς

204 2024 444 2064 ποιησαντας
486 2013 576 2063 τοὺς
621 2017 892 2071 Φερεκράτους
932 2020 1112 2075 Πέρσας·
1151 2022 1198 2063 τὰ
1237 2023 1313 2078 γὰρ
1348 2019 1552 2080 ἀπόρρητα
1586 2023 1770 2078 ἤκουσαν

203 2067 256 2116 ὡς
287 2076 363 2109 νῦν
391 2068 493 2138 ἡμῖνἱ
516 2071 621 2121 ἔθος.
671 2073 850 2127 ἥκουσαν
870 2079 1116 2134 Dindorfius]
1139 2079 1326 2135 ἥκουσιν.
1378 2084 1536 2135 ‘itaque
1565 2084 1640 2124 hoo
1669 2083 1770 2124 dicit

204 2128 422 2177 scholiasta,
453 2144 500 2167 τα
530 2126 746 2184 ἀπόρρητα,
777 2148 877 2185 quae
907 2137 1198 2189 Aristophanes
1237 2141 1286 2179 de
1323 2141 1443 2181 rebus
1474 2142 1611 2182 vetitis
1650 2141 1765 2190 dixit,

203 2184 411 2223 Persarum
428 2189 626 2228 auctorem
649 2190 696 2228 de
715 2194 918 2244 mysteriis
937 2195 1111 2237 dixisse!
1131 2198 1304 2237 Meinek.
1336 2199 1387 2240 cs.
1406 2198 1539 2238 Schol.
1555 2198 1767 2250 Aristoph.

205 2240 362 2281 Thesm.
394 2244 474 2282 363
505 2244 621 2296 δηλοῖ
646 2244 837 2300 ἐνταῦθα,
874 2244 933 2288 ὅτι
961 2249 1120 2305 λέγουσι
1150 2252 1218 2293 καὶ
1248 2250 1394 2305 ὁμοίως
1423 2251 1524 2308 ἡμῖν
1561 2252 1610 2296 τὰ
1640 2251 1767 2309 ἀπόρ-

205 2311 313 2347 ρητα,
344 2294 390 2337 οὐ
419 2297 544 2350 μόνον
573 2299 656 2356 (ἐπὶ
686 2301 784 2359 τῶν)
813 2301 1160 2361 ἀπηγορευμένων.

881 2432 1089 2467 ΠΕΤΑΛΗ

314 2515 530 2557 Meretricis
575 2532 719 2560 nomen
762 2536 847 2563 esse
893 2526 1080 2575 opinatur
1124 2529 1297 2568 Meinek.
1330 2530 1350 2569 I
1388 2531 1441 2570 86
1480 2533 1563 2571 not.
1599 2532 1666 2572 39.
1709 2531 1764 2571 cf.

206 2567 398 2612 Θάλαττα.
428 2573 524 2612 Lob.
556 2576 712 2617 Pathol.
743 2581 843 2630 prol.
879 2584 972 2621 111.
1332 2579 1337 2586 ’

941 2693 1023 2735 134

405 2755 534 2813 οὗτος
563 2765 706 2809 πόθεν
735 2762 893 2824 ἦλθες;
923 2775 976 2815 Β.
1011 2774 1074 2823 εἰς
1104 2774 1324 2819 Κολωνὸν
1354 2777 1500 2834 ἱέμην,

406 2828 460 2872 οὐ
489 2830 567 2875 τὸν
597 2832 824 2893 ἀγοραῖον,
856 2836 971 2883 ἀλλὰ
1000 2839 1078 2883 τόν
1108 2845 1200 2886 τῶν
1231 2844 1418 2889 ἱππέων.
