1872 3224
646 202 856 240 ΑΔΗΛΩΝ
893 205 1162 242 ΔΡΑΜΑΤΩΝ
1606 211 1688 255 221

91 303 246 374 3⁵⁴2qu
282 303 539 362 ἠπορημένον
587 310 860 362 καθῆσθαί
901 323 1028 362 φησιν
1076 310 1203 353 αὐτὸν
1247 313 1486 370 (Περικλέα)
1531 314 1583 356 ἐν
1634 333 1687 373 τῃ

81 360 250 477 mlv.
285 367 700 420 καρηβαροῦντα,
741 365 836 407 ποτὲ
874 366 918 408 δὲ
955 368 1082 420 μόνον
1121 370 1163 411 ἐκ
1192 373 1370 425 κεφαλῆς
1403 360 1687 414 ἑνδεκακλίνου

214 422 452 481 βονπολὺν
482 422 764 472 ἐξανατέλλειν.
797 423 841 466 ἕν
871 433 920 481 τῇ
951 426 1065 467 πόλει
1095 430 1118 468 1.
1152 443 1185 469 e.
1220 427 1264 469 ἐν
1294 431 1340 485 τῇ
1370 425 1593 485 ἀκροπόλει.
1635 435 1686 473 cf.

23 495 31 526 ἢ
79 420 293 584 &erg
305 483 513 534 Aristoph.
552 483 628 534 Eq.
662 485 756 524 267.
796 485 872 526 Av.
907 486 1003 525 832.
1035 487 1134 526 Xen
1165 488 1224 526 De
1254 489 1371 529 redit
1405 490 1686 538 5‚12.eum

272 543 439 593 gmento
476 541 678 593 Bergkius
716 542 764 581 R.
798 555 830 581 6.
864 544 950 583 Att.
985 545 1069 584 330
1107 546 1296 585 continuo
1335 548 1540 600 coniungit
1580 549 1687 600 frag-

74 603 83 606 ’“
82 591 287 640 intentum
317 599 542 650 adespoton
574 613 636 650 ap.
668 599 778 639 Plut.
813 600 901 641 Per.
935 603 957 640 7
983 603 1091 640 extr.
1124 603 1350 643 coniectura
1381 605 1595 645 admodum
1625 607 1683 646 i-n

78 658 227 698 certa
257 657 414 697 ridetur
443 658 682 697 insolentior
711 655 884 697 Pexiolei
915 659 1056 710 capitis
1087 661 1337 711 magnitudo.
1377 663 1484 712 quod
1525 676 1596 703 6111·
1627 661 1686 702 ἕν-

67 712 343 758 δεκακλινον
373 715 480 755 dicat
509 728 591 755 non
626 716 755 766 magis
786 729 950 766 possum
982 717 1181 767 explicare
1219 732 1336 769 quam
1375 717 1518 758 ἕνδεκα
1548 734 1686 768 κωπας

44 763 92 834 ΓΞ
89 770 312 824 Aristoph.
334 773 410 823 Eq.
429 774 527 812 546.
558 773 694 824 paullo
717 774 860 813 melius
881 774 1159 826 intessegerem
1182 773 1549 828 ἕκατόγκλινον.
1583 781 1686 818 6616-

39 827 75 886 T.
94 835 195 942 Ὗ
224 831 347 871 etiam
376 829 678 884 καρηβαρ(ι)ῶν
707 828 786 886 (τε)
818 829 998 882 κάθηται
1025 831 1030 885 Ι
1057 830 1139 884 (ἐπὶ
1170 847 1241 884 της
1271 832 1441 887 πόλεως)
1475 836 1686 876 Teleclidis

46 882 58 930 ‚¹
103 902 146 929 w
174 891 294 931 entur
325 902 426 929 esse.

861 979 919 1022 45

209 1061 303 1102 τῶν
334 1059 550 1103 δυνατῶν
580 1075 622 1102 τι
654 1056 805 1102 κέλευ’
821 1073 830 1082 ·
863 1057 919 1102 οὐ
948 1057 1035 1115 γὰρ
1067 1074 1190 1117 παρα
1221 1060 1569 1117 Κενταύροισιν.

20 1186 26 1203 .
217 1155 388 1195 Photius
434 1157 475 1195 et
521 1155 665 1195 Suidas
712 1150 802 1194 τάδ’
845 1169 893 1194 ου
932 1169 1038 1208 παρα
1078 1154 1355 1209 Κενταύροισι.
1401 1153 1613 1210 λεγόμενόν
1650 1173 1686 1197 τι

100 1206 169 1268 ἦν.
233 1211 496 1263 Τηλεκλείδης
543 1212 625 1252 τισί
669 1209 888 1264 (Ησιόδοις
934 1213 1146 1265 Meinekss)
1202 1219 1283 1253 τῶν
1328 1214 1517 1255 δυνατῶν
1565 1231 1600 1255 τι
1633 1239 1685 1244 ——

101 1269 409 1330 Κενταύροισιν.
449 1272 636 1322 Apostol.
671 1273 742 1320 16,
777 1273 801 1310 2
843 1267 934 1310 ταδ’
972 1285 1020 1310 ου
1061 1269 1169 1324 παρὰ
1208 1271 1492 1325 Κενταύροισι·
1533 1269 1684 1327 λεγόαε-

99 1324 176 1369 νόν
205 1342 242 1368 τι
271 1329 336 1381 ἦν.
391 1327 631 1384 Τηλεκλείδῃ
662 1327 739 1368 τισὶ
778 1328 858 1368 τῶν
887 1327 1103 1368 δυναστων
1133 1327 1244 1383 (sic).
1295 1331 1381 1370 sine
1412 1332 1582 1371 auctoris
1612 1345 1685 1371 no-

14 1385 27 1403 ”’
101 1388 211 1428 mine
239 1386 357 1426 Phot
391 1388 552 1437 613,1
585 1391 668 1426 τῶν
698 1406 754 1414 —-
784 1385 1062 1439 Κενταύροισι.
1108 1387 1213 1426 idem
1253 1393 1350 1435 νοῦς
1382 1384 1456 1427 οὐκ
1491 1386 1549 1427 ε’νι
1584 1390 1683 1429 Κεν-

103 1442 281 1498 ταύροις·
318 1444 511 1497 παροιμία
552 1442 616 1484 ἐπὶ
654 1449 733 1483 των
772 1440 990 1483 ἆδυνατων
1028 1442 1256 1496 ταττομένη.
1297 1446 1470 1496 Hesyeh.
1510 1445 1605 1493 νοῦς
1636 1443 1684 1485 οὐ

100 1500 208 1556 παρα
240 1500 387 1556 (πάρα)
419 1494 695 1556 Κενταύροισι.
729 1501 1017 1554 παροιμιωδες·
1057 1500 1138 1541 εστι
1167 1500 1212 1540 δὲ
1250 1501 1507 1555 Πεισάνδρου
1537 1517 1684 1555 κομμα-

101 1574 208 1613 τιον,
249 1557 314 1600 ἐπὶ
354 1565 437 1600 τῶν
475 1557 693 1600 ἄδυνατων
730 1555 977 1612 ταττόμενον.
1025 1560 1143 1611 ‘quae
1181 1574 1229 1600 ex
1269 1561 1461 1600 Herae-lea
1498 1561 1683 1601 Pisandri

101 1618 362 1659 Gamirensis
385 1619 567 1659 derivata
597 1619 810 1659 existimo’.
859 1619 1030 1657 Meinek.
1069 1618 1089 1656 Ι
1122 1619 1203 1657 162
1239 1618 1331 1657 adn.
1365 1620 1431 1660 91.
1482 1618 1682 1659 Porsonus

100 1677 205 1716 Adv.
239 1676 320 1716 266
353 1675 393 1714 τί
420 1674 490 1721 σύ;
521 1691 604 1715 των
633 1675 821 1715 δυνατῶν
852 1689 888 1713 τι
918 1671 1047 1714 κέλευ’
1057 1706 1064 1714 .
1098 1671 1144 1715 οὐ
1175 1690 1251 1727 γαρ
1281 1689 1388 1728 παρα
1418 1674 1683 1728 Κενταύροισι

100 1730 190 1773 ταδ’
224 1731 345 1773 ἐ’.στιν
375 1735 520 1774 melius
552 1734 729 1774 Cobetus
761 1733 813 1772 V.
835 1730 882 1772 l.²
911 1734 992 1773 359
1026 1737 1107 1771 τῶν
1136 1731 1326 1772 δυνατων
1346 1747 1382 1771 τι
1403 1730 1555 1772 κέλευε
1589 1730 1680 1772 ταδ’

99 1788 148 1831 οὕ
178 1789 288 1845 παρὰ
319 1793 371 1831 Κ.
411 1791 476 1844 (ac
507 1793 563 1831 sio
592 1793 673 1831 iam
710 1791 949 1831 Leutsohius
981 1804 1021 1841 p.
1055 1791 1157 1839 656,
1198 1791 1240 1829 in
1281 1791 1421 1830 ceteris
1458 1792 1681 1831 infelicissi-

99 1848 230 1901 mus):
260 1862 435 1918 namque
466 1850 523 1888 ita
553 1852 594 1889 et
623 1850 770 1889 lemma
801 1851 840 1887 et
869 1849 986 1888 facile
1017 1850 1301 1898 comparantur
1321 1844 1409 1886 τάδ’
1446 1845 1525 1886 ἐστὶ
1554 1849 1681 1887 Πελο-
1692 1854 1701 1860 ’

98 1902 323 1972 πόννησος,
355 1903 429 1957 οὐκ
453 1902 589 1945 Ἰωνία
619 1907 826 1958 multaque
847 1907 926 1945 alia
947 1906 987 1944 id
1009 1919 1151 1957 genus.
1184 1905 1309 1944 altera
1329 1906 1532 1955 proverbii
1554 1906 1682 1945 forma

100 1964 198 2012 νοῦς
228 1978 276 2003 ου
307 1977 349 2004 π.
382 1955 433 2004 Κ.
465 1963 515 2004 ad
546 1963 787 2003 Teleclidem
819 1965 927 2003 certe
957 1976 1039 2002 non
1069 1963 1255 2013 pertinet.

869 2099 926 2141 46

215 2195 346 2237 Schol.
393 2195 602 2245 Aristoph.
658 2194 735 2234 Av.
786 2195 836 2232 17
888 2186 958 2232 τὸν
1008 2191 1082 2244 μὲν
1130 2189 1408 2245 Θαρρελείδου]
1460 2190 1677 2245 Σύμμαχος

95 2248 288 2294 Ασωπο
299 2251 324 2291 δ
335 2267 397 2306 ωρ
413 2266 479 2292 ον
532 2250 599 2291 καὶ
639 2266 714 2321 γαρ
753 2244 868 2298 ουτος
916 2247 980 2290 ἐστὶ
1027 2246 1254 2302 σμικρότητι
1291 2246 1373 2289 ὑπὸ
1422 2249 1680 2300 Τηλεκλείδου

97 2306 404 2366 κεκωμῴδηται,
437 2308 506 2349 καὶ
534 2306 555 2349 ὁ
585 2306 738 2356 κολοιὸς
770 2306 908 2361 μικρὸς
941 2304 1001 2348 ὢν
1031 2306 1074 2346 ἐκ
1106 2313 1186 2347 τῶν
1215 2307 1371 2359 πτερῶν
1391 2305 1465 2358 τὴν
1485 2305 1681 2346 σύστασιν

98 2366 187 2420 ἔχει.
225 2369 268 2408 111
308 2369 454 2419 quibus
493 2368 792 2407 Herwerdenus
832 2366 927 2407 obs.
960 2367 1045 2406 crit
1081 2367 1132 2404 19
1173 2367 1270 2405 haee
1302 2365 1517 2420 JPeleolidis
1560 2365 1678 2404 verba

97 2426 224 2466 latere
262 2427 489 2477 suspicatur
524 2423 591 2464 καὶ
629 2422 784 2471 κολοιὸς
822 2417 963 2476 μικρὸς
995 2419 1055 2462 ὠν
1087 2424 1092 2472 Ι
1130 2420 1172 2461 ἐκ
1203 2436 1285 2462 των
1320 2426 1477 2474 πτερων
1506 2419 1678 2474 (μόνων)

73 2480 177 2535 ε’χει
207 2481 282 2535 τὴν
311 2481 515 2523 σύστασιν.
547 2483 646 2522 mihi
677 2496 750 2522 1166
782 2495 920 2523 versus
952 2494 1025 2521 nee
1049 2481 1247 2521 sententia
1277 2481 1415 2519 decere
1439 2479 1678 2519 Teleclidem

98 2540 272 2582 videtur.

869 2629 923 2672 47

304 2707 617 2772 καρηβαρικὸν
648 2707 698 2753 τὸ
730 2710 878 2760 πάθος

216 2794 490 2845 Τηλεκλείδης.
522 2795 666 2834 Pollux
699 2795 737 2846 2,
768 2794 839 2832 41.
870 2805 1041 2843 namque
1072 2791 1192 2830 etiam
1224 2787 1266 2829 τὸ
1295 2788 1432 2837 πάθος
1465 2789 1677 2830 Teleolidis

98 2864 186 2892 esse
217 2853 415 2892 existimo.
446 2853 496 2891 ad
527 2853 578 2891 fr.
611 2853 666 2890 44
696 2852 822 2891 refert
851 2851 1048 2901 Bergkius
1080 2849 1126 2888 R.
1159 2861 1191 2887 6.
1224 2849 1312 2887 Att.
1336 2849 1420 2888 330
1450 2849 1677 2887 coniectura

98 2909 265 2950 ineerta.
452 2935 458 2942 -
