1872 3224
227 212 312 254 516
836 208 1223 244 ΑΡΙΣΤΟΦΑΝΟΤΣ

226 315 426 369 κοχώνας]
460 316 555 355 fort.
586 312 632 353 τὰ
663 312 822 365 κοχώνα
852 314 1036 354 Dindorf.
1067 314 1203 364 potius
1233 311 1288 352 τω
1318 311 1490 365 κοχώνα.
1525 310 1627 354 ἀλλὰ
1655 315 1810 354 ovem?-

227 376 327 411 σθαι
365 369 607 425 (συσπάσαι)
653 383 696 411 σε
742 371 806 410 δεῖ
837 371 843 422 Ι
876 369 947 419 τὰς
985 367 1163 422 κοχώνας
1201 371 1412 422 Bergkius.
1461 371 1672 412 Dindorfio
1708 366 1808 412 ἀλλὰ
1867 375 1872 426 ξ

226 430 429 469 συσπάσαι
459 430 635 469 trimetri
666 430 797 468 exitus
828 429 1004 468 videtur.

978 540 1064 583 483

283 619 382 663 οὐδ’
418 624 528 672 ἴσως
558 618 795 676 ἀντέλεγες
823 619 971 677 τούτῳ
1000 623 1063 677 τῷ
1095 620 1306 679 ὃειπνίῳ·
1339 618 1394 663 οὐ
1424 618 1513 677 γὰρ
1543 618 1761 665 ἄκανθαι.

340 704 565 755 Hesychius
603 700 651 743 οὐ
690 701 765 756 γὰρ
802 701 1008 742 ἄκανθαι·
1061 702 1266 767 παροιμία.
1312 700 1602 756 Ἀριστοφάνης
1646 702 1811 757 Σκηνὰς

226 759 629 813 καταλαμβανούσαις
659 763 743 801 κτλ.
794 762 994 812 Bergkius
1025 757 1073 799 οὐ
1111 754 1187 814 γὰρ
1218 766 1299 808 σῶς
1331 762 1382 802 ‘si
1411 764 1509 802 satis
1537 763 1698 815 valeres,
1727 774 1812 803 mm

227 821 499 859 renuntiasses
528 820 732 859 eonvivio'.
764 824 806 858 at
835 822 923 858 tum
953 816 1012 857 α’ν
1042 819 1179 859 deesse
1209 832 1291 859 non
1321 821 1495 870 poterat.
1550 820 1686 871 itaque
1714 818 1812 860 Din-

227 877 375 916 dorfius
406 872 498 915 οὐδ’
530 872 585 915 ἂν
615 875 726 923 ἴσως.
758 879 934 916 ceterum
965 877 1015 916 cf.
1049 877 1144 915 272.

977 999 1064 1042 484

338 1083 535 1133 Harpocr.
558 1078 757 1134 δήμαρχος
768 1091 776 1099 ·
807 1078 869 1121 ὅτι
900 1079 944 1121 δὲ
973 1078 1093 1134 ἠνεχ
1104 1080 1217 1133 υρία
1229 1082 1277 1130 ζο
1288 1098 1312 1121 ν
1338 1081 1389 1121 οἰ
1414 1078 1541 1134 δήμα
1552 1096 1608 1134 ρχ
1619 1096 1665 1121 οι
1695 1062 1815 1134 δηλοῖ

227 1139 513 1191 Αριστοφᾶνης
545 1137 588 1178 ἕν
620 1137 784 1189 Σκηνὰς
815 1138 1230 1192 καταλαμβανούσαις.

973 1263 1060 1305 485

431 1320 586 1372 πεζίδα

340 1400 416 1454 τὴν
446 1400 533 1441 ὠάν
563 1402 633 1442 τοῦ
663 1402 836 1454 ἱματίου.
867 1400 1171 1455 Ἀριστοφάνης
1188 1395 1352 1453 Σκηνὰς
1389 1401 1809 1456 καταλαμβανούσαις.

226 1460 407 1500 Photius.

972 1549 1058 1592 486

430 1606 646 1661 πηρίὸιον

340 1682 413 1740 τὴν
441 1682 576 1740 πήραν
605 1687 734 1737 εἴποις
763 1686 832 1740 ἄν,
863 1686 918 1737 ὥς
949 1686 994 1729 ἕν
1015 1687 1181 1741 Σκηνὰς
1202 1688 1607 1742 καταλαμβανούσαις
1635 1686 1807 1744 Ἀριστο-

225 1744 377 1797 φάνης.
407 1746 551 1786 Pollux
586 1748 651 1799 10,
677 1748 770 1790 172.

972 1836 1056 1879 487

429 1892 709 1946 τριτοστάτις

337 1970 631 2043 Ἀριστοφάνης
663 1973 707 2014 ἐν
737 1978 919 2028 Σκηναις
953 2006 962 2016 .
997 2007 1005 2015 .
1041 1977 1323 2028 .Hesychius.
1373 1971 1612 2028 τριτοστᾶτις
1642 1975 1802 2030 Dindf.]

227 2031 490 2084 τριτοστάτης.
521 2033 571 2071 cf.
604 2033 748 2072 Pollux
779 2036 924 2082 4,106
954 2031 1022 2072 καὶ
1052 2031 1127 2085 τὴν
1155 2037 1330 2086 γυναῖκα
1360 2031 1405 2072 δὲ
1435 2032 1678 2086 τριτοστάτιν
1704 2029 1804 2087 Ἀρι-

225 2087 430 2140 στοφᾶνης
461 2091 584 2128 καλεῖ.

341 2158 553 2197 Praeterea
583 2159 633 2197 ad
663 2159 764 2199 hanc
795 2159 972 2199 fabulam
1003 2160 1053 2201 fr.
1078 2161 1172 2199 588.
1194 2160 1291 2199 862.
1322 2161 1405 2200 864
1436 2160 1563 2199 refert
1589 2157 1803 2212 Bergkius.
1821 2145 1830 2154 “

859 2294 1164 2328 ΤΑΓΗΝΙΣΤΑῘ

343 2373 588 2428 Ταγηνισταί
614 2376 744 2415 eidem
783 2375 971 2415 vident'ur
1008 2389 1093 2416 esse
1133 2389 1233 2427 quos
1271 2377 1438 2428 Eupolis
1469 2377 1551 2416 346
1589 2373 1683 2424 τοὺς
1711 2374 1802 2429 περὶ
1870 2374 1872 2378 '

226 2430 402 2484 τάγηνον
431 2431 574 2483 φίλους
605 2433 713 2473 dicit.
754 2433 804 2473 cf.
835 2434 1013 2472 eiusdem
1045 2434 1094 2473 fr
1127 2435 1223 2473 351.
1264 2434 1314 2473 ad
1345 2433 1514 2473 Calliam
1543 2434 1799 2475 inridendum

227 2491 429 2539 pertinere
458 2494 501 2529 et
531 2503 622 2529 cum
652 2490 863 2541 Eupolidis
893 2490 1183 2530 Adulatoribus
1221 2491 1528 2541 comparandam
1569 2504 1656 2531 esse
1686 2492 1800 2542 puta-

226 2548 295 2585 bat
326 2546 566 2587 Suevernius
596 2540 656 2586 De
687 2547 843 2587 Avibus
874 2548 943 2586 42.
975 2547 1224 2598 probabilius
1255 2548 1472 2599 Bergkius‚
1507 2561 1558 2587 ne
1589 2547 1800 2598 Eupolidis

226 2604 407 2643 imitator
435 2605 585 2643 nimius
614 2605 902 2655 Aristophanes
940 2605 1143 2654 videatur,
1184 2605 1309 2644 alium
1340 2604 1540 2655 quendam
1570 2605 1799 2644 adulescen-

227 2662 306 2698 tem
347 2660 514 2701 divitem
553 2654 595 2700 et
631 2662 843 2712 prodigum
882 2661 1038 2700 traduci
1077 2664 1221 2701 censet.
1273 2674 1318 2700 ac
1356 2661 1531 2700 dubitari
1570 2661 1638 2701 vix
1666 2663 1802 2712 potest

226 2717 323 2766 quin
353 2719 386 2756 is
418 2718 646 2757 Alcibiades
676 2718 812 2766 fuerit,
844 2731 934 2757 cum
964 2718 1200 2768 praesertim
1231 2718 1291 2756 illi
1329 2717 1613 2768 sodalibusque
1642 2719 1727 2759 eius
1757 2716 1801 2757 τὸ

227 2774 450 2824 ταγηνίζειν
478 2776 671 2814 usitatum
703 2777 821 2815 esset.
853 2775 902 2815 cf
923 2775 1068 2825 Eupol.
1092 2776 1188 2814 351.
1220 2774 1372 2813 accedit
1400 2774 1509 2824 quod
1528 2774 1688 2815 Prodici
1707 2788 1798 2815 eum

226 2829 440 2880 disciplina
469 2844 585 2871 usum
622 2832 747 2872 fuisse
785 2832 835 2870 fr.
866 2832 964 2871 488.
996 2832 1082 2871 490
1111 2831 1267 2871 docent.
1308 2853 1358 2858 —
1396 2834 1525 2870 actam
1557 2840 1647 2871 esse
1673 2832 1796 2884 Berg-

225 2886 316 2926 kius
347 2890 483 2927 censet
511 2888 669 2927 circiter
700 2887 764 2928 Ol.
797 2889 865 2936 93,
896 2890 932 2927 3.
