1872 3224
165 215 213 245 VI
810 197 1085 232 PRAEFATIO

164 311 210 348 ut
239 308 307 348 alii
338 321 399 347 me
431 307 628 347 feliciores
659 317 758 355 quae
797 304 839 342 in
875 302 949 341 hac
987 301 1162 340 editione
1198 300 1418 351 inperfecta
1458 300 1747 340 remansissent

165 367 406 462 explessggigt
436 423 482 460 ut
511 420 726 459 Benedicto
757 418 958 468 Lhardyo,
983 416 1069 456 viro
1091 415 1333 455 amicissimo
1362 416 1404 453 et
1424 413 1669 467 doctissimo,
1698 415 1744 463 in

166 479 509 530 deprehendendis
547 476 850 528 typothetarum
896 474 1039 513 erratis
1076 473 1304 512 acutissimo
1344 484 1469 522 eaque
1505 471 1657 512 virtute
1694 471 1744 512 de
1788 498 1794 502 -

166 552 227 576 me
260 539 301 575 et
330 537 402 575 hoc
433 535 537 573 libro
568 535 719 584 optime
748 532 893 571 merito
923 531 1073 583 gratias
1104 543 1219 581 agam
1250 529 1454 568 maximas.

283 627 515 667 Scribebam
546 625 725 664 Berolini
757 625 919 663 ineunte
950 635 1085 662 mense
1115 622 1233 661 Iunio
1263 634 1300 660 a.
1331 619 1671 664 MDCCCLXXX.

793 822 1109 875 Addenda.

257 932 401 968 Maiore
427 931 504 966 iam
528 929 640 964 huius
669 927 758 964 iibri
783 928 891 973 parte
919 938 943 963 a
966 925 1179 972 typothetis
1203 925 1380 961 absoluta
1404 925 1598 962 annalium
1621 925 1746 972 philo-

165 979 340 1025 logorum
358 976 513 1021 quidam
532 975 579 1011 ad
603 985 664 1010 me
690 972 831 1020 perlati
855 975 944 1008 sunt
969 971 1148 1016 fasciculi,
1174 971 1212 1006 in
1237 971 1375 1017 quibus
1392 971 1509 1007 etiam
1525 971 1573 1008 de
1590 971 1744 1009 comicis

166 1023 304 1060 Atticis
330 1022 556 1073 disputatur.
593 1067 600 1074 .
1017 1064 1025 1071 ⁶
1522 1062 1529 1070 ·

166 1115 237 1151 vn
257 1066 882 1159 ῗὲΒΞὛῩΘΒἓῗςίἳὲὲοῗιῑξὲἒὲἓῖᾞί
900 1075 1049 1146 siffis?
1052 1073 1208 1144 ⁰133?ss
1219 1062 1327 1144 25:2¹1?m
1320 1061 1746 1155 fflfififflssssifflk

169 1162 208 1197 in
233 1160 347 1196 tertio
373 1159 526 1194 demum
552 1158 636 1192 huis
660 1156 785 1202 operis
811 1156 1003 1192 volumine
1029 1154 1438 1196 commemorabuntur,
1462 1166 1549 1191 cum
1572 1165 1744 1200 praeser-

165 1207 235 1242 tim
260 1205 403 1253 sperari
428 1204 546 1285 ppssit
558 1203 651 1284 ¹{fore
678 1203 720 1238 ut
744 1202 939 1247 aliquanto
964 1201 1076 1248 plura
1098 1200 1259 1247 posthac
1284 1201 1364 1236 eius
1379 1200 1515 1238 indicis
1531 1200 1746 1247 fragmenta

164 1253 204 1288 in
229 1252 355 1287 lucem
407 1261 448 1286 ro
467 1261 555 1286 eran
576 1261 629 1284 ur.

258 1307 355 1342 quae
379 1263 447 1332 Pad
471 1299 605 1341 poetas
636 1294 813 1330 comicos’
846 1293 1020 1329 Naberus
1049 1293 1231 1329 Mnemos.
1255 1303 1343 1327 nov.
1369 1291 1459 1327 VIII
1483 1295 1590 1338 22sq.
1625 1290 1744 1328 adno-

165 1343 274 1386 tavit,
303 1343 341 1377 in
374 1340 596 1387 fragmentis
624 1341 826 1386 poetarum
856 1339 922 1385 qui
947 1340 1032 1385 post
1057 1338 1351 1385 Aristophanem
1375 1337 1529 1374 fuerunt
1550 1337 1745 1374 interdum

168 1387 472 1425 commemoravi.
500 1397 569 1422 nec
586 1385 707 1421 multo
724 1385 834 1431 plura
851 1384 1258 1428 commemoravissem,
1274 1384 1306 1419 si
1323 1383 1427 1429 prius
1442 1383 1633 1430 legissem.
1656 1383 1747 1420 sunt

166 1435 268 1470 enim
299 1433 539 1469 coniecturae
573 1433 652 1467 eius
683 1431 888 1467 maximam
920 1432 1069 1476 partem
1099 1431 1167 1466 aut
1195 1429 1407 1465 mediocres
1439 1431 1507 1465 aut
1537 1428 1744 1466 admodum

167 1480 316 1515 dubiae.
341 1490 459 1514 unum
477 1477 682 1513 multorum
700 1477 820 1513 instar
834 1487 1044 1523 proponam
1077 1475 1307 1527 exemplum.
1356 1474 1490 1521 Eupol.
1519 1479 1584 1512 155
1615 1473 1748 1511 scribit

167 1525 354 1570 φέρουσιν
378 1535 447 1570 pro
474 1522 676 1568 φοροῦσιν,
704 1522 838 1559 eadem
863 1524 942 1558 sine
968 1522 1084 1558 dubio
1110 1523 1300 1567 sapientla
1324 1531 1411 1556 cum
1441 1520 1598 1557 Homeri
1613 1531 1746 1556 versus

166 1570 268 1607 haud
299 1580 440 1617 paucos
470 1570 552 1605 tum
585 1569 653 1604 hos
678 1568 944 1614 Aristophanis
975 1568 1263 1604 emendaturus:
1287 1565 1355 1612 Eq.
1381 1569 1459 1602 528.
1483 1565 1638 1612 Lysistr.
1664 1569 1744 1603 896.

169 1621 266 1655 1201,
291 1615 427 1651 melius
452 1626 531 1650 rem
557 1614 674 1661 gessit
706 1614 898 1660 Aristoph.
923 1613 969 1650 fr.
998 1618 1062 1650 109
1093 1611 1226 1659 (ἄρτον
1253 1610 1496 1659 ῥυπαρόν).
1523 1616 1590 1648 217
1616 1610 1670 1656 (εἰ
1691 1609 1745 1658 μὴ
1813 1613 1815 1615 ’

167 1664 288 1699 δικῶν
313 1674 360 1707 γε
386 1659 639 1707 γυργάθους).
664 1659 749 1695 Phil
778 1660 817 1695 ll.
845 1664 866 1696 3
892 1656 1051 1704 (μύρου
1075 1662 1139 1705 τι).

258 1706 496 1743 Pherecratis
520 1706 565 1744 fr.
585 1710 628 1742 58
646 1705 733 1742 Mue
766 1717 851 1741 erus
868 1705 1023 1742 Strubin
1053 1706 1150 1742 ensis
1165 1705 1206 1741 in
1223 1705 1458 1742 Fleckeiseni
1475 1702 1611 1740 Annal.
1630 1702 1746 1741 CXXI

168 1766 206 1800 p.
234 1758 311 1796 100,
336 1753 366 1787 si
391 1752 448 1787 dis
478 1752 623 1798 placet,
655 1751 858 1797 supplevit.
905 1751 972 1787 sed
1002 1753 1042 1787 ta
1059 1751 1095 1787 ‘a
1117 1751 1378 1787 trimetrorum
1401 1749 1583 1793 monstra,
1616 1748 1747 1796 qualia

167 1800 255 1834 sunt
279 1791 321 1840 ὅς
346 1811 439 1834 ποτε
464 1798 685 1844 μεθυσθεὶς
710 1799 986 1838 Πουλυτίωνος
1013 1795 1053 1833 ἒν
1072 1797 1179 1844 οἰκίᾳ
1206 1799 1245 1833 et
1261 1798 1307 1844 τῇ
1327 1797 1396 1833 τοῦ
1411 1796 1651 1840 παρασίτους
1678 1790 1744 1841 ἄρ’

167 1843 238 1890 οὐχ
270 1841 363 1888 ὁρᾶς
395 1841 467 1889 τὴν
499 1842 631 1879 οἰκίαν
664 1843 746 1886 (ubi
777 1842 870 1888 quid
901 1842 973 1878 sibi
1005 1842 1101 1879 velit
1132 1839 1206 1888 ἄρα
1236 1843 1294 1878 ita
1322 1841 1547 1888 praesertim
1605 1842 1744 1878 ositum

167 1890 306 1933 nescio)
321 1883 425 1925 'olim
450 1890 608 1925 fortasse
633 1888 909 1935 probabuntur,
934 1887 1047 1924 hodie
1073 1890 1176 1925 certe
1202 1887 1370 1924 auctoris
1399 1888 1439 1923 in
1456 1897 1575 1933 quaes
1598 1887 1746 1924 'onibus

168 1935 426 1981 grammaticis
451 1934 694 1980 metricisque
718 1934 866 1970 nullum
891 1945 972 1970 esse
996 1934 1179 1970 iudicium
1205 1933 1476 1972 demonstrant.

259 1981 433 2017 Cratinus
460 1980 632 2030 Θρᾷτται
658 1990 707 2015 an
733 1981 911 2030 Θρᾷσσαι
929 1980 1124 2026 scripserit
1139 1979 1298 2016 dubium
1316 1979 1384 2017 est.
1411 1979 1500 2015 sunt
1516 1978 1582 2025 qui
1599 1979 1746 2016 Atticos
1775 1987 1779 1989 “

167 2027 243 2063 iam
269 2026 539 2072 antiquissimis
565 2025 801 2072 temporibus
825 2025 964 2062 litteris
995 2026 1198 2072 geminatis
1222 2039 1266 2061 ττ
1296 2035 1383 2061 usos
1415 2035 1509 2069 esse,
1533 2024 1672 2061 deinde
1696 2025 1746 2062 ab

168 2073 320 2108 Ionibus
344 2072 622 2118 geminatamm
647 2083 692 2107 σσ
717 2071 1031 2107 consuetudinem
1049 2072 1252 2118 accepisse,
1270 2071 1461 2116 postremo
1478 2070 1527 2106 ad
1570 2070 1746 2108 ristinum

168 2129 311 2153 morem
337 2118 490 2154 rediisse
517 2117 747 2153 existiment.
789 2128 887 2162 quae
919 2117 1013 2152 mihi
1046 2118 1202 2163 quidem
1233 2127 1386 2162 prorsus
1408 2115 1553 2152 inci-edi
1580 2115 1640 2152 ilis
1663 2128 1745 2154 esse

168 2163 320 2201 videtur
351 2163 613 2199 inconstantia.
663 2163 741 2198 sine
773 2163 890 2199 dubio
919 2164 963 2198 ut
992 2163 1130 2208 reliqui
1160 2163 1270 2199 Iones
1301 2162 1509 2208 antiquitus
1541 2163 1746 2208 geminatis

168 2221 213 2245 σσ
238 2209 461 2252 utebantur,
494 2209 628 2254 quibus
659 2210 810 2254 postea,
844 2209 949 2244 cuius
975 2208 1030 2244 rei
1054 2219 1185 2244 causas
1210 2217 1298 2244 sane
1329 2207 1564 2254 ignoramus,
1600 2218 1646 2243 ea
1669 2208 1746 2244 iam

169 2256 294 2290 aetate
320 2266 395 2300 qua
420 2255 698 2290 vetustissimae
722 2253 988 2300 inscriptiones
1012 2254 1117 2290 ortae
1142 2254 1248 2298 sunt,
1273 2266 1317 2288 ττ
1341 2252 1640 2298 substituerunt,
1670 2254 1746 2300 pri-

169 2312 273 2335 mum
298 2300 337 2335 in
362 2311 533 2336 sermone
558 2300 720 2346 vulgari,
747 2302 880 2345 postea
904 2299 1021 2336 etiam
1044 2299 1084 2335 in
1109 2299 1226 2336 libris.

259 2356 345 2381 mea
369 2346 479 2392 culpa
502 2358 539 2392 p.
566 2350 632 2382 552
657 2345 921 2391 Aristophanis
945 2345 1202 2392 fragmentum
1226 2344 1371 2381 excidit

374 2466 470 2507 ὅταν
496 2473 603 2516 φίλοι
628 2472 801 2518 παρῶσιν
827 2468 891 2507 ἐπὶ
905 2425 1196 2518 Ξξΐνῦἒκφοράν.

257 2527 382 2582 §choL
409 2528 552 2564 Oribas.
584 2528 638 2564 III
667 2532 735 2564 680
765 2527 832 2564 καὶ
858 2524 1131 2574 Ἀριστοφάνης
1163 2531 1243 2566 κτλ.
1275 2528 1448 2574 παρῶσιν
1481 2528 1742 2576 Daremberg.]

169 2585 361 2619 παρησαν.

260 2631 299 2665 in
325 2631 458 2666 eodem
485 2631 627 2668 scholio
653 2632 695 2666 A.
721 2630 912 2667 Nauckius
937 2629 1080 2667 Cratini
1104 2631 1360 2678 fragmentum
1384 2631 1503 2668 latere
1527 2643 1651 2678 nuper
1675 2635 1745 2669 Be-

169 2675 281 2712 rolini
304 2675 398 2710 mihi
421 2676 614 2712 indicavit.
663 2677 751 2711 sunt
774 2678 904 2712 autem
928 2676 1060 2712 scholii
1084 2676 1204 2713 verba
1226 2677 1335 2714 haec:
1370 2674 1555 2723 ἔκφόριον
1589 2675 1662 2723 γὰρ
1689 2678 1746 2715 λέ·

196 2734 279 2757 εται
306 2750 313 2758 .
332 2750 362 2759 ..
389 2721 452 2757 ἐπὶ
478 2720 606 2768 λόγου,
633 2719 683 2764 ὡς
709 2722 776 2780 (sic
801 2722 900 2767 cod.)
926 2722 1150 2766 κρατύνει
1173 2723 1375 2769 θύραζε·
1403 2720 1492 2760 (οὐκ
1518 2722 1598 2760 ἔστι
1614 2723 1746 2770 μῦθος

170 2734 352 2820 ἔκφορος·
394 2764 581 2805 ἐντεῦθεν
619 2766 668 2811 ὥς
706 2773 905 2814 αφρονες’.
957 2768 1165 2804 rectissime
1195 2768 1388 2804 Nauckius
1426 2765 1477 2810 ὥς
1509 2771 1746 2815 Κρατῖνος

172 2815 424 2863 Θρᾳτταις.
474 2815 644 2853 extrema
668 2814 858 2860 quomodo
884 2813 1124 2850 emendanda
1148 2815 1274 2850 essent
1295 2814 1378 2861 ipse
1403 2814 1615 2851 dubitabat.

1861 2925 1872 2994 nm*
1850 2496 1872 2919 Quam-uun———unfi-n—
1865 2442 1872 2472 ᾳ.
