1872 3224
236 213 320 255 300
878 205 1178 240 ΕΤΠΟΛῙΔΟΣ

348 317 574 356 Athenaeus
607 317 642 362 7,
677 315 789 353 328e
820 310 1006 364 τριχίδων
1036 307 1082 349 δὲ
1112 306 1392 363 (μνημονεύει)
1434 306 1615 356 Εὔπολις
1654 305 1699 348 ἐν
1735 300 1815 350 Kn'-

235 375 347 422 λαξιν
378 375 457 412 κτλ.
519 374 555 410 2.
589 366 783 421 ώψώνησ’
818 369 869 420 L]
903 364 1091 419 ὀψώνησ’
1126 367 1208 415 PV,
1242 364 1427 418 ἒψῶνησε
1458 366 1506 407 Β.
1567 367 1607 407 3.
1635 361 1814 419 ἡμιωβο-

237 431 321 470 λίου
351 428 398 483 L]
441 424 678 480 ἡμιωβελίου
716 430 764 466 A.
827 427 1059 476 ‘Hipponici
1099 425 1357 465 sobrietatem
1396 437 1478 464 non
1515 424 1602 464 sine
1638 422 1829 476 quodm-¹

235 489 383 528 ironiae
422 487 549 526 colore
587 486 751 525 indicat’
786 485 906 523 Mein.
938 484 957 522 I
990 485 1084 522 136.
1119 483 1213 522 132.
1254 482 1305 523 ef.
1338 482 1489 522 Andoc.
1524 483 1560 530 1,
1595 481 1690 521 131.
1724 482 1816 523 orat

235 559 322 584 cum
352 544 621 594 Hipponicum
652 546 876 593 praetorem
907 542 1032 580 fuisse
1064 542 1104 579 in
1135 540 1242 579 bello
1263 539 1398 580 Samio
1420 552 1467 579 ex
1487 539 1562 578 hoc
1583 539 1826 591 fragment&

236 603 493 652 conligerem.
526 601 567 639 id
599 601 707 651 quod
739 601 883 639 falsum
923 612 1009 638 esse
1049 598 1166 638 docet
1203 597 1383 637 scholion
1422 596 1604 637 adlatum
1633 609 1658 636 a
1685 594 1812 638 wiln-

235 659 432 698 mowitzio
464 657 1035 708 Ind.Gryphisw.1877s78
1074 669 1113 706 p.
1159 657 1224 694 13.
1263 653 1432 706 τριχίδες
1478 667 1601 705 quam
1637 653 1718 695 vile
1752 652 1814 706 pi

235 717 359 756 scium
391 728 515 767 genus
547 715 668 754 fuerIt
699 715 953 766 cognoscitur
983 727 1030 753 ex
1062 712 1270 763 Aristoph.
1304 712 1379 763 Eq.
1413 712 1510 752 662.

989 849 1071 891 155

443 933 671 986 φοροῦσιν
702 927 980 983 ἁρπάζουσιν
1012 928 1062 972 ἐκ
1093 928 1172 984 τῆς
1203 928 1348 979 οἰκίας

440 995 490 1041 τὸ
521 1000 725 1053 χρυσίον,
758 996 982 1054 τάργύρια
1014 1001 1269 1053 πορθεῑται.

349 1083 491 1122 Pollux
523 1084 561 1130 9,
594 1083 648 1122 90
679 1077 869 1135 τάργύρια
899 1096 973 1135 γαρ
1002 1078 1065 1120 ἐπὶ
1106 1085 1177 1120 τοῦ
1211 1076 1315 1134 ἆργυ
1341 1079 1407 1120 lov
1445 1078 1653 1128 σπανίως
1663 1093 1723 1120 αν
1755 1093 1815 1128 τις
1863 1078 1872 1093 ¹

236 1137 345 1192 δυ’ροι
375 1136 470 1189 παρ’
503 1135 637 1184 αὐτοῖς
676 1138 776 1192 (τοῖς
811 1136 1033 1191 Ἀττικοῖς.)
1095 1136 1233 1191 ἕγώδ
1290 1095 1412 1190 εὲρον
1449 1135 1493 1178 ἐν
1530 1139 1617 1186 ταῖς
1656 1133 1815 1205 Νήσοις
1864 1140 1872 1162 “-

232 1192 564 1263 Ἀριστοφάνους,
599 1196 634 1236 εἰ
667 1195 722 1249 μὴ
759 1193 1026 1236 ὑποπτεύεται
1065 1193 1107 1235 τὸ
1145 1195 1280 1247 δρᾶμα
1320 1192 1375 1243 ὥς
1411 1191 1727 1264 Ἀριστοφάνους
1764 1189 1814 1234 οὗ
1866 1226 1869 1230 .

237 1252 417 1306 γνήσιον
477 1246 564 1292 ἀλλ’
596 1251 683 1293 οὔτι
712 1269 755 1307 γε
786 1253 853 1293 καὶ
882 1255 924 1294 οἱ
951 1252 1129 1302 Κόλακες
1161 1249 1415 1304 Εὐπόλιδος,
1454 1250 1500 1293 ἕν
1527 1246 1588 1301 οἷς
1618 1245 1703 1293 εἶπε
1731 1253 1814 1295 κτλ.
1868 1291 1872 1300 ,Ἴ

235 1307 404 1364 ἀργύρια
444 1314 537 1351 sunt
574 1324 670 1352 vasa
708 1317 892 1363 arqentea
928 1312 1072 1366 (vulgo
1110 1307 1419 1365 ἀργυρώματα),
1459 1311 1606 1380 quibus
1645 1309 1813 1363 parasiti

236 1368 405 1408 Calliam
436 1369 625 1419 spoliant.
687 1383 895 1420 perperam
931 1369 1226 1409 Herwerdenus
1258 1367 1355 1410 obs.
1379 1369 1469 1409 crit.
1492 1368 1546 1408 24
1567 1363 1814 1430 ἁρπάζουσιν

237 1439 306 1476 pro
337 1427 691 1476 interpretamento
721 1427 855 1467 habet.

985 1539 1064 1581 156

442 1616 516 1659 καὶ
547 1615 626 1660 τὸν
658 1619 871 1673 Κέκροπα
901 1617 1114 1662 τᾶνωθεν
1144 1617 1315 1673 ἀνδρός
1343 1615 1454 1674 φασ’
1487 1594 1608 1674 ἔχειν

440 1686 569 1741 μέχρι
599 1689 690 1730 τῶν
721 1690 954 1742 κοχωνῶν,
986 1685 1040 1729 τὰ
1071 1687 1121 1730 δὲ
1154 1686 1363 1731 κάτωθεν
1393 1686 1630 1737 θυννίδος.

351 1769 607 1822 Βειᾛοωὺθῑς
648 1771 811 1811 Notices
843 1785 880 1821 p.
917 1773 1019 1818 215,
1062 1771 1130 1811 ubi
1171 1771 1273 1811 falso
1313 1784 1336 1811 a
1372 1770 1635 1823 grammatico
1674 1769 1814 1823 Raptis

238 1827 440 1865 tribuitur.
481 1827 530 1866 cf.
562 1842 662 1878 quae
700 1829 979 1868 adnotavimus
1019 1829 1068 1868 ad
1108 1829 1156 1867 fr.
1195 1830 1260 1867 77.
1308 1828 1489 1868 Erotian.
1523 1829 1591 1876 20,
1624 1828 1650 1866 4
1680 1826 1812 1872 Klein.

239 1876 423 1922 τάνωθεν
453 1880 599 1935 ἀνδρός
631 1881 727 1934 φασ’
752 1886 956 1925 Nauckius
989 1886 1094 1937 apud
1125 1886 1298 1926 Meinek.
1321 1885 1357 1922 V
1378 1899 1418 1936 p.
1441 1884 1608 1924 LXXIX
1628 1886 1670 1924 et
1690 1883 1813 1924 Fritz-
1870 1919 1872 1924 .

237 1941 367 1979 schius
398 1941 456 1980 De
487 1955 587 1981 com.
621 1956 685 1993 gr.
721 1943 771 1981 fr.
811 1942 853 1994 6]
894 1953 1022 1993 φασιν
1058 1939 1226 1982 ανωθεν
1262 1939 1411 1991 ἀνδρὸς
1450 1939 1566 1993 ἔχειν.
1613 1938 1811 1988 θυννίδος

236 1995 675 2064 Daremb.]&vuvlclog.
708 2000 932 2051 Goettling.
965 2000 1266 2040 1nd.Ien.hib.
1292 2001 1402 2039 1853
1423 2014 1462 2052 p.
1487 2000 1512 2039 5
1534 2013 1601 2038 και
1622 1995 1812 2050 Κέκροπά

238 2049 336 2101 φασ’
368 2052 534 2094 α’νωθεν
563 2052 710 2107 ἀνδρὸς
749 2053 853 2106 σωμ’
893 2055 997 2108 ἔχειν
1031 2079 1077 2086 —-
1113 2055 1160 2095 τὰ
1198 2053 1243 2096 δὲ
1280 2055 1469 2096 κάτωθεν
1505 2054 1711 2096 θυννιὸοὔ
1749 2055 1812 2095 vel

237 2111 458 2150 θυννιδῶν.
519 2114 626 2152 ‘nam
655 2115 824 2154 Athenis
863 2115 1085 2154 etiamnum
1123 2118 1326 2166 superstes
1364 2116 1427 2154 est
1462 2116 1596 2154 statua
1626 2111 1812 2164 Cecropis

238 2168 454 2208 desinentis
483 2170 524 2209 in
553 2171 650 2210 duos
672 2173 814 2221 pisces’
820 2202 828 2210 .
861 2172 914 2214 cf.
946 2173 1158 2212 Archaeol.
1192 2172 1292 2211 Zeit.
1333 2172 1387 2212 N.
1415 2172 1460 2214 F.
1491 2171 1528 2208 V
1559 2167 1710 2224 (1873)
1741 2169 1810 2210 55.

987 2294 1066 2337 157

442 2374 566 2414 τουτὶ
597 2371 750 2428 λαβών
779 2373 832 2416 τὸ
862 2374 1038 2430 κόρημα
1068 2372 1152 2430 τὴν
1182 2371 1330 2429 αὐλὴν
1360 2373 1499 2428 κόρει.

351 2454 494 2493 Pollux
526 2458 590 2508 10,
623 2457 676 2496 28
707 2454 774 2495 καὶ
805 2454 847 2495 τὸ
876 2453 951 2507 μὲν
981 2462 1124 2504 σκεῦος
1157 2453 1352 2509 (κόρημα)
1384 2454 1451 2495 καὶ
1489 2455 1597 2508 ρῆμα
1635 2453 1808 2509 (πορεῖν)

238 2504 317 2547 ὑπὸ
355 2487 590 2559 Εὐπόλιδος
603 2512 754 2564 εἴρηται
786 2511 830 2552 ἕν
859 2517 941 2560 τοῖς
974 2511 1150 2562 Κόλαξιν
1178 2515 1261 2553 κτλ.
1293 2514 1344 2554 cf.
1375 2514 1583 2564 Aristoph.
1615 2513 1707 2554 Pae.
1741 2512 1809 2554 59.

240 2566 383 2616 Eupol.
417 2569 509 2616 228,
541 2572 578 2608 4.
613 2571 732 2610 ducta
761 2571 952 2610 videntur
982 2584 1028 2610 ex
1059 2585 1104 2610 ea
1133 2571 1293 2610 fabulae
1330 2573 1463 2621 parte,
1504 2571 1545 2610 in
1585 2584 1663 2621 qua
1692 2570 1809 2610 aedes

241 2621 386 2663 Calliae
416 2627 655 2676 excipiendis
687 2628 915 2678 hospitibus
945 2629 1242 2678 adparabantur
1272 2626 1451 2680 (Mein.).

988 2737 1070 2780 158

380 2811 658 2872 Ἀλκιβιάδης
688 2818 738 2860 ἐκ
769 2820 861 2859 τῶν
889 2819 1128 2871 γυναικῶν
1159 2815 1318 2870 ἐξίτω.
1359 2819 1410 2860 Β.
1441 2818 1489 2859 τί
1514 2819 1686 2873 ληρεῖς;

383 2879 467 2923 οὐκ
498 2882 646 2926 οἴκαδ’
680 2883 834 2928 ἐλθών
863 2883 948 2941 τὴν
977 2886 1176 2928 σεαυτοῦ
1204 2884 1453 2940 γυμνάσεις
1482 2884 1711 2940 δάμαρτα;
