1872 3224
196 186 280 228 402
795 181 1185 217 ΑΡιΣΤοΦΑΝοΤΣ

197 289 301 344 hus.]
336 301 609 339 συκοφαντην.
671 287 813 356 suidas
854 284 1092 352 Πάμφιλος·
1133 283 1294 325 ἔκλεπτε
1339 282 1387 324 τὰ
1431 289 1505 324 τοῦ
1544 279 1675 337 δήμου
1710 282 1782 326 καὶ

198 346 405 400 φωραθεὶς
438 376 446 384 .
482 378 489 384 .
521 342 746 395 κατελύθη,
778 341 833 390 ω’ς
865 354 993 394 φησιν
1020 337 1328 394 Ἀριστοφάνης,
1365 355 1468 394 quae
1499 357 1520 382 e
1551 343 1638 384 solo
1666 335 1781 391 Pluti

197 419 314 445 versu
363 406 543 443 derivata
573 415 657 442 esse
696 415 776 441 non
815 405 999 452 possunt.
1050 402 1236 441 Platonis
1274 401 1544 451 Amphiaraus
1581 413 1782 452 nusquam

197 464 544 502 commemmatur.
596 461 731 510 itaque
770 462 839 498 aut
881 472 969 498 cum
1012 459 1196 498 Dobraeo
1235 471 1308 509 pro
1346 456 1414 497 καὶ
1466 452 1640 497 Πλατων
1682 458 1779 500 sori-

198 521 371 559 bendum
404 522 465 558 est
494 515 561 555 καὶ
589 516 723 565 πάλιν,
757 519 803 555 ut
823 515 1106 566 Aristophanis
1126 517 1397 566 Amphiaraus
1419 515 1679 567 significetur,
1709 518 1782 557 aut

199 591 290 616 cum
322 576 522 615 Meinekio
553 575 573 613 I
606 575 687 614 167
720 577 761 613 et
790 574 968 625 Bergkio
997 575 1045 613 R.
1078 586 1111 613 c.
1134 575 1222 612 Att.
1245 574 1327 613 381
1357 569 1590 628 Ἀμφιαράῳ
1621 575 1780 615 mutan-

198 635 293 673 dum
324 634 366 672 in
400 630 465 685 (ἐν
495 629 602 685 ταῖς)
630 628 726 680 Ἀφ’
760 630 893 683 ἱερῶν,
924 645 1027 682 quae
1058 634 1121 670 est
1150 631 1357 671 comoedia
1386 631 1608 671 Platonica.
1632 631 1782 683 itaquo

195 692 269 730 hoc
307 691 468 741 quidem
509 691 781 741 fragmentum
824 692 869 728 ut
906 689 1071 728 dubium
1113 692 1288 728 extremo
1327 688 1415 728 loco
1457 688 1680 740 posuimus.
1729 688 1780 730 de
1802 724 1813 732 .

195 751 322 788 metro
354 749 404 787 cf.
435 761 537 798 quae
570 746 799 785 Dindorfius
831 747 881 785 ad
912 746 1023 786 Pluti
1054 747 1237 786 scholion
1267 746 1488 786 adnotavit.

851 859 1119 893 ΑΝΑΓΤΡΟΣ

311 931 740 972 Gaisford.Prove1·b
782 930 947 970 Coislin.
977 945 1016 981 p.
1053 931 1132 970 123
1174 928 1276 980 φασὶ
1310 927 1504 982 γενέσθαι
1541 928 1630 970 τινὰ
1660 945 1777 984 γεωρ-

195 988 270 1042 γὸν
302 988 345 1028 ἐν
376 994 428 1043 τῷ
457 985 761 1040 Ἀναγυρασίων
790 986 906 1041 δημῳ
936 987 1070 1027 αἰτίαν
1100 985 1238 1038 ἔχοντα
1269 987 1324 1035 εἰς
1363 985 1433 1027 τὸν
1462 986 1634 1039 πλησίον
1663 987 1779 1039 ἰδρυ-

193 1045 317 1098 μένον
346 1045 502 1099 βωμόι·
536 1044 599 1084 διὸ
628 1048 855 1096 συμφοραῖς
887 1042 959 1084 τὸν
978 1043 1204 1116 ἄνθρωπον
1225 1044 1378 1092 δειναῖς
1398 1048 1643 1096 περιπεσεῖν.
1673 1058 1779 1143 2250)-

196 1118 264 1143 τον
293 1101 368 1154 μὲν
397 1102 472 1155 γὰρ
502 1099 680 1153 ἀπέβαλε
714 1101 787 1153 τὴν
816 1106 1004 1155 γυναῖκα,
1037 1100 1077 1151 ἐξ
1107 1096 1157 1153 ἦς
1194 1098 1304 1157 αὐτῷ
1339 1106 1437 1150 παῖς
1467 1098 1656 1155 ἐγεγόνει·
1694 1117 1712 1144 ε
1731 1117 1779 1143 τα

194 1160 263 1200 λὸν
307 1159 398 1200 υἱὸν
443 1159 622 1212 ἕπηρωσε
663 1159 832 1215 διαβολῇ
871 1163 1026 1214 πλαστὴ
1066 1165 1136 1211 τῆς
1173 1165 1370 1212 μητρυιας
1408 1157 1672 1213 χρησαμένης,
1710 1159 1779 1201 καὶ

194 1216 334 1270 σαβών
363 1215 488 1258 αὐτὸν
517 1215 762 1268 ἀνεβίβασεν
792 1217 848 1265 εἰς
880 1213 1086 1268 πλοιαριον
1120 1216 1188 1257 καὶ
1218 1216 1275 1265 εἰς
1312 1215 1472 1285 λυπρὸν
1507 1215 1675 1269 ἐξέθηκε
1705 1233 1778 1271 νη·

194 1276 343 1315 τίδιον·
383 1270 465 1315 εἶτα
505 1271 651 1314 ὀνείδει
690 1274 949 1326 κατεχόμενος
987 1270 1108 1322 αὐτός
1140 1289 1179 1315 τε
1218 1290 1286 1314 και
1315 1271 1340 1327 ἡ
1371 1268 1477 1327 γυνη
1507 1273 1607 1315 κατὰ
1637 1280 1780 1316 πᾶσαν

196 1332 270 1385 τὴν
300 1332 418 1372 πόλιν
447 1328 567 1380 αυτὸς
598 1328 672 1383 μὲν
693 1333 929 1397 συγκλείσας
962 1330 1108 1372 ἑαυτὸν
1136 1330 1232 1384 μετὰ
1264 1328 1430 1372 πάντων
1459 1337 1547 1372 ταῖν
1565 1332 1778 1386 κτημάτων

238 1421 246 1430 .
280 1422 289 1430 .
321 1389 386 1429 καὶ
418 1395 501 1441 πῦρ
531 1383 748 1439 ὑποβαλών
779 1386 948 1440 ἐκαύθη.
1002 1387 1026 1441 ἡ
1058 1386 1102 1428 δὲ
1140 1387 1243 1455 γυνὴ
1284 1390 1338 1438 εἰς
1377 1388 1504 1443 φρέαρ
1534 1388 1687 1444 ἑαυτὴν
1714 1388 1776 1444 ἴρ-

194 1456 288 1499 ριψε
292 1463 326 1487 ν
383 1449 527 1488 Suidas
555 1443 843 1499 Ἀναγυράσιος
875 1447 1044 1499 δαίμων,
1076 1445 1161 1486 ἐπεὶ
1191 1440 1259 1486 τὸν
1295 1453 1567 1500 παροικοῦντα
1597 1446 1776 1502 πρεσβύ-

196 1520 267 1555 την
312 1503 380 1544 καὶ
424 1502 725 1555 ἐκτέμνοντα
773 1503 822 1544 τὸ
866 1514 1019 1552 αλσος
1071 1502 1337 1557 ἐτιμωρήσατο
1382 1501 1602 1558 Ἀνᾶγυρος
1651 1503 1775 1558 ἥρως.

196 1564 339 1602 deinde
370 1563 594 1629 paullulum
627 1563 828 1602 inmutata
867 1564 1003 1602 eadem
1041 1563 1164 1602 refert
1193 1576 1296 1613 quae
1327 1576 1448 1614 supra
1478 1565 1776 1615 exscripsimus.

196 1619 345 1671 ἱστορεῖ
380 1616 424 1658 δὲ
455 1613 692 1671 Ἱερωνυμος
732 1617 776 1658 ἐν
813 1624 867 1658 τῶ
906 1618 995 1671 περὶ
1032 1619 1376 1673 τραγῳδιοποιῶν,
1419 1616 1649 1669 ἀπεικάζων
1683 1616 1776 1660 τού-

196 1691 274 1724 τοις
306 1674 375 1715 τὸν
395 1673 623 1727 Ευριπίδου
654 1675 837 1717 Φοίνικα.
877 1678 926 1717 cf.
959 1678 1079 1716 etiam
1113 1677 1261 1716 Zenob.
1295 1678 1342 1725 2,
1375 1679 1442 1717 55.
1494 1679 1631 1730 itaque
1660 1692 1776 1731 argu·

198 1738 379 1774 mentum
413 1735 642 1784 tragoediae
680 1736 723 1774 in
764 1735 976 1774 ridiculum
1009 1735 1180 1774 detorsit
1215 1736 1520 1786 Aristophanes.
1570 1735 1776 1783 exordium

202 1793 358 1831 fabulae
390 1792 519 1831 simile
549 1793 672 1831 fuisse
694 1792 871 1831 Nubium
894 1793 1066 1831 videtur.
1108 1792 1156 1831 de
1179 1794 1361 1842 tempore
1382 1805 1463 1832 non
1486 1795 1663 1833 constat:
1682 1806 1776 1833 nam

194 1850 303 1900 quod
341 1849 545 1899 Euripidis
584 1849 851 1900 Hippolytum
891 1849 1066 1889 traducit
1102 1849 1150 1888 fr.
1191 1850 1265 1898 51,
1306 1850 1442 1889 eadem
1482 1850 1688 1902 tragoedia
1715 1851 1775 1891 in-

195 1907 352 1945 ridetur
382 1910 422 1945 et
452 1908 493 1944 in
517 1907 730 1957 Equitibus
755 1904 848 1960 (16)
881 1910 921 1946 et
949 1907 992 1946 in
1022 1906 1146 1946 Ranis
1171 1905 1306 1959 (931).
1341 1907 1501 1946 videtur
1530 1911 1666 1948 tamen
1687 1911 1777 1948 acta

199 1977 286 2003 esse
317 1967 410 2014 post
441 1964 650 2014 Eupolidis
682 1965 955 2006 Maricantem.
987 1964 1035 2004 cf.
1067 1964 1118 2002 fr.
1152 1965 1218 2002 54.

960 2077 1014 2119 41

401 2154 459 2211 μὴ
493 2154 622 2198 κλᾶ’·
677 2155 767 2211 ἐγώ
799 2168 871 2199 σοι
901 2157 1195 2212 βουκέφαλον
1225 2153 1469 2213 ω’νήσομαι.

306 2239 481 2290 Etymol.
515 2254 564 2277 m.
597 2241 692 2288 207,
727 2242 794 2279 55.
827 2240 997 2279 Gudian.
1025 2242 1117 2288 113,
1150 2242 1204 2280 47
1235 2238 1297 2279 ὅτι
1327 2238 1371 2279 δὲ
1404 2245 1484 2280 τῶν
1514 2239 1770 2282 Θετταλικῶν

191 2294 328 2334 ἵππων
355 2293 456 2342 τινὲς
486 2294 707 2335 ἐκαλοῦντο
736 2295 980 2348 βουκέφαλοι
1010 2296 1130 2348 δηλοῖ
1157 2293 1446 2350 Ἀριστοφανης
1485 2295 1529 2337 ἐν
1565 2294 1774 2354 Ἀναγύρῳ

192 2352 246 2405 μὴ
269 2377 321 2381 -
344 2349 563 2404 ωνησομαι.
580 2352 647 2392 καὶ
667 2350 787 2392 παλιν
807 2351 927 2406 ψήχει
947 2357 1028 2393 κτλ.
1053 2353 1120 2408 (fr.
1144 2355 1232 2407 42)
1251 2355 1364 2395 addit
1383 2356 1518 2407 Etym.
1541 2370 1594 2395 m.
1617 2341 1770 2408 λέγεται

193 2407 543 2462 (βουκέφαλος)ὂ’
524 2409 864 2463 εγκεχαραγμένον
876 2410 977 2462 ἔχων
992 2415 1073 2459 τοῖς
1091 2411 1230 2463 ισχίοις
1245 2408 1484 2478 βούκρανον.
1494 2409 1586 2451 κλα’
1604 2412 1746 2453 Dindf.
1750 2410 1764 2466 ]

193 2470 315 2507 κλαῖε.
367 2469 416 2507 cf.
447 2469 552 2507 Nub.
587 2469 652 2508 23.
702 2471 821 2508 notus
863 2473 925 2509 est
955 2470 1177 2509 Alexandri
1207 2471 1315 2521 regis
1346 2483 1471 2520 equus
1503 2469 1766 2521 Bucephalus.

195 2525 476 2575 Phidippidem
508 2527 682 2576 aliquem
712 2530 827 2577 pater
858 2528 1100 2567 consolatur.

960 2639 1017 2681 42

402 2715 504 2772 ψῆχ
541 2715 680 2774 ἠρέμα
711 2716 792 2762 τὸν
822 2717 1114 2774 βουκέφαλον
1145 2719 1221 2762 καὶ

399 2784 479 2828 τὸν
509 2790 774 2830 κοππατίαν.

313 2869 447 2921 Etym
482 2884 530 2907 m.
555 2874 595 2910 et
617 2847 843 2910 Gudianum
874 2873 971 2911 ibid.
1022 2867 1125 2924 ψῆχ’
1158 2868 1381 2925 Dobraeus]
1403 2869 1540 2924 ψήχει.
1592 2874 1769 2916 attamen
