1872 3224
210 203 293 247 218
795 188 1165 227 'PHAEKAEIAOT
1629 210 1634 216 ,
1737 0 1867 204 Ἴ

206 304 403 359 Ἡροδότῳ
432 298 626 353 κέχρηται.
658 297 708 337 σὺ
739 295 782 337 δέ
811 311 853 350 γε
884 295 1119 346 Meinekius,
1159 292 1337 333 incertus
1367 291 1502 330 tamen
1531 289 1632 342 ipse.
1681 283 1776 333 οὐδὲ

212 365 348 405 Cobet.
379 362 428 402 N.
460 361 486 399 1.
521 360 596 398 151
620 360 719 397 extr.
1528 367 1530 369 -

965 442 1021 485 38

411 526 708 583 ξυγγενέσθαι
738 522 812 567 διά
843 521 1014 579 χρόνου
1046 521 1293 577 λιπαρείτω
1324 533 1414 574 μου

411 595 658 653 δρυπεπέσι
687 593 844 650 μάζαις
875 590 951 634 καὶ
981 589 1362 634 διασκανδικίσαι.

323 694 550 733 Athenaeus
588 691 625 739 2,
650 690 739 730 56d
768 685 834 728 καὶ
866 685 982 739 χωρὶς
1014 683 1058 725 δὲ
1088 689 1159 724 τοῦ
1189 684 1364 734 φάσκειν
1395 679 1514 730 ἐλάας
1543 673 1644 721 αὐτὸ
1671 673 1772 729 καθ’

212 749 326 792 ἑαυτὸ
357 748 489 802 ἔλεγον
517 745 643 797 μόνον
673 746 900 799 δρυπεπεῖς.
943 741 1201 796 Τηλεκλείδης
1231 742 1312 780 κτλ.
1363 740 1574 780 dubitatur
1601 738 1779 780 trimetri

210 810 370 849 iambici
390 807 539 846 fuerint
554 819 603 844 an
627 804 848 844 tetrametri
869 802 1074 842 trochaici.
1105 797 1316 852 λιπαρείτω
1336 811 1414 850 μου
1428 796 1486 850 V]
1507 789 1712 846 λιπαρεῖτό
1726 809 1779 850 με

210 868 257 906 L.
289 861 332 917 μ’
367 861 539 915 ἐλιπάρει
568 863 733 902 Porsen.
765 860 948 912 Append.
981 859 1110 909 Toup.
1150 857 1320 897 Emend.
1350 856 1450 895 491.
1501 868 1549 906 με
1579 855 1743 907 λιπαρεῖ
1767 849 1774 908 Ι

210 922 383 974 ζωμίοις,
414 917 645 970 δρυπεπέσι,
675 917 813 970 μάζαις
845 918 966 958 Mein.
987 916 1048 956 ed.
1070 916 1183 963 min„
1214 912 1282 953 καὶ
1308 911 1449 965 μάζαις
1472 907 1616 966 (μάζας
1626 908 1668 964 9)
1688 909 1777 950 δια-

211 977 462 1019 σκανδικίσαι
495 978 596 1027 (sine
627 974 798 1028 ζωμίωις)
830 975 893 1017 ed.
915 974 1009 1013 mai.
1032 975 1137 1013 certe
1158 967 1379 1024 δρυπεπέσι
1408 983 1491 1011 non
1518 982 1609 1010 cum
1635 965 1778 1020 μάζαις

211 1036 529 1087 coniungendum
559 1036 604 1072 ut
635 1034 781 1073 Cratin.
817 1032 919 1072 165:
951 1045 1044 1071 nam
1075 1030 1183 1080 apud
1214 1028 1459 1069 Teleclidem
1498 1027 1626 1068 olivas
1655 1025 1779 1078 signi-

210 1095 319 1134 ficari
359 1093 472 1132 testis
511 1094 572 1131 est
601 1091 684 1141 ipse
722 1091 961 1129 Athenaeus.
1012 1088 1060 1129 cf.
1093 1087 1193 1128 Call.
1233 1088 1301 1125 21.
1353 1080 1693 1138 ξυγγενέσθαι
1733 1084 1781 1124 ut

211 1150 414 1200 Aristoph.
459 1150 532 1199 Eq.
571 1149 666 1187 806.
721 1147 864 1198 Eupol.
905 1147 971 1186 38.
1006 1146 1100 1185 108.
1151 1158 1253 1196 quae
1299 1145 1523 1194 sequuntur
1564 1140 1779 1182 manifesto

212 1210 397 1257 corrupta
446 1208 552 1245 sunt.
617 1207 797 1256 λιπαρεῖν
834 1204 1001 1244 verbum
1039 1202 1201 1242 comicis
1241 1202 1372 1252 poetis
1411 1202 1474 1240 est
1518 1199 1778 1239 inusitatum:

212 1266 339 1304 exstat
368 1263 574 1313 Aristoph.
608 1262 703 1302 Ach.
736 1262 817 1300 452
850 1262 890 1300 in
920 1274 1036 1301 versu
1068 1260 1213 1311 tragici
1243 1259 1411 1308 coloris3
1451 1255 1693 1297 adiectivum
1723 1256 1778 1295 λι·

212 1319 339 1373 παρής
375 1321 468 1371 Lys.
503 1322 595 1359 672.
635 1319 776 1358 deinde
814 1316 1150 1364 διασκανδικίζειν
1188 1320 1270 1356 tam
1308 1315 1513 1367 singulare
1551 1315 1614 1354 est
1649 1315 1691 1354 et
1727 1312 1778 1353 ab

214 1378 477 1428 Aristophane
508 1374 600 1429 (Eq.
636 1376 704 1427 19)
737 1377 777 1415 in
797 1376 1002 1426 Euripidis
1034 1375 1317 1414 contumeliam
1356 1373 1514 1424 fictum,
1550 1373 1598 1411 ut
1626 1370 1668 1411 id
1698 1382 1781 1411 non

213 1435 370 1474 credam
399 1435 448 1472 ab
481 1434 562 1472 ullo
593 1434 670 1472 alio
701 1436 770 1472 aut
799 1436 919 1472 antea
947 1433 1155 1473 inventum
1177 1434 1246 1471 aut
1275 1433 1417 1481 postea
1436 1429 1656 1480 repetitum
1677 1440 1781 1469 esse.

214 1491 449 1531 Teleclidem
490 1491 691 1541 scripsisse
730 1491 904 1530 arbitror
949 1486 1212 1543 ξυγγενέσθαι
1249 1485 1316 1526 διὰ
1355 1484 1502 1539 χρόνον
1539 1486 1780 1538 λιπαραῖς

214 1545 335 1600 ὁμοῦ
361 1546 368 1601 1
393 1545 608 1599 δρυπεπέσι
638 1545 798 1598 μάζαις,
829 1547 990 1602 κοιλία
1023 1546 1107 1600 (vel
1136 1543 1346 1598 κοιλίαις),
1387 1538 1627 1583 σκάνδικι
1655 1540 1741 1593 καὶ
1772 1542 1778 1589 Ι

215 1610 317 1660 τυρῷ
348 1603 430 1657 (vel
458 1605 652 1655 quidquid
682 1605 808 1655 magis
838 1604 1006 1658 placet):
1052 1607 1100 1643 ut
1129 1600 1347 1657 δρυπεπέσι
1384 1602 1654 1653 coniungatur
1690 1612 1783 1640 cum

216 1659 325 1713 ὁμοῦ,
357 1662 499 1712 reliqui
519 1662 644 1701 dativi
675 1674 762 1701 cum
794 1659 1068 1714 ξυγγενέσθαι.
1099 1662 1266 1702 verbum
1298 1674 1321 1699 a
1349 1673 1428 1711 quo
1458 1658 1661 1710 pendebat
1689 1657 1781 1709 {vyff

213 1717 401 1772 γενέσθαι
435 1719 592 1758 excidit.
641 1714 742 1769 ὁμοῦ
771 1720 812 1758 in
852 1720 999 1759 talibus
1027 1719 1237 1758 sententiis
1267 1716 1649 1768 frequentissimum.
1689 1713 1781 1754 Ari-

216 1778 343 1827 stoph.
370 1776 488 1815 Eccl.
529 1776 624 1815 404.
671 1776 720 1814 fr.
755 1777 855 1826 569,
889 1779 924 1816 6.
967 1778 1063 1817 682.
1106 1776 1255 1815 Eubul.
1287 1775 1384 1815 Ath.
1427 1775 1474 1822 2,
1506 1774 1590 1813 650
1629 1769 1688 1825 (5.
1722 1767 1782 1824 6).

214 1835 310 1872 ibid.
339 1833 436 1872 66d.
469 1831 516 1871 de
538 1831 700 1879 κοιλίαις
733 1833 905 1884 denique
936 1834 987 1874 cf.
1010 1835 1085 1884 Eq.
1110 1835 1205 1873 160.
1228 1834 1267 1874 2.
1300 1833 1400 1872 302.
1422 1832 1519 1871 356.
1541 1830 1640 1870 488.
1671 1829 1781 1868 Plut.

218 1892 335 1929 1169.
365 1890 582 1940 particulae
612 1888 682 1928 καί
717 1891 758 1929 in
795 1892 872 1930 fine
912 1905 1049 1931 versus
1087 1892 1243 1941 positae
1281 1889 1462 1941 exempla
1498 1890 1783 1928 enumerantur

214 1948 255 1985 in
286 1947 334 1985 H.
356 1947 488 1986 Iacobi
509 1947 638 1986 indice
669 1962 707 1997 p.
729 1948 826 1987 496.
852 1950 889 1989 7.
921 1949 1158 1988 describitur
1188 1961 1286 1987 cena
1316 1947 1539 1998 priscorum
1560 1943 1783 1985 Athenien-

217 2004 316 2042 sium
347 2004 631 2043 consuetudine
662 2005 971 2055 simplicissima.
1022 2007 1180 2046 tandem
1209 2005 1425 2055 aliquando
1454 2013 1596 2043 rwrsus
1625 2001 1779 2052 epulari

217 2062 326 2110 capio
357 2074 443 2100 cum
473 2062 581 2100 olivis
603 2063 821 2112 pinquibus
847 2075 1005 2114 panem,
1037 2075 1236 2110 omasum,
1266 2063 1505 2108 scandioem,
1535 2071 1704 2101 casewm·

916 2197 983 2242 39.
1014 2197 1071 2239 40

419 2272 595 2329 Φρύγες
627 2275 720 2318 ἐστὶ
752 2274 910 2320 καινὸν
941 2277 1094 2332 δρᾶμα
1125 2274 1249 2319 τοῦτ’
1284 2272 1567 2332 Εὐριπίδου,

418 2359 440 2384 *
497 2360 519 2385 *
576 2360 597 2385 ηε
656 2362 678 2386 *
735 2361 758 2387 >02
817 2338 852 2401 ᾧ
883 2343 958 2388 καὶ
989 2346 1240 2401 Σωκράτης

418 2408 471 2452 τά
503 2410 698 2467 φρύγαν’
734 2410 995 2470 ὑποτίθησι.

221 2557 241 2571 Η
332 2505 447 2556 Diog.
479 2506 608 2547 Laert.
641 2509 678 2554 2,
714 2509 763 2547 18
796 2504 923 2547 ἐδόκει
953 2506 997 2548 δὲ
1029 2505 1282 2562 (Σωκράτης)
1324 2509 1536 2559 συμποιεῖν
1566 2501 1783 2560 Εὐριπίδῃ.

219 2562 326 2628 σθενἱ
349 2561 601 2613 Μνησίλοχος
639 2563 925 2616 (Μνησίμαχος
957 2566 1183 2618 Menagius)
1216 2563 1321 2605 οὕτω
1352 2563 1470 2617 φησί·
1509 2559 1665 2616 Φρύγες
1703 2559 1786 2602 ἐστὶ

220 2630 359 2686 καινον
395 2617 526 2669 δρᾶμα
556 2617 662 2658 τοῦτ’
707 2617 954 2673 Εὐριπίδου,
986 2617 1019 2677 ᾦ
1057 2621 1124 2662 καὶ
1151 2618 1369 2675 Σωκράτης
1399 2619 1446 2661 τά
1477 2616 1653 2674 φρύγαν’
1686 2615 1784 2659 ὓπο-

221 2676 392 2769 Ξξῖθησὲν.
431 2673 496 2714 καὶ
525 2675 667 2715 πάλιν·
708 2675 948 2731 ‘Eripiamus
980 2675 1362 2732 σωκρατογόμφους’
1397 2709 1406 2719 .
1430 2708 1438 2718 .
1464 2710 1472 2718 .
1494 2674 1784 2731 Ἀριστοφάνης

266 2744 335 2779 εφε
359 2741 440 2778 αις·

488 2809 688 2875 Ερριπίδῃ
718 2811 756 2853 δ’
790 2811 811 2854 ὁ
843 2813 912 2863 τὰς
944 2815 1161 2870 τραγῳδίας
1190 2821 1322 2856 ποιῶν

490 2884 558 2917 τας
588 2870 875 2923 περιλαλούσας
906 2867 1023 2922 οὗτός
1056 2871 1158 2925 ἐστι,
1189 2872 1261 2924 τὰς
1290 2871 1433 2925 σοφάς.

1840 206 1869 350 Ξ

1849 392 1865 454 ’ἑ
