1872 3224
176 190 260 233 406
786 185 1174 221 ΑΡΙΣΤΟΦΑΝΟΤΣ

943 287 1001 330 55

255 369 370 416 ἀλλὰ
400 371 572 421 πάντας
603 366 686 425 χρὴ
719 370 1045 425 παραλοῦσθαι
1083 367 1159 409 καὶ
1189 365 1296 418 τούς
1326 366 1556 423 σπόγγους
1586 366 1684 411 ἐᾶν.

295 456 462 495 Photius
501 456 542 493 et
581 453 724 492 Suidas
769 453 1041 504 παραλοῢμαι·
1091 456 1382 502 παροιμιακῶς.
1428 449 1648 491 εἰώθεισαν
1683 447 1761 505 γὰρ

180 512 391 578 πρότερον
411 509 455 550 ἐν
495 513 576 558 τοῖς
615 508 841 562 βαλανείοις
879 508 921 547 οἵ
951 505 1134 548 πλούσιοι
1173 507 1417 562 παραλούειν
1447 506 1540 557 τούς
1570 504 1759 561 πένητας.

185 565 467 623 Αριστοφάνης
495 564 702 622 Ἀναγύρῳ
731 568 813 606 κτλ.
866 560 953 605 οἷον
991 577 1165 606 συνεισιε
1159 563 1235 605 ’ναι
1272 569 1354 614 τοῖς
1391 564 1621 618 πλουσίοις,
1659 563 1762 608 move

180 624 279 679 μηδὲ
310 624 509 678 σπόγγους
542 623 692 677 φέρειν,
724 617 824 663 ἀλλὰ
855 626 937 671 τοῖς
969 621 1135 664 ἐκείνων
1171 625 1361 692 χρῆσθαι.
1414 624 1760 670 Eustath.1604.

183 686 233 725 18
266 681 416 735 εὑρέθη
446 682 522 736 γάρ
553 696 646 722 ποτε
677 685 759 729 τοῖς
790 679 1021 751 λουομένοις
1061 677 1152 720 ἀντὶ
1192 677 1379 734 σπόγγων
1415 678 1570 733 πλέγμα
1608 695 1646 721 τι
1681 676 1763 723 ἀπὸ

181 752 367 794 σπαρτων
405 737 459 788 ὦς
499 739 624 787 εἰκός·
671 738 740 778 καὶ
777 736 928 792 λέγεται
962 735 1254 791 Ἀριστοφάνης
1290 738 1554 792 παραδηλοῦν
1589 732 1688 779 αὐτὸ
1717 735 1764 780 ἐν

182 798 355 852 δράματι
385 795 617 852 καλουμένῳ
644 793 865 851 Ἀναγύρῳ.
916 810 962 836 ex
993 797 1131 838 eadem
1162 810 1252 838 oum
1289 797 1340 839 fr.
1373 797 1429 836 54
1458 796 1655 848 parabaei.
1706 797 1759 838 of.

182 859 233 897 fr.
267 857 363 896 524.
396 857 608 907 antiquum
638 856 753 894 illum
784 854 946 894 lavandi
976 868 1128 895 morem
1169 855 1219 894 ad
1256 855 1502 906 reipublicae
1532 852 1762 895 similitudi-

182 929 271 954 nem
304 914 464 953 videtur
494 913 753 953 transtulisse
785 914 825 951 et
854 913 928 952 hoo
959 912 1042 952 fere
1074 913 1225 952 dicere:
1263 912 1430 952 antehae
1467 913 1536 963 qui
1572 910 1764 952 lavaban-

182 976 248 1011 tur
278 972 378 1010 alter
409 971 578 1009 alterum
613 970 872 1018 adiuvabant,
905 983 1056 1021 pauper
1087 969 1278 1019 divitem,
1309 970 1422 1009 dives
1451 980 1682 1021 pauperem,
1713 970 1762 1010 ut

182 1028 362 1080 spongiis
392 1041 473 1067 non
505 1040 606 1078 opus
638 1030 755 1067 esset.
806 1027 882 1066 iam
915 1040 1012 1067 vero
1042 1028 1228 1078 neglecto
1265 1027 1336 1066 illo
1372 1039 1483 1066 more
1521 1039 1563 1067 se
1592 1027 1765 1078 quisque

183 1087 313 1126 solum
345 1088 469 1125 curat.
509 1085 577 1124 sed
612 1085 740 1124 redite
780 1085 916 1135 potius
955 1084 1005 1124 ad
1042 1085 1215 1136 priorem
1256 1084 1611 1124 consuetudinem:
1653 1083 1765 1124 adiu-

182 1146 274 1184 vate
305 1144 346 1182 in
377 1142 562 1182 omnibus
594 1142 712 1182 rebus
743 1143 846 1182 alter
877 1142 1068 1193 alterum3
1107 1142 1214 1194 quod
1236 1142 1270 1182 si
1291 1142 1462 1192 facietis,
1495 1141 1686 1182 continuo
1707 1141 1765 1182 eie

183 1202 251 1253 qui
283 1203 329 1239 ut
373 1200 513 1239 alienis
552 1200 670 1239 bonis
710 1200 968 1251 spongiarum
1007 1201 1136 1239 instar
1166 1213 1208 1240 se
1244 1199 1428 1251 inpleant
1465 1212 1578 1239 suam
1615 1199 1783 1255 ubique*

185 1271 346 1310 operam
376 1258 654 1309 interponunt,
686 1257 916 1309 demagogis
948 1259 990 1296 et
1019 1257 1288 1308 sycophantis,
1320 1270 1403 1297 non
1434 1257 1511 1296 iam
1543 1270 1643 1305 opus
1673 1256 1764 1297 erit.

184 1317 263 1355 fuit
300 1316 428 1367 igitur
462 1315 558 1354 haec
595 1315 800 1365 parabasis
839 1327 930 1365 pars
967 1315 1174 1354 simillima
1210 1315 1412 1354 Ranarum
1449 1315 1765 1366 antepirrhem'a·

185 1374 238 1413 tis
269 1374 310 1412 et
340 1372 436 1424 Lys.
470 1372 551 1411 574
564 1385 621 1423 sq.

953 1461 1010 1503 56

393 1537 688 1595 ἀναχύρωτου
719 1538 799 1582 τὸν
830 1539 977 1597 πηλὸν

306 1619 596 1676 Ἀριστοφάνης
627 1621 672 1662 ἐν
698 1620 905 1678 Ἀναγύρῳ
935 1621 1049 1677 λέγει.
1101 1625 1244 1666 Pollux
1278 1626 1316 1675 7,
1350 1626 1444 1665 164.

956 1748 1011 1791 57

389 1802 580 1859 Ἀργεῖοι
611 1819 763 1860 φωρες

304 1884 368 1926 ἐπὶ
398 1891 480 1926 τῶν
509 1882 715 1939 προδήλως
746 1887 957 1940 πονηρῶν·
999 1888 1040 1928 οἷ
1063 1883 1140 1941 γὰρ
1167 1884 1336 1942 Ἀργεῖοι
1366 1885 1431 1928 ἐπὶ
1466 1890 1595 1944 κλοπῇ
1632 1902 1767 1944 κωμῳ·

194 1945 376 1984 δοῦνται.
425 1940 716 1997 Ἀριστοφανης
745 1941 965 2001 Ἀναγύρῳ.
1018 1946 1187 1986 Suidas.

957 2057 1013 2101 58

396 2111 557 2168 στόμια
587 2113 818 2168 πριονωτά

309 2194 385 2247 ἔφη
417 2194 461 2236 ἐν
495 2191 704 2250 Ἀναγύρῳ
740 2193 1043 2248 Ἀριστοφάνης.
1096 2199 1238 2238 Pollux
1284 2201 1352 2248 10,
1395 2197 1462 2239 56.
1516 2199 1684 2240 fortasse
1722 2202 1770 2239 ut

194 2255 240 2293 fr.
274 2256 340 2294 60.
364 2255 416 2294 62
449 2253 498 2292 ad
529 2267 616 2292 eam
645 2254 806 2294 fabulae
836 2258 993 2305 partem
1024 2256 1221 2306 pertinet,
1254 2257 1295 2296 in
1325 2270 1404 2307 qua
1435 2269 1628 2308 equorum
1659 2257 1765 2297 alen-

196 2313 338 2351 dorum
370 2311 546 2350 studium
578 2311 841 2351 inridebatur.

401 2477 775 2535 ἀμφιανακτίζειν
960 2423 1017 2467 59

308 2561 424 2632 ᾄδειν
452 2559 522 2602 τὸν
556 2558 813 2615 Τερπάνδρου
845 2561 970 2614 νόμον
1008 2561 1077 2602 τὸν
1114 2561 1363 2615 καλούμενον
1392 2561 1537 2616 ὄρθιον
1568 2598 1576 2606 .
1601 2594 1609 2602 .
1635 2593 1644 2602 .
1683 2561 1767 2603 ἔστι

195 2617 238 2657 δὲ
269 2618 336 2658 καὶ
367 2617 410 2658 ἕν
444 2616 600 2658 Εὐναία
631 2618 698 2659 καὶ
729 2618 772 2659 ἐν
799 2616 1017 2675 Ἀναγύρῳ.
1069 2621 1224 2664 suidas.
1274 2621 1323 2663 of.
1353 2621 1503 2661 Cratin.
1539 2622 1605 2661 67.

962 2732 1019 2774 60

401 2786 481 2830 τὸν
511 2789 668 2843 πνιγέα

314 2867 391 2909 ἐπὶ
423 2863 578 2910 ἵππου
605 2868 894 2923 Ἀριστοφάνης
927 2869 969 2911 ἕν
1004 2866 1212 2925 Ἀναγύρῳ
1249 2868 1362 2923 λέγει.
1412 2871 1555 2911 Pollux
1596 2873 1668 2921 10,
1700 2872 1768 2913 54.
