1872 3224
122 196 172 246 5<
200 225 203 228 Δ
657 193 864 230 ΑΔΗΛΩΝ
904 197 1169 232 ΔΡΑΜΑΤῼΝ
1610 205 1691 248 357

113 278 255 335 ²Schol.
296 293 507 361 Aristoph.
546 297 621 348 Eq.
655 299 750 338 984.
802 301 880 341 nisi
910 302 1014 342 forte
1045 303 1244 344 hominem
1275 307 1486 347 barbarum
1526 309 1691 360 Eupolis

118 351 354 404 loquentem
383 353 492 403 fecit,
525 368 770 407 magnopere
802 358 954 399 dubito,

873 481 955 524 371

49 584 66 592 ›-
160 575 166 583 ²·
238 560 467 614 Hesychius
497 557 572 600 ἀπ’
605 560 705 602 ὄνου
735 562 989 604 καταπεσών·
1024 599 1031 607 .
1058 596 1066 606 .
1093 600 1101 608 .
1131 563 1210 606 ἀπὸ
1242 566 1395 621 τύμβου
1425 569 1572 611 πεσών.
1623 570 1689 611 καὶ

52 623 61 654 ξ
117 614 307 667 Ἐὔπολις
353 615 522 673 ὥσπερ
560 616 642 659 ἄπ’
682 618 840 673 ὄχθου
876 618 1052 664 πεσών.
1103 616 1154 663 cf.
1194 626 1398 678 Aristoph.
1428 628 1533 668 Nub.
1570 631 1689 669 1273.

41 710 68 742 ,ᾗ
93 687 100 690 “
121 676 244 729 Vesp.
280 678 404 718 1370.
453 678 653 718 zenobius
685 680 723 728 2,
757 680 809 719 57
840 675 914 718 ἄπ’
948 678 1045 720 ὄνου
1075 681 1329 723 καταπεσών·
1360 681 1385 735 ἡ
1415 685 1605 737 παροιμία
1635 684 1690 725 τέ-

5 794 7 796 ’
91 748 259 788 παπται
288 731 354 775 ἐπὶ
384 739 466 775 τῶν
493 732 689 786 μειζόνων
727 735 793 776 καὶ
829 733 1061 777 ἀδυνάτων·
1093 738 1161 778 καὶ
1194 738 1372 789 Εὔπολις
1404 739 1566 795 ὥσπερ
1594 739 1690 782 ἀπὸ

30 798 58 846 ,ᾗ
82 810 90 832 κ
110 789 236 846 ,χοὸς
266 791 436 847 (χθονὸς
469 792 779 846 Schneidewin.)
812 794 993 836 πεσών,
1045 810 1172 848 neque
1209 799 1303 849 quid
1333 812 1459 850 neque
1491 813 1574 851 qua·
1598 814 1687 840 sen-

34 879 47 890 .
81 858 85 865 ⁴
112 851 249 909 vtentia.
276 851 446 902 Eupolis
477 852 687 903 scripserit
716 852 898 903 adparet.

875 976 960 1019 372

328 1033 392 1084 εἰς
409 1030 606 1089 ’Ἀτραγα
636 1032 817 1090 νύκτωρ

235 1116 372 1169 Steph.
406 1117 505 1169 Byz.
536 1115 704 1183 ’Ἀτραξ,
743 1115 857 1165 πόλις
893 1116 1112 1166 Θεσσαλίας
1151 1124 1203 1170 τῆ
1207 1134 1226 1166 ς
1265 1116 1581 1172 Πελασγιώτιδος
1611 1120 1692 1172 μοί·

18 1194 26 1236 ζ
120 1189 192 1228 ρας
225 1204 234 1215 .
258 1205 268 1214 .
294 1203 302 1213 .
335 1171 439 1222 τινὲς
471 1171 612 1214 δὲ’δια
643 1179 714 1214 τοῦ
743 1175 768 1224 ᾇ
798 1173 959 1214 ἔκλιναν
979 1173 1183 1228 ’Ἀτραγος,
1216 1172 1270 1224 ὦς
1296 1174 1473 1224 Εὔπολις
1502 1180 1582 1217 κτλ.
1641 1180 1690 1217 cf.

41 1259 60 1263 -
117 1232 338 1273 Herodian.
368 1233 411 1272 II
442 1234 542 1282 740,
578 1235 629 1273 15
661 1233 801 1273 Lentz.
836 1235 875 1273 et
904 1233 1086 1273 Bursian.
1119 1233 1264 1285 Geogr.
1297 1247 1358 1286 gr.
1378 1234 1398 1273 I
1420 1236 1486 1277 66.
1522 1233 1588 1273 καὶ
1618 1249 1690 1286 pro

118 1289 176 1338 εἰς
213 1292 256 1330 et
285 1288 463 1344 ’Ἀτρυγα
506 1290 594 1331 cod.
630 1290 747 1331 Voss.
788 1292 921 1342 itaque
963 1291 1132 1331 fortasse
1171 1287 1259 1338 κάς
1290 1290 1500 1344 ’Ἀτραγα
1536 1290 1690 1344 νύκτωρ

122 1345 358 1403 (ἤλθομεν).

0 1426 19 1507 ξ
739 1432 742 1434 ’
830 1437 833 1440 ·
871 1437 954 1480 373

233 1522 467 1564 Athenaeus
494 1524 558 1572 11,
582 1523 704 1562 50210
734 1523 882 1572 φθοῖς·
913 1523 1145 1561 πλατεῖαι
1176 1519 1356 1570 φιάλαι
1386 1517 1687 1572 ὄμφαλωταί.

0 1576 10 1632 ξ.
119 1578 304 1628 Εὔπολις
336 1573 431 1620 σύν
451 1582 633 1632 φθοῖσι
652 1579 1009 1631 προπεπωκώς.
1050 1577 1129 1618 ἔδει
1150 1576 1194 1617 δὲ
1214 1574 1446 1631 ὀξύνεσθαι,
1468 1574 1522 1626 ὡς
1545 1580 1689 1631 Καρσί,

0 1646 3 1649 ‘
116 1637 246 1690 παισί,
263 1637 443 1691 φθειρσί.
476 1636 751 1691 προπεπωκώς
769 1637 1043 1689 casaubonus]
1061 1631 1389 1689 προσπεπτωκιός.
1412 1636 1525 1675 Phot.
1544 1638 1668 1686 φθοῖς
1680 1649 1688 1658 ·

112 1693 243 1751 ὄνομα
273 1698 535 1743 πλακοῦντος.
588 1696 763 1747 Hesych.
804 1693 950 1744 φθόϊς·
983 1696 1176 1740 πλακοῦς.
1226 1691 1292 1732 καὶ
1327 1690 1374 1732 τὰ
1412 1690 1511 1744 πρὸς
1549 1686 1690 1732 λεπτὸν

115 1749 375 1806 ἅληλεσμένα.
405 1751 473 1793 καὶ
504 1750 545 1793 τὸ
577 1749 774 1805 ἀπορρέον
803 1757 946 1805 ψῆγμα
967 1756 1039 1790 τοῦ
1059 1749 1236 1803 χρυσίου.
1267 1751 1451 1800 placenta
1470 1763 1549 1800 quo
1570 1751 1688 1789 modo

117 1812 353 1853 conficiatur
395 1812 513 1852 docet
550 1812 695 1850 Athen.
733 1811 796 1859 14,
831 1811 991 1849 647de.
1042 1809 1259 1848 Herodian.
1292 1808 1309 1846 I
1341 1808 1436 1855 400,
1470 1807 1522 1845 25
1554 1805 1599 1844 τὰ
1632 1807 1687 1853 εἰς

117 1871 177 1915 BE*
208 1874 450 1924 περισπᾶται
465 1881 474 1889 ·
505 1866 586 1908 ἔστι
614 1865 659 1907 δὲ
690 1866 765 1907 δύο
794 1866 896 1918 μόνα
927 1865 970 1905 τὸ
991 1860 1048 1913 οἷς
1071 1863 1138 1905 καὶ
1157 1861 1252 1916 παρ’
1273 1860 1461 1911 Ἀττικοῖς
1484 1861 1525 1902 τὸ
1547 1866 1686 1914 φθοῖς,

119 1924 416 1981 συναιρεθέντα
437 1925 481 1966 ἐκ
503 1924 757 1978 δισυλλάβων
787 1918 829 1963 τὸ
858 1923 917 1971 ὄῖς
947 1922 1014 1963 καὶ
1039 1920 1180 1973 φθόις.
1230 1922 1281 1961 cf.
1313 1922 1354 1961 II
1384 1922 1452 1970 40,
1485 1923 1550 1960 26.
1592 1922 1686 1973 313,

122 1989 186 2029 17.
217 1987 251 2026 si
282 1985 388 2036 apud
425 1986 604 2036 Eupolin
635 1985 761 2033 φθοῖς
800 1996 882 2022 non
912 1984 996 2020 erat
1025 1981 1249 2031 placentae,
1289 1979 1358 2019 sed
1387 1979 1519 2029 poculi
1549 1991 1686 2029 genus,

118 2044 294 2085 scribere
324 2056 407 2083 non
436 2043 573 2093 potuit
601 2042 708 2092 quod
739 2041 892 2091 legitur
921 2039 1027 2089 apud
1058 2038 1323 2078 Athenaeum.
1366 2036 1551 2074 dicebant
1580 2035 1685 2074 enim

117 2099 332 2154 προπίνειν
361 2099 444 2138 τινί
471 2114 507 2138 τι
538 2097 581 2138 ἔν
611 2112 689 2137 τινι
719 2094 902 2151 (Lucian.
924 2095 1031 2135 Gall.
1057 2091 1141 2149 12),
1173 2093 1306 2133 πίνειν
1334 2088 1416 2131 ἀπό
1434 2105 1540 2139 τινος
1573 2092 1686 2142 (ibid.

119 2158 206 2213 26),
239 2156 283 2198 ἐκ
313 2156 518 2209 ποτηρίου,
549 2157 615 2196 vel
645 2156 766 2195 etiam
796 2152 969 2207 ποτηρίῳ
1001 2150 1140 2205 (Hom.
1175 2151 1249 2191 Od.
1284 2151 1348 2199 14,
1386 2148 1501 2200 112).
1553 2150 1685 2199 itaque

119 2217 372 2257 scribendum
413 2212 457 2253 ἐν
496 2211 648 2262 φθοισί
678 2214 744 2253 vel
780 2209 925 2262 φθοισί
953 2206 1237 2262 προπεπωκῶς,
1275 2208 1353 2248 nisi
1391 2207 1494 2246 forte
1531 2207 1686 2245 litterae

119 2285 198 2314 συν
227 2274 294 2313 vel
324 2282 391 2311 σιν
427 2272 618 2322 reliquiae
650 2273 744 2311 sunt
781 2270 866 2309 eius
902 2268 1009 2320 quod
1047 2267 1295 2306 Athenaeum
1326 2264 1528 2314 scripsisse
1559 2263 1684 2314 suspi-

118 2345 187 2372 cor
220 2328 399 2377 Εὔπολις
433 2327 650 2368 Πόλεσιν·
681 2330 826 2375 φθοῖσι
855 2322 1125 2379 προπεπωκώς
1159 2318 1286 2376 (οἶνον
1314 2318 1411 2373 ἡμῖν
1442 2317 1647 2371 Λέσβιον).

823 2461 908 2504 374
927 2460 1000 2502 ab.

324 2521 537 2579 ἀγελαίας
568 2519 754 2576 ἰσχάδας

234 2605 304 2654 τὰς
337 2606 488 2653 εἰκαίας
507 2602 689 2651 Εὔπολις
730 2600 806 2653 ἔφη
836 2599 903 2640 καὶ
940 2598 1049 2638 ἄλλοι
1078 2594 1262 2647 κωμικοί,
1301 2591 1355 2640 ὥς
1386 2604 1484 2643 φησι
1514 2591 1682 2630 Παυσα-

120 2663 232 2716 νίας,
271 2662 338 2703 καὶ
370 2663 551 2710 λίθους
582 2659 627 2701 δὲ
657 2658 922 2714 ἀγελαίους
953 2654 1044 2702 τοὺς
1075 2653 1247 2699 εἰκαίους
1286 2649 1353 2690 καὶ
1381 2646 1681 2696 ἆκαταξέστους.

118 2723 306 2763 Eustath.
343 2722 465 2769 1165,
501 2722 566 2760 14.
612 2722 703 2770 apte
734 2718 903 2757 Bothius
934 2714 1104 2755 contulit
1142 2711 1279 2750 Senon.
1312 2709 1369 2747 De
1400 2707 1527 2746 benef.
1564 2708 1597 2751 1,
1633 2706 1681 2742 12

119 2781 223 2820 extr.
252 2781 484 2832 yreyalia
507 2790 662 2829 poma.
708 2776 837 2826 Epist.
871 2775 922 2812 87
966 2773 1104 2811 balnea
1136 2798 1144 2806 .
1179 2797 1187 2805 .
1215 2766 1406 2817 yreqali
1443 2764 1593 2803 tectorio
1625 2764 1682 2800 in-

120 2839 250 2886 ducta.
283 2838 386 2877 addo
417 2837 510 2876 Tac.
543 2836 650 2875 Anu.
686 2836 728 2882 l,
762 2835 813 2872 69
842 2831 990 2882 yreyali
1018 2828 1166 2868 habitu.
1218 2825 1319 2864 Stat.
1353 2822 1450 2862 Silv.
1486 2823 1528 2872 1,
1561 2820 1597 2866 6,
1631 2818 1681 2856 74

117 2896 273 2946 yreqale
301 2895 446 2943 sulfur.
