1872 3224
209 181 292 224 382
865 178 1128 213 oprmxo‘r

203 282 462 338 ἡρμοσμένον,
489 281 802 334 Ἀριστοφάνους
831 279 907 333 μὲν
937 279 1043 320 οὕτω
1073 278 1253 334 λέγοντος
1289 314 1297 323 .
1322 312 1330 321 .
1356 312 1365 321 .
1397 281 1612 334 Φρυνίχου
1640 277 1686 321 δὲ
1714 285 1789 322 τοῦ
1836 293 1839 301 “

203 343 394 396 κωμῳδοῦ
427 340 470 380 ἐν
500 344 581 388 τοῖς
613 335 808 391 Σατύροις
840 337 987 386 οὕτως·
1021 335 1133 390 ὁτιὴ
1164 337 1283 392 πρὶν
1314 337 1487 379 ἐλθεῖν
1523 335 1681 379 αὐτὸν
1715 337 1787 388 εἰς
1840 384 1843 385 ⁷

202 398 391 452 βουλὴν
422 397 521 437 ἔδει
551 396 629 436 καὶ
662 393 794 436 ταῦτ’
828 392 1199 448 ἀπαγγείλαντα
1230 394 1533 450 πάλινπρός
1555 394 1642 445 τὸν
1660 390 1789 437 θεὸν
1842 411 1843 414 ’

203 455 367 508 ἥκειν,
409 453 497 507 ἐγὼ
535 452 575 493 δ’
622 451 845 506 ἅπέδραν
882 451 1082 493 ἐκεῖνον
1118 451 1390 506 δευριανὸν
1429 454 1516 494 δεῖ.
1578 454 1787 506 scaligeri,
1869 457 1871 460 ⁴

202 515 373 562 Pauwii,
422 512 468 552 G.
507 513 730 552 Hermanni
775 513 984 551 conamina
1025 512 1231 562 congessit
1269 512 1510 552 Lobeckius.
1569 508 1789 564 Phrynichi
1848 517 1872 572 f

201 572 331 610 locum
363 571 567 617 excidisse,
601 584 645 609 ea
676 573 808 609 autem
852 570 976 609 verba
1015 582 1115 619 quae
1153 570 1440 620 grammaticus
1480 582 1530 609 ex
1565 571 1686 621 poeta
1720 568 1787 609 ad-
1847 583 1872 635 ξ

202 629 304 667 ferat
343 642 389 666 ex
432 628 635 678 Aristoph.
667 627 742 678 Eq.
785 627 866 666 642
906 629 946 666 et
983 626 1090 665 Plut.
1125 628 1206 666 766
1246 627 1418 666 conflata
1457 640 1543 668 esse
1581 626 1789 668 contendit

201 685 445 726 Dindorfius.
506 688 645 724 contra
675 684 849 724 Cobetus
879 684 929 726 N.
962 684 987 722 1.
1024 685 1117 724 162.
1149 685 1173 724 3
1206 684 1278 724 hos
1308 686 1515 725 trimetros
1545 685 1684 725 elicuit
1856 680 1858 682 ’

475 799 579 819 υ-υ
608 774 746 815 ἐλθεῖν
776 771 902 815 αὐτὸν
933 775 988 823 εἰς
1019 773 1171 828 βουλὴν
1202 773 1281 815 ἔδει

474 832 542 873 καὶ
572 831 686 873 ταῦτ’
719 830 1015 886 ἀπαγγείλαντα
1045 831 1169 872 πάλιν
1198 831 1297 886 πρὸς
1329 827 1399 873 τὸν
1428 830 1533 874 θεὸν

477 889 605 943 ἥκειν,
637 885 712 944 ε’γώ
743 887 785 930 δ’
818 888 1000 943 ἅπέδραν
1030 888 1186 930 ἐκεῖνον
1216 887 1344 944 δεῦρ’,
1377 889 1447 930 ἴνα

476 946 790 1002 εὐαγγελίσωμαι
819 953 974 1001 πρῶτος
1004 945 1104 1000 ὑμῖν
1133 944 1306 1001 τάγαθά.

203 1044 265 1083 cui
291 1043 339 1082 de
369 1042 500 1081 tribus
531 1042 670 1091 primis
700 1042 883 1080 versibus
915 1041 1136 1090 adsentior,
1167 1041 1246 1081 nisi
1276 1042 1383 1092 quod
1413 1042 1455 1081 in
1486 1055 1526 1084 v.
1559 1043 1583 1080 2
1614 1042 1665 1082 ad
1694 1054 1782 1094 pra·

202 1114 292 1141 vam
323 1113 521 1139 caesuram
553 1099 757 1139 vitandam
788 1098 1044 1138 scribendum
1074 1111 1215 1139 censeo
1246 1097 1368 1139 πάλιν
1398 1095 1462 1146 ὥς
1494 1096 1564 1139 τὸν
1593 1097 1709 1140 θεόν.

973 1234 1029 1276 45

644 1317 929 1367 Κορκυραῖαι
961 1312 1003 1355 δ’
1040 1311 1180 1357 οὐδὲν
1212 1348 1220 1355 .
1254 1348 1262 1356 .
1295 1349 1304 1359 .

645 1382 974 1437 ἐπιβάλλουσιν
1004 1381 1228 1437 μάστιγες.

317 1479 449 1519 Schol.
482 1479 689 1529 Aristoph.
713 1477 791 1517 Av.
820 1478 928 1517 1463
959 1474 1114 1530 λέγεταί
1140 1491 1198 1524 τις
1220 1477 1453 1530 Κορκυραία
1473 1476 1629 1528 μάστιξ.
1670 1454 1786 1531 Φρύ·

202 1549 309 1587 νιχος
341 1534 538 1587 Σατύροις
569 1537 648 1576 κτλ,
680 1529 780 1573 ὥστε
811 1532 878 1573 καὶ
908 1534 963 1580 εἰς
992 1533 1210 1587 παροιμίαν
1238 1533 1317 1586 ἤδη
1348 1532 1496 1579 ἐλθεῖν.
1557 1549 1699 1577 versus
1729 1535 1788 1576 di·

201 1594 329 1644 gessit
368 1593 620 1632 Hermannus
659 1591 804 1643 Opusc.
836 1592 856 1630 I
887 1593 955 1631 49.
1008 1595 1100 1642 post
1135 1585 1256 1631 οὐδὲν
1292 1594 1566 1644 suppleverim
1602 1591 1784 1646 μετρίως.

202 1650 393 1702 Κόρκυρα
431 1653 560 1690 exstat
597 1651 640 1689 in
676 1649 893 1690 Kirchhoff.
926 1649 958 1690 I.
990 1650 1038 1688 A.
1075 1651 1175 1700 179,
1217 1646 1403 1703 Κέρκυρα
1440 1653 1534 1690 ante
1571 1650 1781 1697 Euclidem
1827 1670 1834 1675 ·

202 1721 285 1747 non
314 1708 478 1748 videtur
508 1708 689 1759 reperiri.

474 1898 703 1954 βοάσομαί
727 1895 840 1955 τᾶρα
871 1896 954 1940 τάν
986 1895 1242 1952 ὑπέρτονον

475 1968 604 2023 βοάν.

316 2051 447 2091 Schol.
482 2052 686 2102 Aristoph.
718 2051 824 2090 Nub.
862 2051 970 2091 1154
1014 2048 1122 2103 παρὰ
1167 2048 1214 2090 τὰ
1253 2048 1297 2090 ἐκ
1345 2047 1515 2103 Πηλέως
1553 2047 1785 2102 Εὐριπίδου

235 2139 244 2148 .
268 2137 278 2147 .
308 2106 375 2147 καὶ
404 2106 605 2161 Φρύνιχος
636 2106 834 2161 Σατύροις
865 2109 947 2147 κτλ.
981 2106 1081 2161 τᾶρα
1113 2107 1160 2148 G.
1192 2105 1428 2162 Hermann]
1459 2106 1535 2161 γὰρ
1563 2105 1654 2161 ἄρα.

972 2243 1028 2285 47

319 2327 449 2366 Schol.
475 2326 594 2377 Vesp.
616 2327 668 2365 82
699 2323 766 2364 καὶ
794 2323 869 2379 γὰρ
901 2321 922 2364 ὁ
943 2324 1216 2374 Φιλόξενος
1249 2323 1494 2380 ἐκωμῳδεῖτο
1513 2322 1568 2374 ὥς
1598 2324 1785 2378 πόρνος

205 2415 213 2423 .
240 2416 246 2423 .
274 2416 280 2422 .
314 2382 514 2436 Φρύνιχος
546 2381 760 2435 Σατύροις.
1009 2384 1011 2386 ’

971 2495 1027 2538 48

408 2552 684 2608 κεκτημένον

317 2633 516 2686 Φρύνιχος
547 2632 591 2673 ἕν
621 2633 820 2683 Σατύροις
851 2632 924 2674 τὸν
954 2633 1154 2686 δεσπότην
1183 2628 1404 2684 ὠνόμασεν.
1465 2635 1610 2675 Pollux
1639 2637 1679 2685 3,
1714 2636 1781 2675 73.

204 2692 371 2731 Bekker.
405 2693 554 2732 Anecd.
592 2694 682 2741 102,
715 2693 770 2732 20
799 2691 946 2743 κυρίαν
975 2690 1027 2731 οὔ
1063 2703 1165 2742 φασι
1200 2691 1289 2731 δεῖν
1324 2689 1471 2743 λέγειν,
1509 2687 1610 2730 ἀλλὰ
1648 2705 1784 2743 κεκτη·

204 2745 348 2798 μένην,
379 2746 448 2786 τὸν
479 2746 523 2786 δὲ
561 2747 803 2800 κεκτημένον
832 2748 885 2801 μὴ
916 2746 1105 2801 λέγεσθαι
1134 2745 1224 2788 ἀντὶ
1253 2753 1324 2787 τοῦ
1354 2746 1563 2790 δεσπότου.
1611 2750 1782 2801 Σατυρι·

204 2807 289 2851 κοῖς
320 2803 561 2856 κεκτημένον
589 2804 703 2858 λέγει,
736 2805 929 2858 Φιλήμων
957 2806 1118 2859 κυρίαν.
1148 2806 1372 2846 Meinekius
1403 2801 1602 2858 Φρύνιχος
1635 2804 1680 2844 δὲ
1700 2806 1781 2844 Σα-

205 2860 337 2914 τύροις
366 2860 608 2913 κεκτημένον
645 2861 758 2916 λέγει.
791 2865 842 2905 cf.
874 2864 1023 2915 Bergk.
1055 2865 1103 2904 Β..
1134 2876 1165 2903 ο.
1196 2863 1284 2903 Att.
1319 2863 1415 2903 300.
