1872 3224
197 195 283 237 494
791 190 1185 225 ΑΡΙΣΤΟΦΑΝΟΤΣ

198 299 368 350 φάνους.
432 301 470 337 1.
502 295 619 343 ἐλάας
651 294 897 366 Dindorfius]
931 293 1076 343 ἐλαίας.
1137 297 1175 334 3.
1207 298 1386 346 κρεῖττον
1414 294 1541 349 idem]
1574 299 1772 349 κρεῖσσον.

199 357 306 396 ἔστιν
334 353 531 406 ἁλμάδος]
561 351 669 392 ἔστιν
698 349 879 404 ἁλμάδας
909 353 960 392 Η.
994 353 1185 403 Stephan.
1213 353 1332 392 Thes.
1354 353 1373 392 I
1396 354 1510 392 374e
1541 350 1624 406 (ed.
1647 354 1776 394 Lond.

203 417 281 453 189
312 411 520 464 ἁλμάδος)
555 403 635 449 ἐστ’
669 408 699 461 ἤ
726 407 766 462 γ’
799 406 982 461 ἁλμάδας
1014 410 1226 461 Bergkius.
1268 410 1337 449 ubi
1367 407 1411 462 γε’
1437 411 1532 460 quid
1572 411 1650 451 sibi
1680 411 1779 451 velit

198 473 343 511 nescio.
404 467 507 520 ἤπερ
536 464 718 518 ἁλμάδας
749 467 1006 507 Herwerden.
1037 467 1155 507 Anal.
1189 467 1279 506 crit.
1304 468 1370 506 29.
1403 468 1452 507 ef.
1475 468 1686 519 Hermipp.
1708 469 1776 508 81.

197 526 371 567 θλασταί
398 530 494 566 sunt
523 526 695 564 olivae‘
701 538 802 575 quae
833 525 915 564 sole
946 524 1170 564 torrentur’
1175 554 1184 564 .
1215 524 1366 576 Bergk.

947 670 1033 713 394

404 760 665 806 καταλιπὼν
695 763 948 804 Παναίτιον
979 763 1181 817 πίθηκον

312 859 444 898 Schol.
477 859 552 899 Av.
583 859 667 896 440
698 854 797 894 ἔοικε
828 853 872 894 δὲ
907 855 1130 895 Παναίτιον
1158 856 1388 923 κωμωδεῖν,
1427 853 1479 896 ὃν
1515 855 1584 897 και
1614 855 1659 898 ἐν
1688 855 1776 910 Νή-

199 926 283 963 σοις
314 918 397 955 κτλ.
429 913 553 954 ἔνθα
583 912 666 953 καὶ
695 913 935 965 μαγείρου
973 911 1162 965 πατρὸς
1199 898 1356 953 αυτὸν
1392 912 1537 966 λέγει.
1596 913 1779 967 πίθηκον

196 972 240 1011 δὲ
271 970 396 1012 αὐτὸν
426 967 510 1011 εἶπε
540 970 614 1027 ὃιᾲ
639 968 680 1010 τὸ
711 975 960 1023 πανουργον.
992 971 1180 1011 similiter
1210 971 1354 1011 Suidas
1385 969 1593 1024 διαθήκην
1622 971 1776 1012 διαθώ-

196 1033 316 1081 μεθα.
386 1027 626 1081 Παναίτιον]
674 1024 856 1067 ἀναίτιον
894 1028 1040 1068 Suidae
1070 1029 1154 1068 BV.
1187 1029 1235 1068 de
1266 1030 1459 1069 Panaetio
1497 1030 1548 1069 cf.
1582 1030 1660 1071 Av.
1692 1030 1778 1070 440

197 1102 287 1127 cum
318 1089 487 1138 interpr.

949 1210 1034 1253 395

291 1298 350 1352 ὥς
381 1300 427 1352 ἐς
455 1299 538 1357 τὴν
568 1303 656 1356 γῆν
687 1300 869 1351 κύψασα
900 1298 1127 1343 noim-naz
1158 1299 1468 1355 ξυννενοφυῐα
1498 1303 1682 1357 βαδίζει.

312 1397 479 1436 photius
511 1399 552 1434 et,
583 1395 724 1435 Suidas
757 1393 997 1444 ξυννένοφε·
1036 1394 1207 1447 ἕπινεφῆ
1244 1394 1312 1434 καὶ
1351 1401 1534 1448 συννεφῆ
1573 1394 1641 1436 καὶ
1679 1406 1774 1436 συν-

198 1452 346 1503 νέφελά
379 1451 493 1495 ἐστιν.
523 1447 816 1506 ’Λριστοφανης
856 1450 1009 1501 Νήσοις
1048 1453 1572 1504 mi.E11stath.127‚28
1601 1450 1668 1506 Ἀρ
1671 1464 1774 1493 ιστο-

196 1510 330 1562 φάνης
377 1509 526 1560 νένοφα
571 1505 656 1550 εἶπε
693 1508 762 1548 καὶ
803 1507 851 1549 οὐ
898 1508 1081 1561 νένοιφα.
1141 1511 1316 1561 Hesych.
1355 1507 1627 1561 συννένοφεν·
1646 1469 1776 1550 ρ-ἒσκυ

198 1565 428 1620 θρώπακει.
459 1569 509 1607 ef.
543 1569 591 1607 fr.
625 1569 693 1606 46.
726 1577 806 1606 una
831 1581 878 1606 ex
910 1569 1052 1607 insulis
1074 1568 1335 1619 significatur,
1357 1581 1458 1618 quae
1478 1569 1583 1608 male
1605 1569 1777 1609 tractata

195 1627 245 1663 ab
279 1626 593 1665 Atheniensibus
625 1627 776 1665 maesto
808 1625 923 1665 vultu
953 1626 1116 1665 incedit.

947 1771 1032 1814 396

309 1866 532 1917 Hesychius
567 1861 769 1917 Θύρσου
799 1870 946 1917 κυνῆ·
982 1862 1276 1915 Ἀριστοφάνης
1307 1862 1351 1904 ἐν
1382 1863 1542 1915 Νήσοις
1575 1865 1654 1918 (sic
1684 1865 1773 1904 Mu-

196 1938 291 1974 sun,
322 1925 407 1962 cod.
438 1919 545 1974 νήσ.
571 1922 601 1978 .)
632 1919 680 1962 οὐ
712 1923 782 1962 τοῦ
812 1919 990 1974 αὐλητοῦ
1009 1936 1290 1974 μνημονευων,
1311 1919 1401 1962 ἀλλ
1434 1919 1525 1962 ἀντὶ
1547 1927 1618 1961 τοῦ
1639 1919 1773 1973 φύλλα

194 1981 321 2020 εἰπειν
339 1978 409 2019 καὶ
429 1976 614 2029 κλαδους.
651 1978 810 2029 Θύρσου
831 1978 955 2032 κυνῆ]
988 1979 1253 2031 θυρσουκύνη
1285 1981 1371 2020 cod.
1422 1981 1528 2020 idem
1549 1979 1774 2031 Hesychius

195 2034 370 2087 Θόρσος·
400 2033 575 2089 αὐλητὴς
617 2030 690 2088 ἦν,
731 2040 904 2089 γυναῖκα
943 2035 1044 2088 ἔχων
1081 2035 1255 2104 ἑταίραν.
1317 2034 1498 2090 ’Θύρσου
1534 2037 1639 2088 κυνῆ
1679 2037 1773 2076 ferri

194 2095 346 2145 nequit.
407 2095 570 2134 viderur
608 2093 864 2147 διττογραφία
909 2095 1030 2134 fuisse
1074 2089 1234 2146 Θύρσου
1273 2093 1380 2147 γυνή
1421 2123 1431 2134 .
1455 2127 1464 2136 .
1488 2124 1497 2134 .
1537 2096 1577 2134 et
1614 2088 1773 2145 θύρσου

192 2150 305 2203 γονή,
336 2152 362 2189 i.
396 2164 426 2191 e.
455 2154 658 2201 germina,
689 2152 786 2200 folia
815 2155 962 2191 tenera.
1007 2151 1184 2204 Seffiam,
1217 2152 1363 2203 Thyrsi
1394 2164 1495 2191 uxm
1496 2163 1578 2200 em,
1614 2150 1771 2190 restitui

194 2208 415 2259 Archippo'
450 2208 515 2258 (fr.
553 2210 624 2258 27)
657 2209 754 2248 ‘vid.
786 2209 833 2248 R.
866 2222 898 2248 e.
931 2209 1018 2248 Att.
1051 2210 1151 2248 379³
1156 2238 1165 2248 .
1204 2209 1353 2260 Bergk.
1386 2209 1483 2260 quid
1520 2221 1606 2248 esse
1642 2207 1771 2259 possit

193 2263 355 2317 θύρσου
385 2261 496 2317 γονή,
528 2279 578 2304 ne
608 2266 837 2305 admonitus
866 2266 1028 2316 quidem
1060 2266 1272 2316 perspicio,
1304 2265 1374 2306 sed
1405 2265 1514 2317 quod
1544 2265 1686 2305 melius
1711 2265 1773 2304 'sit

196 2336 277 2362 non
307 2323 448 2362 habeo.

943 2434 1026 2477 397

401 2489 599 2547 ἀργύρια

302 2586 447 2625 Pollux
470 2587 507 2632 9,
531 2586 584 2624 89
606 2581 660 2632 ὥς
681 2580 720 2623 δ’
754 2584 818 2625 ἐπὶ
847 2590 927 2624 τῶν
955 2581 1160 2637 κερμάτων
1179 2585 1221 2624 οἵ
1234 2581 1389 2637 ἀρχαῖοι
1416 2581 1582 2625 Ἀττικοὶ
1611 2582 1758 2638 ἥκιστα

190 2641 242 2696 τῷ
272 2640 389 2680 ἓνικῶ
421 2640 607 2694 ἐχρῶντο,
647 2656 772 2691 ουτως
803 2641 868 2682 ἐπὶ
908 2647 960 2696 τῷ
998 2638 1175 2696 αργυρίῳ
1206 2647 1258 2696 τῷ
1295 2644 1580 2692 πληθυντικοῦ·
1623 2641 1763 2696 τᾶργύ-

193 2713 256 2749 ρια
286 2698 359 2755 γὰρ
392 2696 455 2736 ε’πὶ
495 2698 564 2737 τοῦ
594 2697 801 2769 ἀργυρίου
825 2698 1003 2746 σπανίως
1034 2698 1087 2738 ἄν
1117 2713 1175 2746 τις
1206 2713 1317 2750 ευροι
1354 2713 1434 2751 παρ
1489 2683 1648 2747 witois·
1689 2698 1764 2753 ἐγώ

193 2752 231 2792 δ’
265 2756 384 2807 εὖρον
415 2754 460 2794 ἕν
489 2758 574 2802 ταῖς
606 2755 763 2808 Νήσοις
790 2753 1116 2810 Ἀριστοφάνους,
1138 2755 1176 2795 εί
1191 2754 1245 2806 μὴ
1266 2752 1532 2795 ὑποπτεύεται
1553 2756 1596 2796 τὸ
1620 2759 1768 2809 δρᾶμα,

192 2808 246 2858 ὡς
274 2809 587 2864 Ἀριστοφανους
619 2811 667 2852 οὗ
697 2813 876 2867 γνήσιον.
925 2814 1028 2853 idem
1063 2815 1102 2863 7,
1136 2814 1214 2852 104
1244 2811 1398 2864 εἴρηται
1427 2811 1472 2852 δὲ
1501 2813 1567 2853 καὶ
1597 2828 1768 2867 αργυρια

194 2866 237 2907 ἕν
263 2866 576 2921 Ἀριστοφανους
610 2870 776 2921 Νήσοις.
