1872 3224
198 211 283 254 558
630 261 633 263 4
783 209 1177 242 ΑΡΙΣΤΟΦΑΝΟΤΣ

199 331 237 367 p.
272 313 428 368 CLIV)
466 313 948 380 Bekker.A⁷need.242‚
984 315 1037 352 10
1075 311 1399 360 δωδεκάπους
1438 311 1551 352 omoi-
1591 315 1775 382 σιεαροισήωΙ

198 373 356 424 μείωσις
388 378 457 423 τῆς
488 385 609 422 ωρας,
641 366 706 420 ἐφ7
738 371 764 423 ᾑ
798 368 888 416 τοὺς
920 367 1186 419 κεκλημένους
1217 368 1283 409 ἐπὶ
1303 370 1470 410 δεῖπνον
1490 369 1570 410 ἔδει
1590 367 1772 412 ἀπιέναι.

199 432 371 482 Hesych.
404 425 653 474 ἑπτάπους
685 425 803 464 σκια·
843 430 924 474 τοῖς
954 425 1047 466 ποσὶ
1075 425 1340 479 κατεμέτρουν
1370 426 1440 475 τὰς
1471 426 1611 478 σκιάς,
1643 426 1684 478 ἐξ
1704 423 1776 473 ὦν

200 487 269 534 τὰς
301 485 408 538 ὥρας
440 484 668 537 ἐγίνωσκον.
714 487 784 523 aut
814 485 1124 525 Daetalensibus
1154 488 1224 524 aut
1254 485 1484 536 Tagenistis
1514 486 1770 526 ‘necessario’

197 545 458 584 tribuendum
489 555 574 582 esse
605 542 851 581 Fritzsehius
879 542 1034 581 iudicat
1063 542 1179 582 Daet.
1213 544 1280 582 99.

944 676 1028 719 676

403 756 463 813 μὰ
493 756 600 806 τούς
630 755 875 811 πρόσωθεν

312 838 439 887 οὕτως
471 836 714 893 (πρόσωθεν,
743 853 824 879 non
854 835 989 893 πόρρ.)
1025 838 1092 879 καὶ
1113 835 1419 891 Ἀριστοφάνης.
1451 842 1533 882 κτλ.
1576 840 1710 880 Schol.
1731 841 1774 880 M

200 900 338 950 Eurip.
381 899 544 948 Hippol.
588 898 681 938 102.
736 898 778 935 in
817 898 983 947 parodia
1027 898 1154 949 igitur
1191 898 1232 936 id
1274 898 1442 937 dixerat.
1501 911 1595 937 nam
1633 898 1774 938 comici

197 956 423 1008 πόρρωθεν.

881 1065 978 1109 677.
1011 1066 1095 1108 678

472 1153 590 1189 τοῖσι
621 1153 774 1201 χοροῖς
804 1143 941 1196 αὐτὸς
971 1143 1025 1188 τὰ
1055 1143 1243 1201 σχήματ’
1280 1145 1482 1189 ἐποίουν.

804 1212 910 1265 τούς
941 1215 1129 1270 Φρύγας
1160 1210 1262 1256 οἶδα
1291 1216 1501 1270 θεωρῶν,
1526 1219 1530 1224 ’

256 1284 329 1327 ὅτε
359 1286 420 1341 τῷ
450 1283 642 1340 Πριάμῳ
674 1282 1010 1339 συλλυσόμενοι
1040 1282 1123 1324 τὸν
1154 1281 1280 1325 παῖδ’
1313 1276 1462 1338 ἦλθον
1491 1285 1738 1338 τεθνεῶτα,

256 1351 402 1396 πολλὰ
431 1352 607 1395 τοιαυτὶ
638 1352 714 1395 καὶ
743 1350 919 1395 τοιαυτὶ
950 1351 1025 1394 καὶ
1057 1352 1197 1407 δεῦρο
1228 1352 1601 1407 σχηματίσαντας.

315 1437 545 1475 Athenaeus
579 1438 615 1484 1,
649 1436 734 1474 21f
763 1431 1057 1486 Ἀριστοφάνης
1087 1440 1188 1487 γοῦν
1219 1465 1228 1473 .
1253 1465 1262 1474 .
1289 1464 1298 1474 .
1329 1437 1438 1474 ποιεῖ
1468 1427 1595 1474 αὐτὸν
1624 1433 1776 1488 Αἰσχύ-

198 1497 268 1533 λον
288 1491 470 1545 λέγοντα·
504 1495 606 1531 τοῖσι
627 1515 679 1521 -
703 1490 878 1543 ἐποίουν,
900 1490 966 1531 καὶ
989 1492 1131 1531 πάλιν·
1164 1505 1256 1539 τους
1278 1490 1441 1545 Φρύγας
1461 1495 1543 1532 κτλ.
1604 1493 1643 1532 2.
1665 1486 1774 1549 οἶδα]

198 1545 347 1590 οἶὸεἾ
353 1581 362 1589 .
453 1552 490 1590 3
521 1548 807 1600 συλλυσόμενοι
838 1547 924 1602 VL]
966 1547 1266 1615 συλλισσόμενοι
1295 1550 1341 1588 Β.
1373 1547 1660 1601 συλλησόμενοι
1689 1549 1773 1590 OD.

198 1609 375 1659 loquitur
405 1608 454 1646 de
484 1607 674 1658 Aeschyli
704 1607 924 1659 tragoedia,
957 1608 1019 1646 oui
1050 1610 1136 1646 erat
1162 1608 1403 1658 inscriptum
1423 1602 1580 1659 Φρύγες
1599 1603 1775 1658 ἢἪτο-

199 1679 264 1717 ρος
296 1664 463 1716 λύτρα.
523 1667 629 1703 recte
660 1663 979 1715 σχηματίσαντας
1012 1658 1120 1717 (οἶδα
1141 1662 1233 1711 τοὺς
1254 1661 1452 1717 Φρύγας),
1474 1665 1581 1715 quod
1608 1666 1777 1716 propter

199 1723 442 1762 Meinekium
473 1734 614 1760 moneo
646 1722 763 1760 Anal.
785 1722 881 1761 Ath.
906 1723 944 1761 9.
972 1721 1063 1761 Cur.
1092 1722 1181 1761 crit.
1206 1723 1271 1761 10.
1292 1743 1347 1749 -
1368 1722 1566 1772 gloriatur
1593 1721 1775 1773 Aeschy-

198 1780 259 1819 lus
291 1780 518 1830 fragmento
548 1779 681 1829 priore
712 1792 753 1818 se
784 1779 902 1818 choro
933 1779 1106 1818 saltandi
1126 1778 1276 1830 figuras
1305 1779 1438 1829 ipsum
1458 1778 1774 1830 praescripsisse.

199 1838 302 1876 alter
345 1836 409 1888 (ut
446 1837 487 1875 in
524 1835 645 1874 Ranis
684 1832 906 1889 Dionysus)
944 1836 1140 1875 ‘memini'
1180 1836 1313 1886 inquit
1351 1836 1574 1887 ‘Phrygum
1613 1838 1776 1875 tuorum

198 1895 364 1933 chorum
396 1894 517 1933 variis
549 1893 809 1932 saltationum
840 1893 979 1932 formis
1009 1894 1100 1934 uti'.
1130 1893 1278 1932 Athen.
1310 1894 1349 1943 1,
1372 1894 1457 1931 21e
1488 1891 1742 1943 Αἰσχύλος..

198 1947 322 1989 πολλὰ
352 1946 530 2002 σχήματα
562 1946 770 2001 ὀρχηστικα
800 1946 920 1996 αὐτὸς
951 1947 1188 2002 ἐξευρίσκων
1225 1946 1414 1988 ανεδίὸου
1446 1953 1527 1997 τοῖς
1557 1952 1774 2002 χορευταῖς.

200 2006 440 2058 Χαμαιλέων
468 2011 568 2059 γοῦν
598 2012 758 2059 πρῶτον
787 2004 913 2046 αὐτόν
933 2017 1034 2056 φησι
1055 2006 1293 2069 σχηματίσαι
1314 2004 1406 2054 τοὺς
1427 2004 1568 2059 χοροὺς
1589 2003 1772 2074 ὀρχηστο-

201 2063 456 2111 διδασκάλοις
488 2061 535 2103 οὐ
567 2061 829 2115 χρησαμενον,
860 2061 958 2103 ἀλλὰ
991 2063 1058 2103 καὶ
1086 2057 1212 2103 αὐτὸν
1241 2067 1323 2111 τοῖς
1353 2066 1484 2115 χοροῖς
1515 2061 1562 2103 τὰ
1593 2059 1774 2115 σχήματα

198 2127 391 2160 ποιοῦντα
422 2127 503 2160 τῶν
541 2117 757 2171 ὀρχήσεων.
808 2122 1012 2160 Ranarum
1058 2122 1224 2161 alterius
1270 2121 1458 2161 editionis
1503 2122 1773 2172 fragmentum

199 2180 370 2229 putabat
416 2192 500 2218 esse
530 2178 763 2218 Welokerus
803 2176 965 2231 (Aesch.
998 2179 1097 2218 Tril.
1129 2177 1244 2230 426),
1287 2177 1591 2230 Crapatalorum
1627 2178 1772 2218 Phere-

198 2237 318 2276 cratis
349 2235 579 2275 Dindorfius
612 2237 680 2285 25,
711 2235 938 2275 Danaidum
969 2237 1253 2286 Aristophanis
1282 2235 1497 2287 Bergkius.

198 2448 305 2492 ὥστ’
338 2448 613 2493 ἀνακύπτων
645 2450 720 2492 καὶ
750 2448 1052 2492 κατακύπτων
1081 2452 1163 2492 τοῦ
1194 2450 1420 2506 σχήματος
1449 2449 1600 2492 εἵνεκα
1630 2447 1766 2492 τὀῦδε

199 2521 450 2574 κηλωνείου
479 2527 573 2569 τοῖς
602 2526 850 2574 κηπουροῖς

313 2603 456 2641 Pollux
489 2604 641 2649 7,143
673 2607 754 2640 τῶν
783 2598 828 2640 δὲ
865 2605 945 2648 τοῖς
983 2601 1200 2654 κηπόυροῖς
1238 2597 1546 2652 ὑπηρετούντων
1583 2598 1666 2640 ἐστὶ
1702 2594 1771 2639 καὶ
1841 2600 1846 2607 ’

200 2656 242 2696 τὸ
283 2657 501 2708 κηλώνειον
532 2689 541 2698 .
567 2688 575 2696 .
599 2653 926 2710 ,Ἀριστοφανης
966 2661 1050 2699 κτλ.
1089 2659 1211 2698 Basil.
1248 2659 1420 2708 Epistol.
1457 2658 1610 2697 anthol.
1641 2672 1682 2708 p.
1718 2660 1766 2696 11

198 2711 271 2753 οὐκ
302 2713 379 2753 ε’ὧν
407 2712 622 2754 ανανεύειν
651 2730 718 2754 και
747 2714 983 2754 κατανεύειν
1013 2713 1145 2765 ὥσπερ
1189 2729 1234 2753 τα
1264 2713 1460 2765 κηλώνεια
1493 2711 1583 2761 τοὺς
1613 2711 1770 2765 ὀφθαλ-

197 2770 297 2822 μοὺς
328 2772 408 2810 τῶν
437 2769 829 2824 ἀναγιγνωσκόντων.
891 2773 1089 2812 sententia
1117 2785 1199 2811 non
1229 2773 1390 2822 integra
1420 2773 1494 2811 est.
1557 2772 1769 2811 chororum

199 2830 433 2868 saltationes
464 2830 677 2880 significari
709 2831 908 2869 videntur.
941 2830 999 2869 ‘ut
1027 2841 1186 2869 sursum
1213 2830 1336 2877 flexus
1365 2833 1401 2868 et
1429 2830 1598 2877 deflexus
1625 2841 1774 2868 rursusv

191 2890 352 2936 propter
381 2887 484 2927 hamc
516 2888 689 2937 fiywram
725 2885 911 2927 tollenom'
946 2887 1246 2926 hortulanorum
1285 2887 1332 2925 ννι
1368 2899 1485 2926 usum
1523 2888 1681 2926 invento
1716 2887 1768 2925 si-
