1872 3224
676 176 865 212 ΒΔΠΤΑῙ
903 179 1062 215 ΔΗΜΟΙ
1569 183 1654 227 279

851 279 906 323 88

243 364 245 366 -
284 331 469 408 κάπνην

27 435 83 469 *¹3
166 417 336 486 ΡοῙῙΡκ
370 404 415 467 7,
451 420 531 458 123
574 415 738 472 κάπνην
777 418 821 461 δὲ
865 421 932 462 καὶ
975 421 1232 475 καπνοδόκην
1278 422 1457 473 Εὔπολις
1497 425 1539 465 τὸ
1580 424 1654 478 μὲν

48 488 239 529 ²st
271 472 317 515 ἐν
354 448 558 530 Βάπταις,
597 475 638 517 τὸ
680 475 724 517 δὲ
767 477 811 518 ἐν
843 479 1008 546 Δήμοις.
1059 482 1298 523 Fritzschius
1331 484 1377 531 Q.
1411 485 1536 524 Arist.
1571 486 1650 524 237

42 541 166 590 Lssffm
202 532 354 585 Raspio
392 534 640 576 Alcibiadem
674 537 745 576 illa
783 551 878 577 voce
917 539 1080 590 eiusque
1119 541 1162 579 in
1192 541 1464 590 promittendo
1498 543 1647 582 vanita-

31 599 48 638 j,
63 579 158 671 {em
185 591 407 643 significari
436 596 556 644 p'utat
587 590 632 645 (ἡ
663 592 798 646 κάπνη
829 592 993 650 ψοφεῖ).

844 730 900 773 89

276 787 625 841 παλιναιρέτους

6 902 8 905 s
181 871 447 943 Harpocratio
494 874 591 920 142,
624 874 678 912 26
722 869 783 912 ότι
827 870 919 921 τοὺς
967 872 1170 920 τοιούτους
1210 871 1378 912 ἐκάλουν
1417 872 1643 926 παλιναιρέ-

38 942 43 946 ’
66 941 183 979 τους,
220 927 291 968 καὶ
327 927 422 978 τοὺς
459 926 894 982 ἀποχειροτονηθέντας
925 929 999 983 τὴν
1027 945 1157 983 αρχην
1186 929 1255 970 καὶ
1283 929 1405 970 πάλιν
1426 944 1643 983 χειροτονη-

17 1012 29 1019 «
63 982 238 1038 θέντας,
280 980 461 1035 Εὔπολις
501 984 546 1026 ἐν
583 985 763 1036 Βάπταις
802 988 927 1040 δηλοῖ.
976 989 1023 1028 de
1061 989 1282 1040 Hyperbolo
1320 990 1485 1040 cogitari
1515 1002 1643 1039 posse,

0 1039 11 1056 ‘
65 1043 405 1085 hieromnemonis
436 1059 603 1085 munere
634 1060 675 1086 se
706 1047 891 1087 abdicare
923 1050 1080 1096 coacto,
1112 1060 1203 1086 mox
1233 1050 1368 1086 tamen
1399 1048 1439 1085 in
1461 1049 1641 1086 senatum

0 1087 6 1100 ’λ
63 1101 168 1142 lecto
199 1103 393 1143 admonet
422 1104 615 1143 Fritzsch.
648 1105 695 1152 Q.
726 1104 851 1144 Arist.
886 1106 981 1144 238.

177 1160 244 1200 Ad
271 1161 374 1201 hanc
409 1162 588 1201 fabulam
627 1163 677 1200 fr.
712 1163 792 1202 333
834 1163 992 1202 rettulit
1022 1162 1267 1202 Fritzschius
1299 1161 1346 1208 Q.
1379 1162 1504 1201 Arist.
1541 1163 1639 1213 201,

61 1217 112 1256 fr.
145 1218 226 1268 351
260 1214 767 1267 WilamowitziusVH‘erm.
799 1220 856 1260 XI
888 1221 982 1260 297.

773 1380 934 1414 ΔΗΜΟΙ

173 1460 273 1501 Cum
314 1463 465 1502 Pericle
509 1465 670 1503 mortuo
704 1463 1013 1502 Atheniensium
1053 1461 1279 1512 respublica
1318 1461 1366 1500 ab
1407 1461 1635 1501 hominibus

58 1520 196 1557 tantae
226 1520 325 1559 moli
355 1533 438 1560 non
469 1521 634 1571 paribus
665 1522 884 1571 regeretur,
916 1519 1083 1570 Eupolis
1115 1521 1267 1558 veteres
1298 1519 1388 1557 illos
1419 1520 1553 1569 legum
1579 1520 1634 1558 la-

55 1579 163 1616 tores
202 1576 457 1628 civitatisque
493 1580 837 1630 propugnatores,
878 1576 1086 1625 Solonem,
1128 1576 1372 1626 Miltiadem,
1417 1577 1634 1615 Aristidem

56 1633 328 1685 Periclemque
376 1636 510 1686 ipsum
557 1637 607 1674 ab
650 1636 792 1675 inferis
837 1636 1028 1674 excitatos
1064 1636 1107 1674 in
1148 1647 1329 1674 scaenam
1364 1634 1532 1683 induxit,
1590 1638 1636 1672 ut

54 1691 221 1732 consilio
270 1695 376 1732 certe
421 1693 615 1744 populum
659 1694 887 1741 adflictum,
935 1705 983 1731 ex
1028 1692 1139 1731 cuius
1177 1687 1345 1742 δήμοις
1356 1692 1499 1730 chorus
1531 1704 1633 1731 com-

53 1749 211 1798 positus
251 1754 355 1799 erat,
403 1751 654 1790 adiuvarent.
718 1751 849 1791 Schol.
896 1751 1065 1789 Aristid.
1120 1749 1223 1799 apud
1270 1746 1445 1788 Va'oken.
1493 1748 1620 1787 Diatr.

53 1807 166 1846 2520
211 1805 391 1854 Εὔπολις
437 1805 623 1855 ἐποίησεν
665 1803 895 1846 αναστάντα
943 1804 1015 1844 τὸν
1064 1803 1337 1856 Μιλτιάδην
1346 1804 1411 1843 καὶ
1450 1799 1630 1855 Ἀριστεί-

52 1861 130 1914 δην
166 1878 233 1903 και
273 1862 435 1904 Γέλωνα
477 1862 678 1914 (Σόλωνα
709 1868 816 1904 recte
855 1864 1013 1915 Valck)
1057 1862 1124 1902 καὶ
1170 1861 1378 1909 Περικλέα
1424 1863 1630 1902 Platonius

50 1918 140 1974 περὶ
174 1920 372 1974 διαφορᾶς
398 1937 438 1974 p.
470 1923 565 1962 XIV
599 1925 650 1961 15
691 1923 847 1962 Duebn.
890 1918 1112 1988 αναγαγεῖν
1146 1918 1283 1989 ἱκανὸς
1324 1917 1382 1958 ὧν
1412 1917 1626 1972 (Εὔπολις)

51 1975 99 2027 ἐξ
142 1976 269 2032 αδου
316 1982 605 2030 νομοθετῶν
650 1977 893 2031 πρόσωπα
945 1977 1012 2017 καὶ
1056 1973 1112 2016 δι’
1163 1974 1299 2017 αὐτῶν
1350 1974 1627 2028 εἰσηγούμενος

47 2031 76 2086 ἢ
125 2034 216 2082 περὶ
264 2033 418 2083 θέσεως
469 2035 606 2088 νόμων
655 2033 681 2087 ἢ
725 2034 1626 2086 καταλύσεως.οἘ.Αρ111;11011.Ρ1·οςγῐ1111.

50 2094 103 2131 37
143 2090 280 2147 (Rhet.
312 2094 439 2133 Walz.
472 2094 513 2133 II
545 2095 626 2134 646
647 2095 708 2134 ed
749 2091 881 2147 min..)
913 2093 1032 2144 Diog.
1071 2093 1118 2132 L.
1154 2096 1196 2141 1,
1237 2093 1305 2131 62.
1358 2092 1526 2131 Aristid.
1566 2092 1626 2131 111

49 2151 164 2189 374e
207 2146 268 2204 (ΙΙ
299 2152 386 2191 300
390 2149 558 2218 Dind.)
603 2156 685 2190 τῶν
728 2155 918 2202 κωμικῶν
962 2164 1020 2197 τις
1058 2148 1220 2201 ἐποίησε
1258 2147 1491 2200 τέτταρας
1530 2154 1627 2188 τῶν

47 2213 348 2260 προστατῶν
377 2204 620 2255 ἆνεστωτας.
652 2209 772 2248 433b
805 2206 865 2261 (II
897 2209 978 2246 342
1010 2207 1164 2259 Dind.)
1187 2207 1276 2245 Val.
1308 2207 1412 2245 Max.
1445 2208 1483 2253 7,
1516 2207 1552 2252 2,
1588 2209 1623 2254 7,

47 2265 116 2316 qui
146 2265 323 2316 Eupolin
354 2279 444 2305 cum
474 2266 748 2317 Aristophane
780 2266 1004 2306 confundit.
1045 2265 1240 2304 Periclem
1280 2277 1369 2303 cum
1401 2263 1623 2313 Myronide,

45 2335 127 2362 non
157 2327 318 2363 mortuo
349 2323 419 2363 sed
450 2325 668 2375 superstite
699 2321 769 2376 (cf.
801 2324 851 2363 fr.
883 2320 999 2376 116),
1031 2322 1337 2372 conloquentem
1367 2321 1464 2358 facit
1485 2320 1532 2358 fr.
1556 2321 1622 2359 98.

47 2379 219 2431 denique
250 2394 340 2420 cum
371 2382 533 2421 conlato
563 2381 615 2420 fr.
650 2383 716 2430 91,
748 2382 888 2432 ignoto
919 2393 1009 2419 cum
1049 2379 1270 2419 Meinekius
1307 2378 1515 2416 historiam
1547 2378 1621 2416 cri·

45 2437 169 2476 ticam
211 2437 248 2487 (I
281 2438 374 2480 128.
408 2437 452 2490 9)
491 2439 703 2487 scriberet,
744 2439 902 2477 Niciam
939 2440 1026 2476 tum
1064 2450 1145 2476 non
1184 2436 1313 2475 solum
1351 2435 1514 2482 vixisse,
1554 2434 1621 2473 sed

47 2495 166 2534 etiam
199 2496 369 2536 Athenis
401 2496 577 2536 adfuisse
608 2497 816 2547 adpareat,
849 2498 941 2546 post
973 2494 1035 2534 Ol.
1070 2495 1135 2541 91,
1172 2496 1191 2531 1
1236 2492 1371 2531 fabula
1401 2504 1482 2530 non
1511 2491 1618 2530 vide-

45 2554 114 2590 tur
151 2555 238 2592 acta
276 2567 375 2593 esse.
428 2554 552 2593 Mein.
586 2554 627 2593 II
658 2553 754 2592 455.
805 2553 955 2592 erravit
992 2552 1113 2590 etiam
1152 2551 1322 2589 Meierus
1359 2549 1525 2598 Ephem.
1558 2549 1619 2586 lit.

44 2609 135 2648 Hal.
170 2611 294 2660 1827,
331 2612 424 2650 142.

812 2699 868 2740 90

250 2776 306 2822 οὐ
336 2778 423 2835 γὰρ
454 2778 515 2834 μὰ
546 2777 628 2836 τὴν
661 2781 922 2835 Μαραθῶνι
954 2779 1037 2833 τὴν
1069 2773 1183 2831 ε’μήν
1211 2775 1360 2830 μάχην

251 2850 424 2902 χαίρων
453 2864 520 2899 τις
550 2846 705 2891 αὐτῶν
735 2845 907 2903 τούμὸν
938 2843 1130 2900 ἀλγυνεῖ
1156 2844 1278 2899 κέαρ.

160 2926 402 2984 [Longinus]
435 2932 495 2971 De
526 2933 685 2972 sublim.
723 2934 798 2983 16,
841 2933 865 2971 3
904 2929 1030 2969 καίτοι
1069 2930 1174 2981 παρὰ
1215 2931 1267 2981 τῷ
1306 2922 1505 2966 Εὐπόλιδι
1545 2931 1614 2966 τοῦ
