1872 3224
748 204 1063 240 ΑΤΤΟΛΤΚΟΣ
1620 210 1703 254 269

214 287 440 347 B'nnkelius
470 308 694 358 coniunxit,
726 310 850 349 verba
881 324 928 349 ex
949 310 1148 362 Autolyco
1179 313 1303 352 altera
1333 318 1521 366 exempta
1542 319 1582 355 et
1602 318 1699 357 Leo-

103 382 150 438 Ἀ
193 375 238 399 ,-·‘
272 377 359 405 esse
397 368 557 405 constat
598 378 685 405 cum
728 368 938 418 Myrrhina
979 366 1269 420 conloquentis.
1320 373 1537 422 Myrrhina
1568 378 1699 414 autem

33 440 36 442 ·
98 438 151 492 ᾗῇ
152 422 222 488 ξιί
242 434 325 479 non
356 426 666 463 commemorata
695 438 777 464 non
809 427 1088 467 confundenda
1127 430 1188 467 est
1218 442 1307 467 011111
1339 430 1467 469 altera
1489 431 1558 470 illa
1578 445 1696 482 quam

2 501 3 523 ;
85 485 231 542 ,333352
261 479 346 521 'd'e's
376 482 541 521 amavit
575 482 719 522 Athen.
754 485 818 532 13,
852 485 935 523 590
966 497 998 523 0.
1028 485 1174 536 Bergk.
1207 486 1253 524 R.
1287 499 1319 526 0.
1355 487 1443 527 Α1·,1;.
1478 489 1558 527 344
1574 502 1631 539 sq.

892 618 949 662 45

322 713 416 753 αρα
447 695 614 755 σφόδρ’
653 698 929 755 ένεούρησεν
962 698 1129 755 ἐξώλης
1159 701 1330 757 γέρων;

71 831 83 834 .
231 792 409 834 Cramer.
452 794 531 834 An.
571 793 698 835 Oxou.
738 795 759 834 I
780 792 985 844 446,17
1027 791 1240 863 ἒνούρησεν
1272 793 1468 844 Ἀττικῶς.
1501 796 1697 846 -Εἷίπολις

54 877 78 900 4
79 846 334 906 ,Αὐτολύκῳ
371 853 454 892 κτλ.
510 849 750 905 ἐνεούρησεν
787 850 978 906 Meinek]
1013 848 1272 905 ἅνεούρησεν.
1324 850 1466 906 ἐξώλης
1505 854 1695 908 Meinek.]

51 931 53 935 ι
117 905 297 959 ἐξούλης.
329 905 511 961 οὖξιόλης
542 907 670 962 γέρων
702 910 842 950 Cobet.
877 911 1025 950 Mnem.
1046 911 1094 950 -V
1126 913 1219 951 109.
1253 912 1456 952 Herwerd.
1489 912 1585 952 Obs.
1607 914 1695 952 crit.

47 991 59 1023 j
118 967 187 1007 22.
216 963 393 1020 ἡξιόλης,
425 965 545 1020 γέρον
566 968 852 1009 Wilamowitz.
885 969 1026 1008 Herm.
1048 968 1128 1008 VII
1153 970 1245 1011 145.
1278 969 1480 1021 Lyconem
1511 971 1699 1021 Autolyci

46 1027 48 1031 '
115 1026 276 1076 patrem
306 1025 524 1078 significari
555 1027 782 1067 Meinekius
814 1027 973 1076 conicit,
1006 1026 1202 1066 Rhodiam
1233 1027 1582 1068 Wilamowitzius.

891 1162 947 1205 46

323 1243 373 1285 τί
397 1240 497 1299 δῆτ’
531 1239 615 1297 ἅν,
650 1243 692 1285 εἰ
718 1241 777 1298 μή
811 1241 861 1285 τὸ
893 1243 1096 1298 σκάφιον
1127 1239 1242 1298 αὐτῇ
1275 1244 1447 1299 παρῆν;

231 1337 376 1378 Pollux
418 1339 487 1387 10,
520 1339 575 1377 45
617 1337 765 1389 δίφρον
800 1334 842 1376 δ’
882 1333 937 1376 οἲν
973 1337 1100 1385 εἴποις
1139 1335 1186 1376 τὰ
1226 1335 1378 1376 λα’σανα
1410 1333 1695 1389 εὐφημότερον,
1727 1349 1731 1352 ’

115 1393 184 1434 καὶ
223 1394 454 1449 ὃιφρίσκον.
496 1401 544 1450 τῇ
583 1393 628 1434 δὲ
668 1394 830 1448 γυναικὶ
867 1391 1065 1446 σκάφιον,
1104 1391 1159 1442 ὥς
1205 1392 1248 1434 ἐν
1293 1390 1512 1434 Αὕτολύκω
1561 1393 1696 1434 Εὔπο-

114 1454 190 1501 aeg.
228 1454 439 1504 Aristoph.
482 1454 642 1493 Thesm.
684 1456 764 1494 633
816 1449 994 1503 σκάφιον
1032 1449 1202 1495 Ξένυλλ’
1243 1450 1408 1506 ἤτησεν·
1447 1435 1497 1491 06
1532 1450 1607 1505 γὰρ
1643 1467 1697 1504 ην

114 1507 223 1563 ἆμίς.
255 1533 312 1540 —-
342 1510 383 1550 τί
409 1508 505 1563 δῆτ’
538 1509 613 1562 ἄν,
645 1508 801 1564 ἐγένετο
829 1509 1015 1562 δηλονότι
1045 1511 1166 1561 ‘quid
1195 1511 1346 1550 factum
1377 1513 1483 1550 esset
1511 1511 1589 1550 nisi
1610 1511 1679 1538 ———'

12 1604 18 1627 3
115 1569 316 1610 Rhodiam
346 1569 660 1621 intellegendam
680 1582 766 1609 esse
797 1571 933 1609 censet
952 1568 1190 1608 Meinekius.
1221 1571 1399 1607 ceterum
1428 1566 1603 1618 σκάφιον
1629 1580 1696 1607 110-

81 1636 316 1678 'quaquam
355 1628 509 1667 matula
546 1627 715 1678 dieitur5
763 1627 832 1667 sed
877 1639 968 1666 cum
1009 1640 1055 1665 ea
1093 1639 1174 1665 non
1211 1628 1370 1676 praesto
1410 1628 1532 1675 esset,
1580 1626 1696 1665 sicuti

115 1684 157 1724 in
187 1685 633 1735 Thesmophoriazusis,
678 1683 837 1738 σκαφίῳ
876 1697 949 1734 pro
980 1684 1051 1723 illa
1080 1683 1225 1722 mulier
1262 1697 1334 1723 usa
1373 1685 1445 1722 est.
1479 1694 1560 1722 non
1590 1685 1697 1721 recte

114 1742 360 1783 Fritzsehius
390 1743 488 1782 haee
520 1742 699 1795 (Thesm.
730 1757 769 1793 p.
793 1739 895 1795 231)
928 1741 1210 1791 Aristophanis
1241 1740 1409 1791 Polyido
1440 1740 1695 1779 adiudicavit.

886 1887 942 1929 47

322 1967 459 2024 σκέλη
492 1968 542 2010 δὲ
573 1966 648 2010 καὶ
679 1969 881 2024 κωλῆνες
911 1963 1028 2008 εὐθύ
1056 1963 1305 2021 τούρόφου.

232 2064 462 2103 Athenaeus
495 2065 532 2111 9,
567 2063 685 2102 368d
716 2060 784 2101 καὶ
813 2063 974 2112 κωλῆνα
1005 2058 1050 2099 δὲ
1080 2057 1236 2112 λέγουσι
1266 2058 1334 2098 καὶ
1362 2061 1509 2123 κωλῆν.
1554 2056 1693 2098 Εὔπο-

115 2123 175 2168 λις
206 2114 426 2175 Αὐτολύκῳ
455 2121 536 2159 κτλ.
588 2115 810 2172 τούρόφου,
842 2120 868 2160 i.
901 2133 935 2158 e.
976 2123 1046 2157 τοῦ
1076 2114 1243 2171 ὀρόφου.
1303 2110 1409 2156 εὐθύ
1446 2121 1518 2155 τοῦ
1553 2113 1694 2168 ’ρόφου

117 2178 161 2219 C.
193 2179 238 2218 F.
270 2178 526 2218 Hermannus
556 2177 726 2217 Dissert.
759 2178 806 2217 de
837 2178 1017 2226 tempore
1047 2174 1357 2216 Xen.C0nv.1
1389 2176 1410 2213 7
1443 2175 1547 2214 conl.
1568 2174 1693 2213 Arist.

116 2236 212 2289 Lys.
223 2233 340 2306 229]
373 2231 480 2284 εὐθὺ
512 2239 583 2274 τοῦ
613 2232 745 2287 ῥόφου
766 2235 815 2274 Α.
848 2229 1063 2272 εὐθύτου’
1070 2231 1193 2285 ρίφου
1223 2231 1284 2300 (i.
1291 2244 1324 2271 e.
1349 2228 1510 2300 ἐρίφου)
1541 2231 1693 2270 Iacobs.

116 2297 159 2334 at
189 2308 242 2333 ευ
223 2290 382 2340 θυτος
414 2290 549 2343 ἔριφος
580 2293 677 2343 quid
707 2292 799 2332 est?
852 2291 974 2330 Arist.
1005 2291 1102 2341 Lys.
1125 2291 1206 2329 229
1238 2285 1285 2328 06
1303 2286 1414 2357 πρὸς
1445 2286 1514 2327 τὸν
1542 2284 1692 2339 ὀροφὸν

115 2347 298 2390 ἀνατενῶ
343 2348 396 2389 τώ
429 2346 622 2402 Περσικά.
683 2350 740 2389 sio
769 2350 835 2389 hic
865 2348 998 2387 verbis
1037 2343 1143 2386 εὐθὺ
1184 2351 1255 2385 τοῦ
1295 2341 1446 2397 ὀρόφου
1484 2340 1695 2397 (ε’χώρουτι)

115 2411 282 2448 notatur
325 2409 471 2447 mulier
506 2407 743 2456 libidinosa,
795 2405 979 2457 quolibet
1016 2407 1194 2455 tempore
1233 2404 1284 2443 ad
1324 2416 1506 2443 venerem
1543 2403 1692 2452 parata,

73 2475 75 2477 ·
117 2466 287 2506 fortasse
316 2465 484 2506 Rhodia.

888 2552 943 2594 48

327 2634 586 2713 ἐλλιμένιον
616 2633 780 2676 δοῦναι
812 2631 921 2689 πρὶν
953 2631 1163 2688 εἰσβῆναί
1191 2641 1241 2671 σε
1271 2627 1354 2671 δεῖ.

234 2730 378 2770 Pollux
409 2731 448 2779 9,
482 2709 537 2770 30
566 2725 610 2768 τὸ
640 2725 747 2775 τέλος
779 2725 1009 2779 ἐλλιμένιον,
1040 2722 1094 2773 ὡς
1124 2721 1303 2771 Εὔπολις
1334 2718 1567 2775 Αὐτολύκῳ.
1598 2719 1691 2759 δοῦ-

121 2800 191 2825 ναι
222 2784 412 2840 Seberus]
446 2783 469 2826 ὃ
499 2785 655 2825 δοῦναι.
688 2786 767 2825 dici
796 2785 895 2825 haee
915 2786 1127 2825 videntur
1130 2783 1263 2821 nescio
1284 2782 1347 2821 0111
1376 2781 1415 2819 111
1447 2778 1646 2830 lupanar
1635 2790 1693 2816 111-

118 2846 310 2885 1;1·0011111;1.
343 2841 565 2896 ἐλλιμένιον
593 2843 778 2895 figurate,
809 2846 1012 2893 tamquam
1035 2841 1258 2891 portorium
1287 2839 1395 2878 dieas
1415 2850 1438 2875 a
1453 2839 1581 2885 porta,
1612 2847 1693 2874 non

121 2915 145 2941 a
166 2906 304 2952 portu.
334 2903 398 2942 de.
413 2902 595 2953 portorio
626 2900 936 2940 Atheniensium
967 2898 1140 2939 Boeckh.
1171 2896 1263 2937 Oec.
1268 2893 1284 2919 ²
1313 2896 1335 2935 I
1362 2896 1459 2934 431.
1482 2895 1521 2934 2.
