<?xml version="1.0" encoding="UTF-8"?>
<!DOCTYPE html PUBLIC "-//W3C//DTD XHTML 1.0 Transitional//EN"
    "http://www.w3.org/TR/xhtml1/DTD/xhtml1-transitional.dtd">
<html xmlns="http://www.w3.org/1999/xhtml" xml:lang="en" lang="en">
 <head>
  <title>
</title>
<meta http-equiv="Content-Type" content="text/html;charset=utf-8" />
  <meta name='ocr-system' content='tesseract 3.04.00' />
  <meta name='ocr-capabilities' content='ocr_page ocr_carea ocr_par ocr_line ocrx_word'/>
</head>
<body>
  <div class='ocr_page' id='page_1' title='image "./comicorumatticor01kockuoft_0135.png"; bbox 0 0 1872 3224; ppageno 0'>
   <div class='ocr_carea' id='block_1_1' title="bbox 0 0 370 606">
    <p class='ocr_par' dir='ltr' id='par_1_1' title="bbox 0 0 370 606">
     <span class='ocr_line' id='line_1_1' title="bbox 0 0 370 606; baseline 0 0"><span class='ocrx_word' id='word_1_1' title='bbox 0 0 370 606; x_wconf 67' lang='grc' dir='ltr'>ἔ</span> 
     </span>
    </p>
   </div>
   <div class='ocr_carea' id='block_1_2' title="bbox 631 204 1687 248">
    <p class='ocr_par' dir='ltr' id='par_1_2' title="bbox 631 204 1687 248">
     <span class='ocr_line' id='line_1_2' title="bbox 631 204 1687 248; baseline 0.008 -8"><span class='ocrx_word' id='word_1_2' title='bbox 631 205 845 241; x_wconf 71' lang='grc' dir='ltr'><strong>ΑΔΗΑΩΝ</strong></span> <span class='ocrx_word' id='word_1_3' title='bbox 871 205 1144 240; x_wconf 71' lang='grc' dir='ltr'><strong>ΔΡΑΜΑΤῼΝ</strong></span> <span class='ocrx_word' id='word_1_4' title='bbox 1606 204 1687 248; x_wconf 86' lang='grc'><em>105</em></span> 
     </span>
    </p>
   </div>
   <div class='ocr_carea' id='block_1_3' title="bbox 853 309 938 352">
    <p class='ocr_par' dir='ltr' id='par_1_3' title="bbox 853 309 938 352">
     <span class='ocr_line' id='line_1_3' title="bbox 853 309 938 352; baseline 0 0"><span class='ocrx_word' id='word_1_5' title='bbox 853 309 938 352; x_wconf 89' lang='grc'><em>316</em></span> 
     </span>
    </p>
   </div>
   <div class='ocr_carea' id='block_1_4' title="bbox 337 387 1432 447">
    <p class='ocr_par' dir='ltr' id='par_1_4' title="bbox 337 387 1432 447">
     <span class='ocr_line' id='line_1_4' title="bbox 337 387 1432 447; baseline 0 -15"><span class='ocrx_word' id='word_1_6' title='bbox 337 389 523 447; x_wconf 83' lang='grc' dir='ltr'><em>μισηταὶ</em></span> <span class='ocrx_word' id='word_1_7' title='bbox 555 389 605 432; x_wconf 86' lang='grc' dir='ltr'><em>δε</em></span> <span class='ocrx_word' id='word_1_8' title='bbox 635 396 852 445; x_wconf 78' lang='grc' dir='ltr'><em>γυναῖκες</em></span> <span class='ocrx_word' id='word_1_9' title='bbox 883 387 1139 446; x_wconf 86' lang='grc' dir='ltr'><em>ὀλίσβοισιν</em></span> <span class='ocrx_word' id='word_1_10' title='bbox 1169 387 1432 446; x_wconf 79' lang='grc' dir='ltr'><strong><em>χρήσονται.</em></strong></span> 
     </span>
    </p>
   </div>
   <div class='ocr_carea' id='block_1_5' title="bbox 91 474 1691 761">
    <p class='ocr_par' dir='ltr' id='par_1_5' title="bbox 91 474 1691 760">
     <span class='ocr_line' id='line_1_5' title="bbox 208 474 1685 526; baseline -0.002 -10"><span class='ocrx_word' id='word_1_11' title='bbox 208 474 379 516; x_wconf 90' lang='lat' dir='ltr'>Photius</span> <span class='ocrx_word' id='word_1_12' title='bbox 418 474 562 515; x_wconf 73' lang='lat' dir='ltr'>suidas</span> <span class='ocrx_word' id='word_1_13' title='bbox 601 476 643 514; x_wconf 90' lang='lat' dir='ltr'><em>et</em></span> <span class='ocrx_word' id='word_1_14' title='bbox 682 474 922 526; x_wconf 83' lang='lat' dir='ltr'>Apostolius</span> <span class='ocrx_word' id='word_1_15' title='bbox 966 475 1038 524; x_wconf 88' lang='lat'><em>13,</em></span> <span class='ocrx_word' id='word_1_16' title='bbox 1081 474 1148 516; x_wconf 88' lang='lat'><em>95.</em></span> <span class='ocrx_word' id='word_1_17' title='bbox 1209 474 1347 526; x_wconf 82' lang='lat' dir='ltr'>Etym.</span> <span class='ocrx_word' id='word_1_18' title='bbox 1381 488 1435 514; x_wconf 84' lang='lat' dir='ltr'><em>m.</em></span> <span class='ocrx_word' id='word_1_19' title='bbox 1469 475 1572 522; x_wconf 89' lang='grc'>588,</span> <span class='ocrx_word' id='word_1_20' title='bbox 1618 475 1685 514; x_wconf 85' lang='grc'><em>54.</em></span> 
     </span>
     <span class='ocr_line' id='line_1_6' title="bbox 91 528 1686 587; baseline -0.001 -14"><span class='ocrx_word' id='word_1_21' title='bbox 91 530 259 587; x_wconf 86' lang='grc' dir='ltr'><em>μισητή·</em></span> <span class='ocrx_word' id='word_1_22' title='bbox 300 530 375 584; x_wconf 87' lang='grc' dir='ltr'><em>τὴν</em></span> <span class='ocrx_word' id='word_1_23' title='bbox 409 537 621 585; x_wconf 82' lang='grc' dir='ltr'><em>καταφερῆ</em></span> <span class='ocrx_word' id='word_1_24' title='bbox 663 529 836 584; x_wconf 82' lang='grc' dir='ltr'><em>μισητήν</em></span> <span class='ocrx_word' id='word_1_25' title='bbox 872 530 1005 585; x_wconf 75' lang='grc' dir='ltr'><em>ἔλεγον</em></span> <span class='ocrx_word' id='word_1_26' title='bbox 1045 563 1053 571; x_wconf 94' lang='grc'><em>.</em></span> <span class='ocrx_word' id='word_1_27' title='bbox 1085 562 1094 571; x_wconf 94' lang='grc'><em>.</em></span> <span class='ocrx_word' id='word_1_28' title='bbox 1128 561 1136 570; x_wconf 96' lang='grc'><em>.</em></span> <span class='ocrx_word' id='word_1_29' title='bbox 1175 530 1242 571; x_wconf 85' lang='grc' dir='ltr'><em>καὶ</em></span> <span class='ocrx_word' id='word_1_30' title='bbox 1279 528 1300 570; x_wconf 87' lang='grc' dir='ltr'>ὁ</span> <span class='ocrx_word' id='word_1_31' title='bbox 1342 529 1541 584; x_wconf 84' lang='grc' dir='ltr'><em>Κρατῖνός</em></span> <span class='ocrx_word' id='word_1_32' title='bbox 1585 544 1686 571; x_wconf 86' lang='grc' dir='ltr'><em>που·</em></span> 
     </span>
     <span class='ocr_line' id='line_1_7' title="bbox 91 587 1688 654; baseline -0.001 -23"><span class='ocrx_word' id='word_1_33' title='bbox 91 589 253 645; x_wconf 84' lang='grc' dir='ltr'><em>μισηταὶ</em></span> <span class='ocrx_word' id='word_1_34' title='bbox 281 593 362 632; x_wconf 82' lang='grc' dir='ltr'><em>κτλ.</em></span> <span class='ocrx_word' id='word_1_35' title='bbox 395 591 544 631; x_wconf 87' lang='lat' dir='ltr'>omisso</span> <span class='ocrx_word' id='word_1_36' title='bbox 575 591 750 631; x_wconf 86' lang='lat' dir='ltr'>auctoris</span> <span class='ocrx_word' id='word_1_37' title='bbox 781 590 944 630; x_wconf 89' lang='lat' dir='ltr'>nomine</span> <span class='ocrx_word' id='word_1_38' title='bbox 975 590 1202 654; x_wconf 79' lang='lat' dir='ltr'><strong>Hesychius</strong></span> <span class='ocrx_word' id='word_1_39' title='bbox 1232 587 1419 641; x_wconf 86' lang='grc' dir='ltr'><em>μισήτην.</em></span> <span class='ocrx_word' id='word_1_40' title='bbox 1451 590 1688 630; x_wconf 84' lang='lat' dir='ltr'>Eustathius</span> 
     </span>
     <span class='ocr_line' id='line_1_8' title="bbox 96 639 1688 701; baseline -0.003 -11"><span class='ocrx_word' id='word_1_41' title='bbox 96 652 204 691; x_wconf 85' lang='lat'><em>1651</em></span> <span class='ocrx_word' id='word_1_42' title='bbox 238 650 328 692; x_wconf 86' lang='lat' dir='ltr'>init</span> <span class='ocrx_word' id='word_1_43' title='bbox 360 646 473 687; x_wconf 71' lang='grc' dir='ltr'><em>ἄλλοι</em></span> <span class='ocrx_word' id='word_1_44' title='bbox 503 645 549 688; x_wconf 80' lang='grc' dir='ltr'><em>δὲ</em></span> <span class='ocrx_word' id='word_1_45' title='bbox 577 646 764 701; x_wconf 80' lang='grc' dir='ltr'><em>μισήτην,</em></span> <span class='ocrx_word' id='word_1_46' title='bbox 796 646 1041 701; x_wconf 86' lang='grc' dir='ltr'><em>βαρυτόνως,</em></span> <span class='ocrx_word' id='word_1_47' title='bbox 1073 639 1172 700; x_wconf 83' lang='grc' dir='ltr'><em>πρὸς</em></span> <span class='ocrx_word' id='word_1_48' title='bbox 1203 645 1420 699; x_wconf 78' lang='grc' dir='ltr'><em>διαστολὴν</em></span> <span class='ocrx_word' id='word_1_49' title='bbox 1450 653 1521 699; x_wconf 84' lang='grc' dir='ltr'><em>τῆς</em></span> <span class='ocrx_word' id='word_1_50' title='bbox 1547 643 1688 696; x_wconf 80' lang='grc' dir='ltr'><em>ὀξυτο-</em></span> 
     </span>
     <span class='ocr_line' id='line_1_9' title="bbox 93 699 1691 761; baseline -0.003 -13"><span class='ocrx_word' id='word_1_51' title='bbox 93 704 314 760; x_wconf 83' lang='grc' dir='ltr'><em>νουμένης,</em></span> <span class='ocrx_word' id='word_1_52' title='bbox 347 704 422 758; x_wconf 84' lang='grc' dir='ltr'><em>τὴν</em></span> <span class='ocrx_word' id='word_1_53' title='bbox 451 703 596 758; x_wconf 83' lang='grc' dir='ltr'><em>κοινὴν</em></span> <span class='ocrx_word' id='word_1_54' title='bbox 625 703 692 745; x_wconf 84' lang='grc' dir='ltr'><em>καὶ</em></span> <span class='ocrx_word' id='word_1_55' title='bbox 725 705 895 761; x_wconf 77' lang='grc' dir='ltr'><em>ρἀδίαν,</em></span> <span class='ocrx_word' id='word_1_56' title='bbox 937 702 1117 759; x_wconf 74' lang='grc' dir='ltr'><em>λέγοντες</em></span> <span class='ocrx_word' id='word_1_57' title='bbox 1156 703 1224 744; x_wconf 84' lang='grc' dir='ltr'><em>καὶ</em></span> <span class='ocrx_word' id='word_1_58' title='bbox 1255 710 1399 758; x_wconf 85' lang='grc' dir='ltr'><em>χρῆσιν</em></span> <span class='ocrx_word' id='word_1_59' title='bbox 1428 702 1554 757; x_wconf 82' lang='grc' dir='ltr'><em>αὐτῆς</em></span> <span class='ocrx_word' id='word_1_60' title='bbox 1585 699 1691 746; x_wconf 84' lang='grc' dir='ltr'><em>εἶναι</em></span> 
     </span>
    </p>
   </div>
   <div class='ocr_carea' id='block_1_6' title="bbox 0 755 1691 835">
    <p class='ocr_par' dir='ltr' id='par_1_6' title="bbox 0 755 1691 835">
     <span class='ocr_line' id='line_1_10' title="bbox 0 755 1691 835; baseline -0.002 -30"><span class='ocrx_word' id='word_1_61' title='bbox 0 755 13 772; x_wconf 20' lang='grc' dir='ltr'><em>ζ’</em></span> <span class='ocrx_word' id='word_1_62' title='bbox 48 761 50 764; x_wconf 49' lang='grc'>’</span> <span class='ocrx_word' id='word_1_63' title='bbox 91 764 201 819; x_wconf 80' lang='grc' dir='ltr'><em>παρὰ</em></span> <span class='ocrx_word' id='word_1_64' title='bbox 243 764 445 834; x_wconf 81' lang='grc' dir='ltr'><em>Κρατίνῳ.</em></span> <span class='ocrx_word' id='word_1_65' title='bbox 505 765 696 804; x_wconf 89' lang='lat' dir='ltr'>Ammon.</span> <span class='ocrx_word' id='word_1_66' title='bbox 739 765 793 804; x_wconf 87' lang='grc'><em>94</em></span> <span class='ocrx_word' id='word_1_67' title='bbox 830 762 976 816; x_wconf 89' lang='grc' dir='ltr'><em>μισητή</em></span> <span class='ocrx_word' id='word_1_68' title='bbox 1014 761 1082 803; x_wconf 84' lang='grc' dir='ltr'><em>καὶ</em></span> <span class='ocrx_word' id='word_1_69' title='bbox 1117 759 1264 835; x_wconf 76' lang='grc' dir='ltr'><em>μισήτη</em></span> <span class='ocrx_word' id='word_1_70' title='bbox 1309 760 1492 828; x_wconf 80' lang='grc' dir='ltr'><em>διαφέρει</em></span> <span class='ocrx_word' id='word_1_71' title='bbox 1518 794 1527 803; x_wconf 94' lang='grc'><em>.</em></span> <span class='ocrx_word' id='word_1_72' title='bbox 1553 795 1561 804; x_wconf 93' lang='grc'><em>.</em></span> <span class='ocrx_word' id='word_1_73' title='bbox 1584 792 1597 813; x_wconf 81' lang='grc'><em>,</em></span> <span class='ocrx_word' id='word_1_74' title='bbox 1635 761 1691 811; x_wconf 79' lang='grc' dir='ltr'><em>ὥς</em></span> 
     </span>
    </p>
   </div>
   <div class='ocr_carea' id='block_1_7' title="bbox 93 813 1691 1053">
    <p class='ocr_par' dir='ltr' id='par_1_7' title="bbox 93 813 1689 876">
     <span class='ocr_line' id='line_1_11' title="bbox 93 813 1689 876; baseline -0.003 -13"><span class='ocrx_word' id='word_1_75' title='bbox 93 834 195 876; x_wconf 90' lang='grc' dir='ltr'><em>φησι</em></span> <span class='ocrx_word' id='word_1_76' title='bbox 228 819 405 876; x_wconf 81' lang='grc' dir='ltr'><em>Τρύφων</em></span> <span class='ocrx_word' id='word_1_77' title='bbox 438 853 448 863; x_wconf 94' lang='grc'><em>.</em></span> <span class='ocrx_word' id='word_1_78' title='bbox 470 854 480 865; x_wconf 88' lang='grc'><em>.</em></span> <span class='ocrx_word' id='word_1_79' title='bbox 545 820 618 862; x_wconf 79' lang='grc' dir='ltr'><em>ἐὰν</em></span> <span class='ocrx_word' id='word_1_80' title='bbox 638 819 714 874; x_wconf 84' lang='grc' dir='ltr'><em>μὲν</em></span> <span class='ocrx_word' id='word_1_81' title='bbox 734 818 1056 874; x_wconf 82' lang='grc' dir='ltr'><em>ὀξυτονήσωμεν,</em></span> <span class='ocrx_word' id='word_1_82' title='bbox 1089 820 1272 872; x_wconf 85' lang='grc' dir='ltr'><em>σημαίνει</em></span> <span class='ocrx_word' id='word_1_83' title='bbox 1294 819 1369 873; x_wconf 82' lang='grc' dir='ltr'><em>τὴν</em></span> <span class='ocrx_word' id='word_1_84' title='bbox 1398 813 1517 870; x_wconf 75' lang='grc' dir='ltr'><em>ἀξίαν</em></span> <span class='ocrx_word' id='word_1_85' title='bbox 1546 820 1689 872; x_wconf 83' lang='grc' dir='ltr'><em>μίσους</em></span> 
     </span>
    </p>

    <p class='ocr_par' dir='ltr' id='par_1_8' title="bbox 96 876 1691 1053">
     <span class='ocr_line' id='line_1_12' title="bbox 224 876 1691 935; baseline -0.002 -14"><span class='ocrx_word' id='word_1_86' title='bbox 224 878 297 921; x_wconf 80' lang='grc' dir='ltr'><em>ἕαν</em></span> <span class='ocrx_word' id='word_1_87' title='bbox 327 878 372 920; x_wconf 86' lang='grc' dir='ltr'><em>δὲ</em></span> <span class='ocrx_word' id='word_1_88' title='bbox 402 879 757 935; x_wconf 87' lang='grc' dir='ltr'><em>βαρυτονήσωμεν,</em></span> <span class='ocrx_word' id='word_1_89' title='bbox 798 878 874 933; x_wconf 86' lang='grc' dir='ltr'><em>τὴν</em></span> <span class='ocrx_word' id='word_1_90' title='bbox 901 885 1109 932; x_wconf 84' lang='grc' dir='ltr'><em>καταφερῆ</em></span> <span class='ocrx_word' id='word_1_91' title='bbox 1135 876 1244 931; x_wconf 81' lang='grc' dir='ltr'><em>πρὸς</em></span> <span class='ocrx_word' id='word_1_92' title='bbox 1265 877 1500 918; x_wconf 90' lang='grc' dir='ltr'><em>συνουσίαν.</em></span> <span class='ocrx_word' id='word_1_93' title='bbox 1543 879 1612 918; x_wconf 83' lang='lat' dir='ltr'>sed</span> <span class='ocrx_word' id='word_1_94' title='bbox 1642 892 1691 918; x_wconf 87' lang='lat' dir='ltr'>ea</span> 
     </span>
     <span class='ocr_line' id='line_1_13' title="bbox 94 911 1688 990; baseline -0.003 -9.946"><span class='ocrx_word' id='word_1_95' title='bbox 94 911 340 980; x_wconf 81' lang='lat' dir='ltr'>‘differentia</span> <span class='ocrx_word' id='word_1_96' title='bbox 379 941 430 979; x_wconf 82' lang='lat' dir='ltr'><em>ab</em></span> <span class='ocrx_word' id='word_1_97' title='bbox 460 939 692 980; x_wconf 84' lang='lat' dir='ltr'>Herodiano</span> <span class='ocrx_word' id='word_1_98' title='bbox 722 952 804 979; x_wconf 88' lang='lat' dir='ltr'><em>non</em></span> <span class='ocrx_word' id='word_1_99' title='bbox 835 941 999 990; x_wconf 82' lang='lat' dir='ltr'>accepta</span> <span class='ocrx_word' id='word_1_100' title='bbox 1025 939 1203 979; x_wconf 87' lang='lat' dir='ltr'>videtur&#39;</span> <span class='ocrx_word' id='word_1_101' title='bbox 1209 971 1218 980; x_wconf 89' lang='lat'><strong>.</strong></span> <span class='ocrx_word' id='word_1_102' title='bbox 1259 938 1400 978; x_wconf 78' lang='lat' dir='ltr'>LentZ.</span> <span class='ocrx_word' id='word_1_103' title='bbox 1439 937 1459 976; x_wconf 90' lang='grc' dir='ltr'>Ι</span> <span class='ocrx_word' id='word_1_104' title='bbox 1492 938 1593 987; x_wconf 90' lang='grc'><em>342,</em></span> <span class='ocrx_word' id='word_1_105' title='bbox 1637 938 1688 976; x_wconf 86' lang='grc'><em>27</em></span> 
     </span>
     <span class='ocr_line' id='line_1_14' title="bbox 96 996 969 1053; baseline -0.002 -15"><span class='ocrx_word' id='word_1_106' title='bbox 96 998 192 1038; x_wconf 77' lang='lat' dir='ltr'>adn.</span> <span class='ocrx_word' id='word_1_107' title='bbox 222 1011 364 1040; x_wconf 85' lang='lat' dir='ltr'>versus</span> <span class='ocrx_word' id='word_1_108' title='bbox 395 999 458 1038; x_wconf 88' lang='lat' dir='ltr'><em>est</em></span> <span class='ocrx_word' id='word_1_109' title='bbox 487 998 639 1038; x_wconf 80' lang='lat' dir='ltr'>oraculi</span> <span class='ocrx_word' id='word_1_110' title='bbox 670 997 821 1038; x_wconf 85' lang='lat' dir='ltr'>comice</span> <span class='ocrx_word' id='word_1_111' title='bbox 850 996 969 1053; x_wconf 26' lang='lat' dir='ltr'>ficti.-</span> 
     </span>
    </p>
   </div>
   <div class='ocr_carea' id='block_1_8' title="bbox 855 1109 939 1153">
    <p class='ocr_par' dir='ltr' id='par_1_9' title="bbox 855 1109 939 1153">
     <span class='ocr_line' id='line_1_15' title="bbox 855 1109 939 1153; baseline 0 0"><span class='ocrx_word' id='word_1_112' title='bbox 855 1109 939 1153; x_wconf 82' lang='lat'><em>317</em></span> 
     </span>
    </p>
   </div>
   <div class='ocr_carea' id='block_1_9' title="bbox 238 1188 1510 1318">
    <p class='ocr_par' dir='ltr' id='par_1_10' title="bbox 238 1188 1510 1318">
     <span class='ocr_line' id='line_1_16' title="bbox 238 1188 1510 1248; baseline -0.002 -13"><span class='ocrx_word' id='word_1_113' title='bbox 238 1192 366 1236; x_wconf 84' lang='grc' dir='ltr'><em>ἔσθιε</em></span> <span class='ocrx_word' id='word_1_114' title='bbox 397 1192 473 1235; x_wconf 87' lang='grc' dir='ltr'><em>καὶ</em></span> <span class='ocrx_word' id='word_1_115' title='bbox 504 1193 563 1248; x_wconf 83' lang='grc' dir='ltr'><em>σῇ</em></span> <span class='ocrx_word' id='word_1_116' title='bbox 594 1191 758 1246; x_wconf 77' lang='grc' dir='ltr'><em>γαστρὶ</em></span> <span class='ocrx_word' id='word_1_117' title='bbox 792 1190 926 1234; x_wconf 91' lang='grc' dir='ltr'><em>δίδου</em></span> <span class='ocrx_word' id='word_1_118' title='bbox 957 1190 1108 1246; x_wconf 81' lang='grc' dir='ltr'><em>χάριν,</em></span> <span class='ocrx_word' id='word_1_119' title='bbox 1142 1188 1266 1246; x_wconf 82' lang='grc' dir='ltr'><em>ὄφρα</em></span> <span class='ocrx_word' id='word_1_120' title='bbox 1297 1200 1349 1232; x_wconf 87' lang='grc' dir='ltr'><em>σε</em></span> <span class='ocrx_word' id='word_1_121' title='bbox 1380 1189 1510 1245; x_wconf 84' lang='grc' dir='ltr'><em>λιμὸς</em></span> 
     </span>
     <span class='ocr_line' id='line_1_17' title="bbox 245 1259 1355 1318; baseline -0.002 -14"><span class='ocrx_word' id='word_1_122' title='bbox 245 1262 454 1318; x_wconf 80' lang='grc' dir='ltr'><em>ἐχθαίρῃ,</em></span> <span class='ocrx_word' id='word_1_123' title='bbox 486 1263 672 1311; x_wconf 80' lang='grc' dir='ltr'><em>Κοννᾶς</em></span> <span class='ocrx_word' id='word_1_124' title='bbox 703 1260 753 1304; x_wconf 80' lang='grc' dir='ltr'><em>δὲ</em></span> <span class='ocrx_word' id='word_1_125' title='bbox 785 1260 1132 1317; x_wconf 82' lang='grc' dir='ltr'><em>πολυστέφανος</em></span> <span class='ocrx_word' id='word_1_126' title='bbox 1161 1259 1355 1316; x_wconf 77' lang='grc' dir='ltr'><em>νικήσει.</em></span> 
     </span>
    </p>
   </div>
   <div class='ocr_carea' id='block_1_10' title="bbox 88 1351 1695 2218">
    <p class='ocr_par' dir='ltr' id='par_1_11' title="bbox 88 1351 1695 2218">
     <span class='ocr_line' id='line_1_18' title="bbox 212 1351 1691 1408; baseline -0.003 -10"><span class='ocrx_word' id='word_1_127' title='bbox 212 1357 344 1398; x_wconf 85' lang='lat' dir='ltr'>Schol.</span> <span class='ocrx_word' id='word_1_128' title='bbox 377 1357 586 1406; x_wconf 85' lang='lat' dir='ltr'>Aristoph.</span> <span class='ocrx_word' id='word_1_129' title='bbox 618 1357 693 1408; x_wconf 86' lang='lat' dir='ltr'><em>Eq.</em></span> <span class='ocrx_word' id='word_1_130' title='bbox 718 1357 801 1396; x_wconf 84' lang='lat'><em>534</em></span> <span class='ocrx_word' id='word_1_131' title='bbox 832 1358 873 1396; x_wconf 87' lang='lat' dir='ltr'><em>et</em></span> <span class='ocrx_word' id='word_1_132' title='bbox 904 1356 1015 1396; x_wconf 82' lang='lat' dir='ltr'>Suid.</span> <span class='ocrx_word' id='word_1_133' title='bbox 1054 1356 1213 1404; x_wconf 75' lang='grc' dir='ltr'><em>Κοννᾶς</em></span> <span class='ocrx_word' id='word_1_134' title='bbox 1238 1352 1549 1407; x_wconf 85' lang='grc' dir='ltr'><em>Ὀλυμπιονίκης</em></span> <span class='ocrx_word' id='word_1_135' title='bbox 1580 1351 1691 1407; x_wconf 78' lang='grc' dir='ltr'><em>γενό-</em></span> 
     </span>
     <span class='ocr_line' id='line_1_19' title="bbox 93 1409 1694 1468; baseline -0.002 -13"><span class='ocrx_word' id='word_1_136' title='bbox 93 1429 213 1468; x_wconf 84' lang='grc' dir='ltr'><em>μενος</em></span> <span class='ocrx_word' id='word_1_137' title='bbox 251 1413 321 1454; x_wconf 83' lang='grc' dir='ltr'><em>καὶ</em></span> <span class='ocrx_word' id='word_1_138' title='bbox 357 1413 548 1463; x_wconf 75' lang='grc' dir='ltr'><em>πολλάκις</em></span> <span class='ocrx_word' id='word_1_139' title='bbox 588 1412 865 1463; x_wconf 82' lang='grc' dir='ltr'><em>στεφανωθεὶς</em></span> <span class='ocrx_word' id='word_1_140' title='bbox 901 1411 1090 1466; x_wconf 87' lang='grc' dir='ltr'><em>πενιχρὸς</em></span> <span class='ocrx_word' id='word_1_141' title='bbox 1129 1414 1185 1465; x_wconf 83' lang='grc' dir='ltr'><em>ἠν</em></span> <span class='ocrx_word' id='word_1_142' title='bbox 1221 1411 1349 1465; x_wconf 81' lang='grc' dir='ltr'><em>μηδὲν</em></span> <span class='ocrx_word' id='word_1_143' title='bbox 1396 1411 1498 1465; x_wconf 87' lang='grc' dir='ltr'><em>ε’χων</em></span> <span class='ocrx_word' id='word_1_144' title='bbox 1534 1409 1622 1452; x_wconf 75' lang='grc' dir='ltr'><em>ἀλλ’</em></span> <span class='ocrx_word' id='word_1_145' title='bbox 1666 1410 1694 1464; x_wconf 81' lang='grc' dir='ltr'><em>ἢ</em></span> 
     </span>
     <span class='ocr_line' id='line_1_20' title="bbox 95 1466 1693 1526; baseline -0.003 -13"><span class='ocrx_word' id='word_1_146' title='bbox 95 1471 168 1513; x_wconf 86' lang='grc' dir='ltr'><em>τὸν</em></span> <span class='ocrx_word' id='word_1_147' title='bbox 197 1471 372 1525; x_wconf 85' lang='grc' dir='ltr'><em>κότινον,</em></span> <span class='ocrx_word' id='word_1_148' title='bbox 406 1468 482 1526; x_wconf 81' lang='grc' dir='ltr'><em>ἐφ’</em></span> <span class='ocrx_word' id='word_1_149' title='bbox 515 1487 564 1512; x_wconf 91' lang='grc' dir='ltr'><em>ου</em></span> <span class='ocrx_word' id='word_1_150' title='bbox 598 1473 798 1522; x_wconf 85' lang='grc' dir='ltr'><em>Κρατῖνος</em></span> <span class='ocrx_word' id='word_1_151' title='bbox 830 1466 942 1512; x_wconf 80' lang='grc' dir='ltr'><em>εἶπεν</em></span> <span class='ocrx_word' id='word_1_152' title='bbox 973 1470 1086 1511; x_wconf 75' lang='grc' dir='ltr'><em>ἔσθιε</em></span> <span class='ocrx_word' id='word_1_153' title='bbox 1116 1473 1198 1510; x_wconf 88' lang='grc' dir='ltr'><em>κτλ.</em></span> <span class='ocrx_word' id='word_1_154' title='bbox 1230 1468 1549 1524; x_wconf 78' lang='grc' dir='ltr'><em>πολυστέφανος]</em></span> <span class='ocrx_word' id='word_1_155' title='bbox 1583 1472 1693 1521; x_wconf 86' lang='grc' dir='ltr'><em>φιλο-</em></span> 
     </span>
     <span class='ocr_line' id='line_1_21' title="bbox 97 1526 1689 1585; baseline -0.001 -15"><span class='ocrx_word' id='word_1_156' title='bbox 97 1528 296 1582; x_wconf 82' lang='grc' dir='ltr'><em>στέφανος</em></span> <span class='ocrx_word' id='word_1_157' title='bbox 329 1531 440 1572; x_wconf 82' lang='lat' dir='ltr'>Suid.</span> <span class='ocrx_word' id='word_1_158' title='bbox 472 1526 644 1584; x_wconf 85' lang='grc' dir='ltr'><em>νικήσει]</em></span> <span class='ocrx_word' id='word_1_159' title='bbox 678 1542 722 1570; x_wconf 93' lang='grc' dir='ltr'><em>σε</em></span> <span class='ocrx_word' id='word_1_160' title='bbox 753 1528 903 1585; x_wconf 81' lang='grc' dir='ltr'><em>φιλήσῃ</em></span> <span class='ocrx_word' id='word_1_161' title='bbox 935 1530 1045 1571; x_wconf 81' lang='lat' dir='ltr'>Suid.</span> <span class='ocrx_word' id='word_1_162' title='bbox 1075 1543 1157 1569; x_wconf 88' lang='lat' dir='ltr'><em>non</em></span> <span class='ocrx_word' id='word_1_163' title='bbox 1189 1530 1339 1570; x_wconf 81' lang='lat' dir='ltr'>scholia</span> <span class='ocrx_word' id='word_1_164' title='bbox 1369 1543 1416 1569; x_wconf 84' lang='lat' dir='ltr'>ex</span> <span class='ocrx_word' id='word_1_165' title='bbox 1450 1530 1586 1578; x_wconf 82' lang='lat' dir='ltr'>Suida,</span> <span class='ocrx_word' id='word_1_166' title='bbox 1621 1529 1689 1568; x_wconf 88' lang='lat' dir='ltr'>sed</span> 
     </span>
     <span class='ocr_line' id='line_1_22' title="bbox 95 1588 1695 1638; baseline -0.003 -9"><span class='ocrx_word' id='word_1_167' title='bbox 95 1589 261 1629; x_wconf 83' lang='lat' dir='ltr'>Suidam</span> <span class='ocrx_word' id='word_1_168' title='bbox 292 1603 339 1629; x_wconf 84' lang='lat' dir='ltr'>ex</span> <span class='ocrx_word' id='word_1_169' title='bbox 366 1589 544 1629; x_wconf 23' lang='lat' dir='ltr'>,scholiis</span> <span class='ocrx_word' id='word_1_170' title='bbox 582 1588 879 1629; x_wconf 81' lang='lat' dir='ltr'>emendandum</span> <span class='ocrx_word' id='word_1_171' title='bbox 919 1601 1005 1628; x_wconf 85' lang='lat' dir='ltr'>esse</span> <span class='ocrx_word' id='word_1_172' title='bbox 1044 1590 1215 1629; x_wconf 86' lang='lat' dir='ltr'>constat.</span> <span class='ocrx_word' id='word_1_173' title='bbox 1274 1601 1515 1638; x_wconf 88' lang='lat' dir='ltr'><strong>quamquam</strong></span> <span class='ocrx_word' id='word_1_174' title='bbox 1551 1588 1695 1626; x_wconf 88' lang='lat' dir='ltr'>neuter</span> 
     </span>
     <span class='ocr_line' id='line_1_23' title="bbox 98 1641 1689 1698; baseline -0.003 -11"><span class='ocrx_word' id='word_1_175' title='bbox 98 1660 188 1687; x_wconf 79' lang='lat' dir='ltr'>mea</span> <span class='ocrx_word' id='word_1_176' title='bbox 218 1648 421 1687; x_wconf 83' lang='lat' dir='ltr'>sententia</span> <span class='ocrx_word' id='word_1_177' title='bbox 450 1648 558 1698; x_wconf 90' lang='lat' dir='ltr'>quod</span> <span class='ocrx_word' id='word_1_178' title='bbox 590 1649 713 1698; x_wconf 80' lang='lat' dir='ltr'>poeta</span> <span class='ocrx_word' id='word_1_179' title='bbox 745 1646 908 1697; x_wconf 74' lang='lat' dir='ltr'>scripsit</span> <span class='ocrx_word' id='word_1_180' title='bbox 947 1646 1137 1687; x_wconf 84' lang='lat' dir='ltr'>servavit.</span> <span class='ocrx_word' id='word_1_181' title='bbox 1200 1645 1458 1686; x_wconf 83' lang='lat' dir='ltr'>scribendum</span> <span class='ocrx_word' id='word_1_182' title='bbox 1498 1641 1689 1683; x_wconf 85' lang='grc' dir='ltr'><em>πολυστέ-</em></span> 
     </span>
     <span class='ocr_line' id='line_1_24' title="bbox 100 1700 1693 1756; baseline -0.002 -13"><span class='ocrx_word' id='word_1_183' title='bbox 100 1702 231 1755; x_wconf 85' lang='grc' dir='ltr'><em>φανός</em></span> <span class='ocrx_word' id='word_1_184' title='bbox 263 1707 305 1744; x_wconf 90' lang='lat' dir='ltr'><em>et</em></span> <span class='ocrx_word' id='word_1_185' title='bbox 334 1705 441 1756; x_wconf 90' lang='lat' dir='ltr'>quod</span> <span class='ocrx_word' id='word_1_186' title='bbox 471 1706 588 1745; x_wconf 83' lang='lat' dir='ltr'>unice</span> <span class='ocrx_word' id='word_1_187' title='bbox 619 1705 712 1744; x_wconf 89' lang='lat' dir='ltr'>huic</span> <span class='ocrx_word' id='word_1_188' title='bbox 742 1704 920 1755; x_wconf 84' lang='lat' dir='ltr'>epitheto</span> <span class='ocrx_word' id='word_1_189' title='bbox 953 1704 1145 1744; x_wconf 85' lang='lat' dir='ltr'>convenit</span> <span class='ocrx_word' id='word_1_190' title='bbox 1176 1705 1216 1743; x_wconf 88' lang='lat' dir='ltr'><em>et</em></span> <span class='ocrx_word' id='word_1_191' title='bbox 1246 1703 1360 1742; x_wconf 81' lang='lat' dir='ltr'>facile</span> <span class='ocrx_word' id='word_1_192' title='bbox 1392 1703 1434 1742; x_wconf 91' lang='lat' dir='ltr'>in</span> <span class='ocrx_word' id='word_1_193' title='bbox 1466 1713 1510 1742; x_wconf 90' lang='grc' dir='ltr'><em>σε</em></span> <span class='ocrx_word' id='word_1_194' title='bbox 1544 1700 1693 1756; x_wconf 80' lang='grc' dir='ltr'><em>νικήσῃ</em></span> 
     </span>
     <span class='ocr_line' id='line_1_25' title="bbox 100 1758 1694 1816; baseline -0.002 -14"><span class='ocrx_word' id='word_1_195' title='bbox 100 1763 250 1802; x_wconf 83' lang='lat' dir='ltr'>mutari</span> <span class='ocrx_word' id='word_1_196' title='bbox 280 1764 439 1814; x_wconf 87' lang='lat' dir='ltr'>poterat</span> <span class='ocrx_word' id='word_1_197' title='bbox 470 1758 511 1800; x_wconf 87' lang='lat'><em>6&#39;</em></span> <span class='ocrx_word' id='word_1_198' title='bbox 534 1758 776 1816; x_wconf 83' lang='grc' dir='ltr'><em>ἆναδήσῃ.</em></span> <span class='ocrx_word' id='word_1_199' title='bbox 811 1761 985 1810; x_wconf 74' lang='lat' dir='ltr'>Connus,</span> <span class='ocrx_word' id='word_1_200' title='bbox 1018 1762 1067 1801; x_wconf 86' lang='lat' dir='ltr'>de</span> <span class='ocrx_word' id='word_1_201' title='bbox 1099 1775 1178 1812; x_wconf 87' lang='lat' dir='ltr'><em>quo</em></span> <span class='ocrx_word' id='word_1_202' title='bbox 1209 1762 1259 1801; x_wconf 87' lang='lat' dir='ltr'><em>cf.</em></span> <span class='ocrx_word' id='word_1_203' title='bbox 1282 1761 1488 1812; x_wconf 85' lang='lat' dir='ltr'>Aristoph.</span> <span class='ocrx_word' id='word_1_204' title='bbox 1512 1761 1587 1811; x_wconf 86' lang='lat' dir='ltr'><em>Eq.</em></span> <span class='ocrx_word' id='word_1_205' title='bbox 1611 1761 1694 1800; x_wconf 84' lang='lat'><em>534</em></span> 
     </span>
     <span class='ocr_line' id='line_1_26' title="bbox 97 1819 1694 1872; baseline -0.003 -11"><span class='ocrx_word' id='word_1_206' title='bbox 97 1834 189 1861; x_wconf 90' lang='lat' dir='ltr'><em>cum</em></span> <span class='ocrx_word' id='word_1_207' title='bbox 220 1821 390 1872; x_wconf 77' lang='lat' dir='ltr'><strong>interpr.</strong></span> <span class='ocrx_word' id='word_1_208' title='bbox 423 1822 465 1860; x_wconf 89' lang='lat' dir='ltr'><em>et</em></span> <span class='ocrx_word' id='word_1_209' title='bbox 495 1821 755 1871; x_wconf 86' lang='lat' dir='ltr'>cognomines</span> <span class='ocrx_word' id='word_1_210' title='bbox 788 1820 1009 1872; x_wconf 81' lang='lat' dir='ltr'>Phrynichi</span> <span class='ocrx_word' id='word_1_211' title='bbox 1030 1821 1072 1859; x_wconf 89' lang='lat' dir='ltr'><em>et</em></span> <span class='ocrx_word' id='word_1_212' title='bbox 1091 1819 1298 1870; x_wconf 84' lang='lat' dir='ltr'>Amipsiae</span> <span class='ocrx_word' id='word_1_213' title='bbox 1329 1819 1504 1866; x_wconf 82' lang='lat' dir='ltr'>fabulae,</span> <span class='ocrx_word' id='word_1_214' title='bbox 1537 1831 1694 1869; x_wconf 83' lang='lat' dir='ltr'><strong>semper</strong></span> 
     </span>
     <span class='ocr_line' id='line_1_27' title="bbox 94 1876 1693 1929; baseline -0.003 -11"><span class='ocrx_word' id='word_1_215' title='bbox 94 1878 275 1919; x_wconf 85' lang='lat' dir='ltr'>esuriens</span> <span class='ocrx_word' id='word_1_216' title='bbox 306 1878 462 1927; x_wconf 78' lang='lat' dir='ltr'>edenti,</span> <span class='ocrx_word' id='word_1_217' title='bbox 494 1881 542 1918; x_wconf 89' lang='lat' dir='ltr'>ut</span> <span class='ocrx_word' id='word_1_218' title='bbox 571 1879 658 1929; x_wconf 89' lang='lat' dir='ltr'>ipse</span> <span class='ocrx_word' id='word_1_219' title='bbox 688 1891 847 1929; x_wconf 86' lang='lat' dir='ltr'>quoque</span> <span class='ocrx_word' id='word_1_220' title='bbox 880 1891 999 1917; x_wconf 86' lang='lat' dir='ltr'>cenae</span> <span class='ocrx_word' id='word_1_221' title='bbox 1039 1880 1197 1928; x_wconf 86' lang='lat' dir='ltr'>partem</span> <span class='ocrx_word' id='word_1_222' title='bbox 1236 1877 1427 1926; x_wconf 82' lang='lat' dir='ltr'>accipiat,</span> <span class='ocrx_word' id='word_1_223' title='bbox 1467 1877 1515 1915; x_wconf 91' lang='lat' dir='ltr'>de</span> <span class='ocrx_word' id='word_1_224' title='bbox 1553 1876 1693 1915; x_wconf 86' lang='lat' dir='ltr'>multis</span> 
     </span>
     <span class='ocr_line' id='line_1_28' title="bbox 92 1931 1694 1984; baseline -0.003 -8"><span class='ocrx_word' id='word_1_225' title='bbox 92 1937 175 1976; x_wconf 85' lang='lat' dir='ltr'>suis</span> <span class='ocrx_word' id='word_1_226' title='bbox 217 1937 373 1976; x_wconf 85' lang='lat' dir='ltr'>coronis</span> <span class='ocrx_word' id='word_1_227' title='bbox 410 1950 532 1976; x_wconf 82' lang='lat' dir='ltr'>unam</span> <span class='ocrx_word' id='word_1_228' title='bbox 573 1937 702 1976; x_wconf 86' lang='lat' dir='ltr'>offert.</span> <span class='ocrx_word' id='word_1_229' title='bbox 744 1936 792 1975; x_wconf 91' lang='lat' dir='ltr'>de</span> <span class='ocrx_word' id='word_1_230' title='bbox 832 1936 956 1975; x_wconf 89' lang='lat' dir='ltr'>verbo</span> <span class='ocrx_word' id='word_1_231' title='bbox 1001 1931 1172 1974; x_wconf 77' lang='grc' dir='ltr'><em>ἀναδεῖν</em></span> <span class='ocrx_word' id='word_1_232' title='bbox 1217 1934 1265 1974; x_wconf 88' lang='lat' dir='ltr'><em>cf.</em></span> <span class='ocrx_word' id='word_1_233' title='bbox 1310 1934 1418 1984; x_wconf 88' lang='lat' dir='ltr'>quod</span> <span class='ocrx_word' id='word_1_234' title='bbox 1464 1933 1694 1984; x_wconf 85' lang='lat' dir='ltr'>exemplum</span> 
     </span>
     <span class='ocr_line' id='line_1_29' title="bbox 90 1991 1691 2044; baseline -0.003 -10"><span class='ocrx_word' id='word_1_235' title='bbox 90 1994 271 2034; x_wconf 80' lang='lat' dir='ltr'>omnium</span> <span class='ocrx_word' id='word_1_236' title='bbox 300 1994 429 2034; x_wconf 87' lang='lat' dir='ltr'>instar</span> <span class='ocrx_word' id='word_1_237' title='bbox 459 1996 522 2033; x_wconf 90' lang='lat' dir='ltr'><em>est</em></span> <span class='ocrx_word' id='word_1_238' title='bbox 550 1994 655 2033; x_wconf 85' lang='lat' dir='ltr'>Plat.</span> <span class='ocrx_word' id='word_1_239' title='bbox 689 1993 830 2044; x_wconf 82' lang='lat' dir='ltr'>Symp.</span> <span class='ocrx_word' id='word_1_240' title='bbox 855 1994 937 2032; x_wconf 90' lang='grc'><em>212</em></span> <span class='ocrx_word' id='word_1_241' title='bbox 959 2006 980 2032; x_wconf 92' lang='lat' dir='ltr'>e</span> <span class='ocrx_word' id='word_1_242' title='bbox 1012 1993 1210 2032; x_wconf 84' lang='lat' dir='ltr'>213ade.</span> <span class='ocrx_word' id='word_1_243' title='bbox 1245 1991 1400 2031; x_wconf 84' lang='lat' dir='ltr'>Cratini</span> <span class='ocrx_word' id='word_1_244' title='bbox 1426 2005 1566 2031; x_wconf 86' lang='lat' dir='ltr'>versus</span> <span class='ocrx_word' id='word_1_245' title='bbox 1596 2004 1691 2041; x_wconf 83' lang='lat' dir='ltr'>par-</span> 
     </span>
     <span class='ocr_line' id='line_1_30' title="bbox 90 2046 1691 2116; baseline -0.003 -25"><span class='ocrx_word' id='word_1_246' title='bbox 90 2051 182 2091; x_wconf 85' lang='lat' dir='ltr'>odia</span> <span class='ocrx_word' id='word_1_247' title='bbox 221 2053 316 2091; x_wconf 91' lang='lat' dir='ltr'>sunt</span> <span class='ocrx_word' id='word_1_248' title='bbox 354 2051 645 2091; x_wconf 86' lang='lat' dir='ltr'>Hesiodeorum</span> <span class='ocrx_word' id='word_1_249' title='bbox 684 2051 761 2102; x_wconf 88' lang='lat' dir='ltr'><em>Op.</em></span> <span class='ocrx_word' id='word_1_250' title='bbox 786 2052 867 2091; x_wconf 88' lang='grc'><em>299</em></span> <span class='ocrx_word' id='word_1_251' title='bbox 901 2048 1078 2103; x_wconf 78' lang='grc' dir='ltr'><em>ἐργάζευ,</em></span> <span class='ocrx_word' id='word_1_252' title='bbox 1112 2047 1262 2116; x_wconf 80' lang='grc' dir='ltr'><em>Πέρση,</em></span> <span class='ocrx_word' id='word_1_253' title='bbox 1296 2046 1386 2088; x_wconf 80' lang='grc' dir='ltr'><em>δῖον</em></span> <span class='ocrx_word' id='word_1_254' title='bbox 1417 2048 1550 2101; x_wconf 78' lang='grc' dir='ltr'><em>γένος,</em></span> <span class='ocrx_word' id='word_1_255' title='bbox 1583 2046 1691 2100; x_wconf 82' lang='grc' dir='ltr'><em>ὄφρα</em></span> 
     </span>
     <span class='ocr_line' id='line_1_31' title="bbox 89 2102 1689 2163; baseline -0.001 -16"><span class='ocrx_word' id='word_1_256' title='bbox 89 2118 133 2148; x_wconf 87' lang='grc' dir='ltr'><em>σε</em></span> <span class='ocrx_word' id='word_1_257' title='bbox 164 2106 273 2160; x_wconf 87' lang='grc' dir='ltr'><em>λιμὸς</em></span> <span class='ocrx_word' id='word_1_258' title='bbox 313 2106 503 2163; x_wconf 83' lang='grc' dir='ltr'><em>ἐχθαίρῃ,</em></span> <span class='ocrx_word' id='word_1_259' title='bbox 542 2105 659 2162; x_wconf 82' lang='grc' dir='ltr'><em>φιλέῃ</em></span> <span class='ocrx_word' id='word_1_260' title='bbox 695 2105 741 2147; x_wconf 85' lang='grc' dir='ltr'><em>δέ</em></span> <span class='ocrx_word' id='word_1_261' title='bbox 777 2106 815 2146; x_wconf 90' lang='grc' dir='ltr'><em>σ’</em></span> <span class='ocrx_word' id='word_1_262' title='bbox 855 2105 1101 2158; x_wconf 78' lang='grc' dir='ltr'><em>ἐυστέφανος</em></span> <span class='ocrx_word' id='word_1_263' title='bbox 1144 2102 1347 2159; x_wconf 82' lang='grc' dir='ltr'><em>Δημήτηρ.</em></span> <span class='ocrx_word' id='word_1_264' title='bbox 1410 2107 1459 2145; x_wconf 83' lang='lat' dir='ltr'><em>ad</em></span> <span class='ocrx_word' id='word_1_265' title='bbox 1509 2106 1689 2146; x_wconf 83' lang='lat' dir='ltr'>Eunidas</span> 
     </span>
     <span class='ocr_line' id='line_1_32' title="bbox 88 2162 1687 2218; baseline -0.002 -12"><span class='ocrx_word' id='word_1_266' title='bbox 88 2167 289 2218; x_wconf 86' lang='lat' dir='ltr'>Bergkius</span> <span class='ocrx_word' id='word_1_267' title='bbox 334 2166 380 2205; x_wconf 86' lang='lat' dir='ltr'><em>R.</em></span> <span class='ocrx_word' id='word_1_268' title='bbox 419 2179 454 2206; x_wconf 87' lang='lat' dir='ltr'><em>c.</em></span> <span class='ocrx_word' id='word_1_269' title='bbox 492 2167 581 2206; x_wconf 89' lang='lat' dir='ltr'><em>Att</em></span> <span class='ocrx_word' id='word_1_270' title='bbox 620 2168 687 2206; x_wconf 80' lang='lat'><em>71.</em></span> <span class='ocrx_word' id='word_1_271' title='bbox 729 2168 776 2215; x_wconf 88' lang='grc'><em>2,</em></span> <span class='ocrx_word' id='word_1_272' title='bbox 815 2167 867 2205; x_wconf 84' lang='lat' dir='ltr'><em>ad</em></span> <span class='ocrx_word' id='word_1_273' title='bbox 912 2166 1172 2206; x_wconf 83' lang='lat' dir='ltr'>Archilochos</span> <span class='ocrx_word' id='word_1_274' title='bbox 1218 2165 1465 2204; x_wconf 86' lang='lat' dir='ltr'>Fritzschius</span> <span class='ocrx_word' id='word_1_275' title='bbox 1524 2162 1687 2210; x_wconf 80' lang='lat' dir='ltr'>Quaest.</span> 
     </span>
    </p>
   </div>
   <div class='ocr_carea' id='block_1_11' title="bbox 15 2219 1520 2290">
    <p class='ocr_par' dir='ltr' id='par_1_12' title="bbox 15 2219 1520 2290">
     <span class='ocr_line' id='line_1_33' title="bbox 15 2219 1520 2290; baseline -0.002 -26"><span class='ocrx_word' id='word_1_276' title='bbox 15 2225 17 2227; x_wconf 77' lang='grc'><strong>’</strong></span> <span class='ocrx_word' id='word_1_277' title='bbox 87 2224 214 2264; x_wconf 81' lang='lat' dir='ltr'>Arist.</span> <span class='ocrx_word' id='word_1_278' title='bbox 244 2224 264 2263; x_wconf 94' lang='grc' dir='ltr'>Ι</span> <span class='ocrx_word' id='word_1_279' title='bbox 295 2225 375 2263; x_wconf 91' lang='grc'><em>241</em></span> <span class='ocrx_word' id='word_1_280' title='bbox 408 2225 506 2264; x_wconf 82' lang='lat' dir='ltr'>haec</span> <span class='ocrx_word' id='word_1_281' title='bbox 535 2224 777 2274; x_wconf 74' lang='lat' dir='ltr'>referebant,</span> <span class='ocrx_word' id='word_1_282' title='bbox 808 2237 889 2263; x_wconf 89' lang='lat' dir='ltr'><em>non</em></span> <span class='ocrx_word' id='word_1_283' title='bbox 920 2223 1066 2290; x_wconf 55' lang='lat' dir='ltr'>magyla</span> <span class='ocrx_word' id='word_1_284' title='bbox 1095 2237 1186 2263; x_wconf 88' lang='lat' dir='ltr'><em>cum</em></span> <span class='ocrx_word' id='word_1_285' title='bbox 1217 2219 1520 2273; x_wconf 75' lang='lat' dir='ltr'>probabilitate.</span> 
     </span>
    </p>
   </div>
   <div class='ocr_carea' id='block_1_12' title="bbox 150 2335 1627 2473">
    <p class='ocr_par' dir='ltr' id='par_1_13' title="bbox 150 2335 1627 2473">
     <span class='ocr_line' id='line_1_34' title="bbox 857 2335 942 2379; baseline 0 0"><span class='ocrx_word' id='word_1_286' title='bbox 857 2335 942 2379; x_wconf 89' lang='lat'><em>318</em></span> 
     </span>
     <span class='ocr_line' id='line_1_35' title="bbox 150 2408 1627 2473; baseline -0.003 -13"><span class='ocrx_word' id='word_1_287' title='bbox 150 2418 400 2473; x_wconf 82' lang='grc' dir='ltr'><em>φαίνεσθαι</em></span> <span class='ocrx_word' id='word_1_288' title='bbox 430 2418 618 2473; x_wconf 82' lang='grc' dir='ltr'><em>χρυσῆν,</em></span> <span class='ocrx_word' id='word_1_289' title='bbox 650 2414 751 2460; x_wconf 84' lang='grc' dir='ltr'><em>κατ’</em></span> <span class='ocrx_word' id='word_1_290' title='bbox 783 2414 953 2472; x_wconf 77' lang='grc' dir='ltr'><em>ἀγροὺς</em></span> <span class='ocrx_word' id='word_1_291' title='bbox 984 2413 1025 2458; x_wconf 83' lang='grc' dir='ltr'><em>δ’</em></span> <span class='ocrx_word' id='word_1_292' title='bbox 1061 2408 1199 2466; x_wconf 77' lang='grc' dir='ltr'><em>αὖθις</em></span> <span class='ocrx_word' id='word_1_293' title='bbox 1230 2408 1289 2458; x_wconf 82' lang='grc' dir='ltr'><em>αὖ</em></span> <span class='ocrx_word' id='word_1_294' title='bbox 1319 2414 1627 2470; x_wconf 86' lang='grc' dir='ltr'><em>μολυβδίνην.</em></span> 
     </span>
    </p>
   </div>
   <div class='ocr_carea' id='block_1_13' title="bbox 89 2502 1689 2964">
    <p class='ocr_par' dir='ltr' id='par_1_14' title="bbox 89 2502 1689 2964">
     <span class='ocr_line' id='line_1_36' title="bbox 207 2502 1676 2563; baseline -0.003 -11"><span class='ocrx_word' id='word_1_295' title='bbox 207 2513 382 2553; x_wconf 79' lang='lat' dir='ltr'>Zonaras</span> <span class='ocrx_word' id='word_1_296' title='bbox 416 2513 526 2552; x_wconf 79' lang='lat'><strong>1366</strong></span> <span class='ocrx_word' id='word_1_297' title='bbox 557 2511 598 2551; x_wconf 85' lang='grc' dir='ltr'><em>οἷ</em></span> <span class='ocrx_word' id='word_1_298' title='bbox 619 2508 789 2551; x_wconf 82' lang='grc' dir='ltr'><em>Ἀττικοὶ</em></span> <span class='ocrx_word' id='word_1_299' title='bbox 816 2509 1024 2563; x_wconf 84' lang='grc' dir='ltr'><em>μόλυβδον</em></span> <span class='ocrx_word' id='word_1_300' title='bbox 1053 2509 1121 2549; x_wconf 81' lang='grc' dir='ltr'><em>καὶ</em></span> <span class='ocrx_word' id='word_1_301' title='bbox 1150 2508 1410 2562; x_wconf 82' lang='grc' dir='ltr'><em>μολύβδινον.</em></span> <span class='ocrx_word' id='word_1_302' title='bbox 1458 2502 1501 2547; x_wconf 85' lang='grc' dir='ltr'><em>τὸ</em></span> <span class='ocrx_word' id='word_1_303' title='bbox 1532 2507 1577 2547; x_wconf 82' lang='grc' dir='ltr'><em>δὲ</em></span> <span class='ocrx_word' id='word_1_304' title='bbox 1607 2523 1676 2560; x_wconf 87' lang='grc' dir='ltr'><em>μο-</em></span> 
     </span>
     <span class='ocr_line' id='line_1_37' title="bbox 90 2566 1682 2622; baseline -0.002 -13"><span class='ocrx_word' id='word_1_305' title='bbox 90 2569 244 2621; x_wconf 85' lang='grc' dir='ltr'><em>λυβοῦν</em></span> <span class='ocrx_word' id='word_1_306' title='bbox 274 2566 447 2621; x_wconf 79' lang='grc' dir='ltr'><em>ἐσχάτως</em></span> <span class='ocrx_word' id='word_1_307' title='bbox 478 2567 686 2622; x_wconf 86' lang='grc' dir='ltr'><em>βάρβαρον</em></span> <span class='ocrx_word' id='word_1_308' title='bbox 716 2600 725 2609; x_wconf 91' lang='grc'><em>.</em></span> <span class='ocrx_word' id='word_1_309' title='bbox 749 2570 1021 2621; x_wconf 85' lang='grc' dir='ltr'><em>..Κρατῖνος</em></span> <span class='ocrx_word' id='word_1_310' title='bbox 1052 2567 1278 2618; x_wconf 83' lang='grc' dir='ltr'><em>φαίνεσθαι</em></span> <span class='ocrx_word' id='word_1_311' title='bbox 1315 2568 1397 2605; x_wconf 87' lang='grc' dir='ltr'><em>κτλ.</em></span> <span class='ocrx_word' id='word_1_312' title='bbox 1438 2580 1578 2607; x_wconf 86' lang='lat' dir='ltr'>versus</span> <span class='ocrx_word' id='word_1_313' title='bbox 1619 2569 1682 2607; x_wconf 86' lang='lat' dir='ltr'><em>est</em></span> 
     </span>
     <span class='ocr_line' id='line_1_38' title="bbox 90 2621 1677 2679; baseline -0.003 -13"><span class='ocrx_word' id='word_1_314' title='bbox 90 2627 351 2678; x_wconf 78' lang='lat' dir='ltr'>Eupolideus.</span> <span class='ocrx_word' id='word_1_315' title='bbox 410 2628 535 2668; x_wconf 84' lang='lat' dir='ltr'>verba</span> <span class='ocrx_word' id='word_1_316' title='bbox 564 2623 652 2666; x_wconf 84' lang='grc' dir='ltr'><em>κατ’</em></span> <span class='ocrx_word' id='word_1_317' title='bbox 684 2623 833 2679; x_wconf 77' lang='grc' dir='ltr'><em>ἀγρούς</em></span> <span class='ocrx_word' id='word_1_318' title='bbox 864 2627 1143 2667; x_wconf 83' lang='lat' dir='ltr'>demonstrant</span> <span class='ocrx_word' id='word_1_319' title='bbox 1171 2625 1432 2665; x_wconf 75' lang='lat' dir='ltr'>antecessisse</span> <span class='ocrx_word' id='word_1_320' title='bbox 1453 2621 1498 2663; x_wconf 84' lang='grc' dir='ltr'><em>ἐν</em></span> <span class='ocrx_word' id='word_1_321' title='bbox 1525 2621 1600 2675; x_wconf 83' lang='grc' dir='ltr'><em>μὲν</em></span> <span class='ocrx_word' id='word_1_322' title='bbox 1630 2638 1677 2678; x_wconf 89' lang='grc' dir='ltr'><em>τῃ</em></span> 
     </span>
     <span class='ocr_line' id='line_1_39' title="bbox 89 2680 1679 2736; baseline -0.003 -12"><span class='ocrx_word' id='word_1_323' title='bbox 89 2680 202 2724; x_wconf 79' lang='grc' dir='ltr'><em>πόλει</em></span> <span class='ocrx_word' id='word_1_324' title='bbox 231 2685 295 2725; x_wconf 86' lang='lat' dir='ltr'>vel</span> <span class='ocrx_word' id='word_1_325' title='bbox 323 2685 407 2725; x_wconf 80' lang='lat' dir='ltr'>tale</span> <span class='ocrx_word' id='word_1_326' title='bbox 437 2686 547 2736; x_wconf 87' lang='lat' dir='ltr'>quid.</span> <span class='ocrx_word' id='word_1_327' title='bbox 579 2686 795 2736; x_wconf 72' lang='lat' dir='ltr'><em>Hyperboli</em></span> <span class='ocrx_word' id='word_1_328' title='bbox 825 2686 1021 2734; x_wconf 84' lang='lat' dir='ltr'>lucernas,</span> <span class='ocrx_word' id='word_1_329' title='bbox 1055 2683 1304 2723; x_wconf 83' lang='lat' dir='ltr'>extrinsecus</span> <span class='ocrx_word' id='word_1_330' title='bbox 1336 2695 1488 2730; x_wconf 81' lang='lat' dir='ltr'>aureas,</span> <span class='ocrx_word' id='word_1_331' title='bbox 1510 2695 1554 2721; x_wconf 90' lang='lat' dir='ltr'>re</span> <span class='ocrx_word' id='word_1_332' title='bbox 1585 2695 1679 2721; x_wconf 85' lang='lat' dir='ltr'>vera</span> 
     </span>
     <span class='ocr_line' id='line_1_40' title="bbox 90 2739 1684 2794; baseline -0.002 -12"><span class='ocrx_word' id='word_1_333' title='bbox 90 2743 299 2794; x_wconf 86' lang='lat' dir='ltr'>plumbeas</span> <span class='ocrx_word' id='word_1_334' title='bbox 342 2743 608 2794; x_wconf 87' lang='lat' dir='ltr'>intellegebat</span> <span class='ocrx_word' id='word_1_335' title='bbox 653 2743 851 2793; x_wconf 84' lang='lat' dir='ltr'>Bergkius</span> <span class='ocrx_word' id='word_1_336' title='bbox 891 2742 937 2781; x_wconf 87' lang='lat' dir='ltr'><em>R.</em></span> <span class='ocrx_word' id='word_1_337' title='bbox 980 2755 1012 2784; x_wconf 87' lang='lat' dir='ltr'><em>c.</em></span> <span class='ocrx_word' id='word_1_338' title='bbox 1052 2741 1142 2780; x_wconf 90' lang='lat' dir='ltr'>Att.</span> <span class='ocrx_word' id='word_1_339' title='bbox 1185 2741 1280 2779; x_wconf 84' lang='grc'><em>249.</em></span> <span class='ocrx_word' id='word_1_340' title='bbox 1307 2740 1361 2779; x_wconf 89' lang='grc'><em>50</em></span> <span class='ocrx_word' id='word_1_341' title='bbox 1401 2740 1503 2779; x_wconf 90' lang='lat' dir='ltr'>conl.</span> <span class='ocrx_word' id='word_1_342' title='bbox 1555 2739 1684 2779; x_wconf 83' lang='lat' dir='ltr'>Schol.</span> 
     </span>
     <span class='ocr_line' id='line_1_41' title="bbox 93 2795 1684 2851; baseline -0.001 -12"><span class='ocrx_word' id='word_1_343' title='bbox 93 2799 300 2851; x_wconf 84' lang='lat' dir='ltr'>Aristoph.</span> <span class='ocrx_word' id='word_1_344' title='bbox 339 2800 448 2839; x_wconf 80' lang='lat' dir='ltr'>Nub.</span> <span class='ocrx_word' id='word_1_345' title='bbox 491 2800 616 2839; x_wconf 86' lang='lat'>1065.</span> <span class='ocrx_word' id='word_1_346' title='bbox 676 2813 750 2840; x_wconf 90' lang='lat' dir='ltr'>nec</span> <span class='ocrx_word' id='word_1_347' title='bbox 787 2800 1035 2851; x_wconf 78' lang='lat' dir='ltr'>probabilior</span> <span class='ocrx_word' id='word_1_348' title='bbox 1074 2798 1208 2849; x_wconf 88' lang='lat' dir='ltr'>opinio</span> <span class='ocrx_word' id='word_1_349' title='bbox 1252 2797 1555 2837; x_wconf 84' lang='lat' dir='ltr'>Wilamowitzii</span> <span class='ocrx_word' id='word_1_350' title='bbox 1589 2795 1684 2839; x_wconf 83' lang='lat' dir='ltr'>Obs.</span> 
     </span>
     <span class='ocr_line' id='line_1_42' title="bbox 97 2854 1689 2908; baseline -0.003 -11"><span class='ocrx_word' id='word_1_351' title='bbox 97 2857 185 2897; x_wconf 86' lang='lat' dir='ltr'>crit.</span> <span class='ocrx_word' id='word_1_352' title='bbox 208 2858 260 2896; x_wconf 89' lang='grc'><em>32</em></span> <span class='ocrx_word' id='word_1_353' title='bbox 279 2870 338 2908; x_wconf 89' lang='lat' dir='ltr'><em>sq.</em></span> <span class='ocrx_word' id='word_1_354' title='bbox 360 2857 452 2896; x_wconf 85' lang='lat' dir='ltr'>adn.</span> <span class='ocrx_word' id='word_1_355' title='bbox 478 2858 541 2899; x_wconf 88' lang='lat'><em>18.</em></span> <span class='ocrx_word' id='word_1_356' title='bbox 575 2858 683 2908; x_wconf 87' lang='lat' dir='ltr'>quod</span> <span class='ocrx_word' id='word_1_357' title='bbox 715 2871 805 2897; x_wconf 87' lang='lat' dir='ltr'><em>oum</em></span> <span class='ocrx_word' id='word_1_358' title='bbox 834 2857 910 2897; x_wconf 89' lang='lat' dir='ltr'><em>hoc</em></span> <span class='ocrx_word' id='word_1_359' title='bbox 940 2857 991 2897; x_wconf 88' lang='lat' dir='ltr'><em>fr.</em></span> <span class='ocrx_word' id='word_1_360' title='bbox 1023 2855 1247 2895; x_wconf 86' lang='lat' dir='ltr'>Meinekius</span> <span class='ocrx_word' id='word_1_361' title='bbox 1281 2855 1488 2894; x_wconf 84' lang='lat' dir='ltr'>coniunxit</span> <span class='ocrx_word' id='word_1_362' title='bbox 1520 2854 1604 2893; x_wconf 82' lang='lat'><em>453</em></span> <span class='ocrx_word' id='word_1_363' title='bbox 1627 2854 1689 2893; x_wconf 88' lang='lat' dir='ltr'>ed.</span> 
     </span>
     <span class='ocr_line' id='line_1_43' title="bbox 97 2910 1024 2964; baseline 0.001 -11"><span class='ocrx_word' id='word_1_364' title='bbox 97 2915 217 2964; x_wconf 92' lang='lat' dir='ltr'>min.‚</span> <span class='ocrx_word' id='word_1_365' title='bbox 266 2927 351 2955; x_wconf 88' lang='lat' dir='ltr'><em>non</em></span> <span class='ocrx_word' id='word_1_366' title='bbox 382 2914 559 2964; x_wconf 85' lang='lat' dir='ltr'>Cratini,</span> <span class='ocrx_word' id='word_1_367' title='bbox 601 2915 670 2955; x_wconf 87' lang='lat' dir='ltr'>sed</span> <span class='ocrx_word' id='word_1_368' title='bbox 700 2910 921 2953; x_wconf 76' lang='grc' dir='ltr'><em>ἀδέσποτον</em></span> <span class='ocrx_word' id='word_1_369' title='bbox 951 2916 1024 2954; x_wconf 89' lang='lat' dir='ltr'>est.</span> 
     </span>
    </p>
   </div>
  </div>
 </body>
</html>
