1872 3224
626 190 796 227 APPIOI
832 194 1131 229 ATTOMOAOI
1597 196 1677 239 151

865 296 919 339 19

295 367 424 419 οὗτοι
454 373 542 432 γάρ
572 372 682 432 ἡμῖν
713 376 762 419 οἱ
787 379 938 428 κακῶς
968 375 1283 434 ἀπολούμενοι

296 443 708 501 ἐπαμφοτερίζουσ’
743 443 958 501 ἐμποδών
990 447 1260 504 καθήμενοι.

201 528 331 570 Sohol.
361 528 570 580 Aristoph.
602 529 696 568 Pac.
729 530 814 569 477
860 529 1076 570 αἰνίττεται
1119 531 1175 579 εἰς
1214 529 1307 579 τοὺς
1345 528 1601 585 Ἀργείους
1633 531 1678 573 ἐν

30 585 213 642 ’-τούτῳ
241 592 298 643 τῷ
326 584 483 641 πολέμῳ
515 584 914 640 ἐπαμφοτερίζοντας.
947 581 1010 627 διὸ
1039 587 1107 628 καὶ
1136 587 1261 628 πολλὰ
1293 587 1579 645 ἐκωμῳδοῦντο
1602 621 1610 630 .
1634 624 1643 632 .
1668 622 1675 630 .

85 643 154 686 καὶ
185 643 440 699 Φερεκράτης
471 642 516 684 ἐν
545 640 795 696 Αὐτομόλοις
825 647 908 685 κτλ.
946 646 1119 686 Bekker.
1158 647 1310 687 Anecd.
1351 649 1426 698 41,
1463 651 1514 688 16
1553 646 1676 701 ε’παμ-

84 701 322 757 φοτερίζειν·
354 700 398 742 τὸ
427 701 482 755 μὴ
513 701 668 756 παγίως
699 699 745 742 ἕν
775 717 811 741 τι
841 700 1114 756 βουλεύεσθαι
1143 702 1211 744 καὶ
1240 701 1446 756 πράττειν,
1478 703 1577 746 ἀλλὰ
1607 705 1675 746 καὶ

84 759 175 807 τόδε
204 759 272 801 καὶ
303 758 392 801 τόδε
423 760 693 801 διανοεῖσθαι.
725 761 870 802 foedus
911 759 1148 802 centennale
1187 762 1497 803 Atheniensium
1528 767 1569 804 et
1599 764 1674 804 Ar-

23 828 33 857 ς
79 819 273 873 givorum
303 820 353 860 ab
383 820 446 860 his
475 822 642 871 ruptum
674 819 738 860 01.
771 821 838 870 90,
871 821 896 858 3
926 820 1129 860 intellexit
1158 821 1383 861 Meinekius
1413 821 1433 860 I
1465 824 1529 863 81.

858 932 916 974 20

291 1010 463 1058 ὁπόταν
494 1013 737 1071 σχολάζῃς,
770 1020 935 1067 νῖψον,
968 1012 1046 1055 ἵνα
1076 1011 1131 1055 τὰ
1164 1012 1269 1069 ληία

291 1085 668 1140 συγκαρκινωθῇ.

197 1169 465 1221 Harpocratio
499 1170 542 1220 ‘p.
578 1170 660 1209 106
700 1168 757 1207 in.
797 1164 898 1206 ὅταν
935 1162 957 1205 ὅ
998 1170 1107 1214 σῖτος
1148 1165 1304 1222 ῥιζωθῇ
1341 1164 1442 1206 κατὰ
1485 1172 1553 1218 τῆς
1584 1173 1673 1220 γῆς,

0 1262 19 1278 .
83 1225 420 1281 κεκαρκινιὸσθαί
453 1235 574 1278 φασι·
617 1223 872 1279 Φερεκράτης
909 1218 1155 1276 Αὐτομόλοις
1193 1227 1275 1264 κτλ.
1328 1226 1475 1265 omisso
1515 1225 1674 1266 fabulae

0 1296 9 1334 51
81 1287 245 1327 nomine
276 1285 446 1325 Photius
478 1287 519 1324 et
550 1284 694 1324 Suidas
725 1282 928 1336 καρκίνος.
979 1283 1125 1323 Pollux
1158 1285 1195 1331 7,
1230 1284 1313 1323 150
1343 1281 1597 1335 Φερεκράτης
1629 1282 1674 1323 ἐν

83 1346 165 1392 τοῖς
195 1339 446 1395 Αὐτομόλοις
478 1340 556 1393 ἔφη
588 1340 674 1381 εἴνα
705 1339 751 1380 τὰ
785 1337 875 1393 λήια
907 1343 1259 1396 συγκαρκινωθῇ’.
1292 1343 1420 1390 νῐψον
1450 1339 1668 1395 Porsonus]

81 1406 234 1454 νῆψον.
275 1404 422 1453 νεῖψον
452 1400 673 1441 Bekkerus.
705 1402 746 1440 et
780 1398 935 1450 νείφειν
964 1401 1006 1439 et
1036 1397 1175 1449 νίφειν
1204 1413 1227 1438 a
1263 1399 1535 1450 grammaticis
1566 1412 1672 1439 com-

80 1461 340 1500 memoratur.
736 1455 738 1457 *
856 1511 884 1554 2

286 1592 416 1652 ὑμεῖς
444 1589 534 1651 γὰρ
560 1574 636 1637 αεὶ
666 1592 1001 1650 στραγγαλίδας
1034 1592 1287 1648 ἐσφίγγετε.

197 1680 387 1729 Photius,
428 1680 596 1730 Suidas,
634 1679 810 1720 Zonaras
850 1675 1152 1729 στραγγαλίὸες·
1193 1673 1240 1715 τὰ
1272 1674 1451 1715 δύσλυτα
1482 1673 1663 1727 ἅμματα·

85 1736 339 1792 Φερεκράτης
376 1734 645 1789 Αὐτομόλοις·
686 1733 803 1788 ὑμεῖς
832 1737 914 1774 κτλ.
953 1736 997 1774 in
1028 1735 1295 1774 Athenienses
1327 1735 1481 1774 dietum
1511 1735 1673 1774 videtur

81 1797 268 1843 Dobraeo
300 1796 470 1837 Advers.
500 1796 522 1835 I
543 1796 639 1846 609,
672 1796 743 1847 qui
772 1793 960 1845 quotiens
982 1805 1122 1844 pacem
1143 1794 1329 1843 peterent
1348 1792 1669 1841 Lacedaemonii,

83 1868 240 1907 semper
270 1854 554 1894 difficultatem
585 1855 762 1906 aliquam
791 1853 951 1891 nectere
983 1851 1172 1891 solerent.

854 1954 911 1996 22

226 2035 253 2093 ἡ
283 2034 402 2092 γυνὴ
435 2032 477 2078 δ’
510 2033 639 2092 ἡμῶν
671 2033 845 2091 ἑκάστῳ
876 2033 1067 2077 λέκιθον
1097 2028 1257 2085 ἕψουσ’
1292 2027 1322 2087 ἢ
1353 2029 1507 2086 φακῆν

227 2103 446 2162 ἀναμένει
476 2102 553 2147 καὶ
583 2104 781 2161 σμικρὸν
812 2100 980 2146 ὀπτῶσ’
1017 2098 1227 2159 ὀρφανὸν
1256 2102 1476 2156 ταρίχιον.

200 2190 430 2230 Athenaeus
461 2190 508 2238 3,
543 2189 661 2229 119d
698 2183 1016 2240 ὑποκοριστικῶς
1055 2178 1095 2224 δ’
1137 2183 1271 2237 εἴρηκε
1302 2181 1517 2237 (ταρίχιον)
1548 2184 1669 2236 Φερε-

82 2246 230 2301 κράτης
263 2244 308 2287 ἐν
338 2243 602 2299 Αὐτομόλοις.
649 2241 794 2298 ἓ’ψουσ’
827 2242 856 2298 ἢ
885 2245 1041 2285 Iacobs.
1074 2243 1216 2282 Addit.
1247 2243 1345 2282 Ath.
1381 2241 1454 2293 83]
1496 2239 1667 2292 ἓψούση.

83 2301 279 2359 “ὃρφανὸν
308 2304 487 2358 ταρίχιον
516 2305 616 2344 dicit
645 2305 935 2344 salsamentum
964 2302 1088 2342 nullis
1110 2301 1377 2341 condimentis
1399 2300 1667 2350 adparatum'.

83 2364 254 2404 Meinek.
287 2363 328 2402 id
367 2364 642 2414 dici-poterat
679 2360 860 2413 ταρίχιον
890 2354 981 2413 ὀρφ.
1020 2356 1259 2411 ἀρτυμάτων
1297 2354 1367 2411 (cf.
1398 2357 1502 2396 Plat.
1534 2357 1667 2396 Alcib.

83 2423 128 2471 2,
171 2422 251 2478 147
263 2419 318 2472 a),
363 2422 448 2461 sine
491 2421 682 2472 genetivo
729 2420 807 2459 dici
850 2431 932 2458 non
969 2419 1141 2468 poterat.
1187 2417 1432 2466 quapropter
1472 2414 1668 2465 Bergkius

85 2477 227 2534 (Mein.
265 2478 302 2517 V
339 2492 382 2530 p.
422 2479 517 2527 LII)
563 2474 694 2530 ὀρφὸν
737 2473 764 2528 ἢ
795 2490 827 2516 τ.
879 2478 920 2515 at
959 2475 1130 2526 orphum
1167 2472 1505 2523 pretiosissimum
1543 2472 1668 2511 fuisse

74 2533 235 2590 ,piscem
265 2537 383 2577 docet
411 2536 621 2586 Aristoph.
655 2535 779 2586 Vesp.
810 2535 916 2573 493:
949 2533 1013 2572 hio
1044 2534 1183 2571 contra
1212 2530 1399 2569 vilissimi
1431 2529 1510 2568 cibi
1541 2529 1669 2580 signi-

81 2596 266 2636 ficantur.
297 2595 554 2635 scribendum
585 2595 646 2633 est
676 2590 852 2645 ἔριφον
882 2587 911 2640 ἢ
940 2604 973 2633 τ,
1004 2589 1172 2639 Antiph.
1197 2588 1292 2636 222,
1325 2589 1362 2626 7.
1393 2586 1602 2637 Euphron.
1630 2589 1667 2636 1,

85 2654 154 2694 20.
185 2653 236 2693 cf.
267 2653 391 2692 etiam
420 2651 628 2702 Aristoph.
659 2651 752 2690 Pac.
785 2650 880 2690 562.

115 2832 189 2876 ὅτε
215 2839 334 2876 τοῖσι
361 2831 679 2887 θεοῖς-θύετε,
712 2826 926 2884 πρώτιστ’
960 2825 1233 2881 ἀποκρίνετε
1261 2832 1354 2875 τοῖς
1386 2825 1589 2881 ἱερεῦσιν

115 2902 166 2946 τὸ
197 2900 493 2958 νομιζόμενον
522 2899 720 2956 πρώτοις
749 2897 894 2954 ὑμῶν,
929 2892 1008 2938 εἴτ’
1044 2894 1256 2951 (αἰσχύνη
1288 2892 1338 2937 τὸ
1370 2895 1621 2950 κατειπεῖν)
