1872 3224
6 3133 35 3146 ‘-

11 3162 27 3170 J

785 170 879 206 PRA
886 171 1071 206 EFATIO
1688 183 1719 213 V

107 280 335 326 'Plutarchi
365 280 473 320 Vitis
505 278 784 330 Sintenisium,
818 278 860 318 in
890 277 1097 318 Prisciano
1128 277 1339 317 Hertzium
1369 277 1627 329 Keiliumque
1658 292 1718 318 se-

129 340 246 385 cutus
276 351 381 379 sum.
440 339 484 378 in
513 337 710 378 varietate
741 336 963 387 scripturae
995 335 1215 375 adferenda
1245 335 1409 375 brevior
1438 335 1560 375 simul
1590 338 1631 375 et
1661 336 1719 375 di-

128 396 324 450 ligentior
352 395 555 436 Meinekio
586 407 672 436 esse
703 394 855 434 studui.
916 394 974 434 eis
1006 394 1114 433 enim
1144 406 1248 444 quae
1278 406 1360 433 non
1391 393 1440 432 ad
1471 394 1560 444 ipsa
1590 394 1715 433 comi-

129 467 267 496 corum
297 454 420 495 verba
450 453 733 493 fabularumve
770 451 934 491 nomina
964 451 1246 491 constituenda
1276 452 1527 502 pertinerent
1558 452 1718 491 omissis

130 512 375 564 optimorum
404 511 601 551 librorum
641 509 954 559 discrepantiam
992 509 1051 548 ibi
1090 522 1249 560 quoque
1282 509 1617 558 commemoravi,
1648 509 1720 548 ubi

128 569 226 622 quid
255 569 512 610 scribendum
542 570 649 608 esset
677 580 760 607 non
791 567 1063 617 dubitaretur3
1104 566 1174 605 ubi
1203 566 1300 617 quid
1339 567 1383 605 in
1415 566 1578 617 optimis
1610 567 1717 606 esset

129 640 212 668 non
253 627 483 676 constabat,
521 627 646 666 etiam
676 625 896 664 deteriores
933 624 1118 674 adhibui,
1154 623 1359 663 interdum
1391 623 1588 663 editiones
1620 637 1720 675 quo·

131 698 209 738 que
241 697 309 725 eas
339 697 440 736 quae
486 684 668 724 codicum
712 682 842 722 instar
887 682 1170 721 aestimantur.
1231 681 1428 732 reliquam
1470 681 1719 732 ineptiarum

55 756 59 758 ·
92 786 94 788 ,
129 743 277 796 quibus
307 743 464 783 codices
494 741 703 782 abundant
734 740 992 791 farraginem,
1026 752 1145 790 saepe
1174 751 1341 790 prorsus
1371 739 1559 778 inutilem
1589 739 1719 778 veluti

129 801 174 842 in
202 799 431 848 Prisciano‚
471 800 647 851 libenter
687 798 743 838 eis
779 797 927 849 reliqui
962 798 1031 848 qui
1067 797 1250 848 singulos
1289 796 1504 847 scriptores
1545 796 1720 837 edendos

132 860 386 899 curaverunt.
447 871 576 908 neque
606 857 649 897 in
687 856 852 896 scholiis
889 855 1117 895 adferendis
1148 854 1295 905 quibus
1335 867 1381 893 ea
1417 853 1620 894 codicibus
1652 854 1719 893 de-

130 917 323 957 berentur
353 915 498 955 addere
528 914 799 955 necessarium
841 913 958 963 duxi,
996 912 1196 964 siquidem
1210 911 1275 951 ·id
1315 913 1357 951 et
1395 924 1442 950 ex
1473 911 1720 952 editionibus

129 972 362 1027 (Dindorfii,
393 973 611 1022 Duebneri,
645 969 741 1024 cet.)
781 971 899 1010 facile
929 970 1185 1022 cognoscitur
1215 971 1256 1009 et
1285 969 1335 1013 ad
1367 970 1612 1009 comicorum
1643 969 1720 1008 fra-

132 1033 298 1084 gmenta
328 1030 578 1071 emendanda
607 1043 696 1070 raro
727 1029 942 1081 quicquam
972 1027 1170 1068 momenti
1200 1027 1335 1069 habet.

255 1089 428 1130 similem
471 1090 514 1128 in
557 1087 815 1129 recensendis
859 1086 1068 1126 hominum
1115 1085 1325 1125 doctorum
1368 1084 1609 1125 coniecturis
1658 1097 1719 1124 ra·

131 1147 285 1188 tionem
316 1150 476 1187 secutus
508 1160 608 1196 sum,
640 1158 810 1197 quarum
841 1144 985 1196 ingens
1016 1144 1151 1195 copia,
1183 1142 1431 1183 Batavorum
1462 1142 1721 1193 potissimum

133 1205 330 1254 sollertia,
370 1206 465 1256 post
502 1204 694 1244 Meinekii
732 1202 928 1242 editiones
961 1201 1145 1242 accessit.
1205 1200 1339 1251 recepi
1369 1213 1470 1251 quae
1502 1202 1632 1240 certae
1662 1200 1719 1241 vi-

28 1267 32 1269 “
66 1303 73 1306 ,
133 1263 347 1314 derentur3
386 1275 488 1314 quae
525 1262 758 1314 probabiles
797 1261 934 1300 essent
971 1261 1012 1299 et
1049 1259 1101 1299 ad
1140 1260 1290 1298 rectam
1330 1257 1574 1297 emendandi
1613 1258 1719 1298 viam

132 1320 387 1372 aperiendam
417 1320 596 1368 idoneae,
628 1319 960 1368 commemoravi3
992 1330 1157 1369 prorsus
1177 1316 1338 1367 neglexi
1359 1316 1560 1355 infinitam
1581 1328 1720 1355 earum

132 1378 449 1425 multitudinem,
481 1391 579 1429 quas
608 1379 769 1429 praeter
789 1378 997 1416 auctorem
1024 1375 1177 1415 nemini
1198 1387 1390 1425 umquam
1418 1373 1582 1425 probari
1603 1386 1722 1423 posse

133 1436 355 1487 adpareret.
415 1449 525 1477 meas
554 1435 688 1486 recepi
718 1434 993 1486 paucissimas,
1027 1434 1150 1472 etiam
1181 1445 1452 1483 earum-quas
1482 1431 1624 1481 peritis
1655 1431 1721 1470 ha-

133 1507 222 1535 rum
251 1506 387 1534 rerum
417 1494 638 1542 iudicibus,
669 1505 841 1544 quorum
871 1505 961 1532 cum
991 1503 1149 1542 semper
1168 1490 1255 1531 ,fuit
1285 1492 1373 1529 tum
1404 1489 1522 1528 hodie
1555 1490 1616 1528 est
1644 1502 1722 1528 nu—

132 1564 268 1592 merus
298 1551 514 1592 admodum
546 1551 726 1603 exiguus,
757 1550 916 1601 placere
937 1562 1054 1600 posse
1076 1548 1370 1598 existimarem3
1403 1547 1611 1598 aliquanto
1633 1546 1722 1597 plu-

132 1623 196 1650 res
225 1609 269 1650 in
300 1609 563 1650 adnotatione
593 1608 810 1656 conlocavi,
831 1608 1004 1647 incertas
1025 1607 1067 1646 in
1089 1605 1250 1646 scriniis
1271 1605 1436 1644 retinui.
1495 1603 1567 1643 ubi
1588 1605 1723 1643 autem

133 1667 253 1708 nulla*
276 1668 381 1708 satis
404 1667 520 1707 firma
551 1667 779 1707 emendatio
808 1667 970 1717 reperta
999 1666 1117 1716 esset,
1150 1664 1395 1714 scriptorum
1426 1661 1549 1702 verba
1579 1674 1723 1712 quam-

133 1725 195 1766 vis
225 1726 415 1777 corrupta
444 1727 624 1778 repetere
654 1738 774 1776 quam
805 1723 938 1763 fallaci
967 1722 1133 1763 remedii
1165 1721 1296 1773 specie
1326 1720 1610 1772 inperitiorum
1641 1719 1722 1758 ani-

134 1795 221 1824 mos
252 1782 434 1834 decipere
465 1783 602 1824 malui.

248 1841 506 1893 praecipuam
536 1853 699 1892 operam
729 1841 773 1880 in
802 1838 1136 1890 interpretatione
1166 1837 1309 1876 harum
1330 1834 1596 1886 reliquiarum
1629 1847 1722 1874 con-

134 1898 277 1948 locavi,
311 1911 433 1950 quam
463 1898 689 1939 Meinekius
718 1899 766 1937 ut
796 1898 855 1937 ita
886 1897 1015 1936 dicam
1047 1908 1118 1935 suo
1149 1895 1349 1934 arbitratu
1370 1894 1412 1932 et
1432 1905 1549 1943 saepe
1576 1892 1722 1932 leviter

135 1957 248 2008 quasi
278 1957 322 1996 in
351 1957 526 1996 transitu
557 1956 710 2008 attigit.
772 1968 851 2006 quo
883 1954 1036 1994 factum
1067 1955 1128 1993 est
1156 1954 1204 1992 ut
1242 1952 1371 1991 multa
1402 1950 1574 1990 obscura
1603 1950 1721 1989 relin-

134 2016 289 2067 queret,
320 2014 450 2054 multa
479 2027 561 2054 non
591 2016 698 2054 recte
728 2013 961 2064 explicaret,
992 2011 1100 2050 haud
1130 2023 1220 2050 raro
1251 2011 1372 2049 etiam
1405 2008 1572 2048 celerius
1602 2021 1725 2058 quam

135 2072 308 2112 debebat
337 2072 578 2123 desperaret.
639 2070 919 2111 existimabam
958 2070 1093 2109 autem
1132 2068 1219 2109 fore
1258 2069 1304 2106 ut
1339 2067 1525 2106 accurata
1561 2065 1723 2116 potissi-

135 2144 246 2170 mum
275 2130 610 2182 interpretatione
641 2129 850 2169 hominum
881 2128 1089 2168 doctorum
1121 2126 1255 2167 studia
1286 2124 1337 2164 ad
1367 2125 1464 2163 haec
1495 2124 1723 2174 fragmenta

134 2187 179 2228 in
215 2187 431 2227 Germania
474 2188 593 2227 hodie
632 2201 716 2227 non
753 2186 928 2226 multum
973 2186 1152 2225 tractata
1197 2183 1330 2223 denuo
1369 2182 1722 2222 converterentur:

137 2245 246 2297 quod
291 2245 325 2285 si
369 2245 530 2286 eveniet
570 2245 658 2284 fieri
701 2257 784 2284 non
825 2243 977 2295 poterit
1020 2243 1120 2294 quin
1162 2241 1350 2293 pluribus
1395 2241 1438 2279 in
1490 2252 1536 2278 eo
1585 2250 1725 2288 campo

137 2303 462 2343 concertantibus
516 2316 618 2355 quae
670 2303 857 2342 incohata
911 2303 1007 2341 sunt
1060 2300 1347 2346 absolvantur,
1407 2310 1508 2348 quae
1556 2296 1726 2349 obscura

136 2361 414 2403 inlustrentur.
473 2360 609 2412 itaque
648 2373 696 2400 ex
733 2360 849 2400 libris
886 2361 927 2399 et
964 2360 1143 2399 veterum
1176 2358 1217 2396 et
1246 2355 1518 2396 recentiorum
1557 2354 1726 2403 scripto-

137 2414 281 2473 rum*)
319 2418 514 2470 quidquid
551 2420 765 2470 poetarum
804 2416 1015 2458 sententiis
1056 2414 1210 2466 aliquid
1249 2413 1352 2453 lucis
1394 2412 1551 2451 adferre
1589 2411 1727 2461 posset

124 2477 342 2530 congessi,
382 2489 485 2527 quae
522 2477 610 2528 ipsa
649 2489 767 2528 saepe
797 2475 942 2515 iterata
974 2473 1220 2514 comicorum
1256 2471 1429 2511 lectione
1458 2468 1726 2520 repperissem

137 2534 187 2574 ad
217 2534 424 2574 meliorem
454 2533 829 2585 interpretationem
860 2533 1004 2572 idonea
1035 2531 1252 2582 diligenter
1282 2527 1492 2578 adnotavi3
1533 2526 1603 2566 ubi
1635 2538 1726 2576 pro-

138 2591 315 2631 babilem
344 2593 652 2643 explicationem
682 2604 764 2632 non
794 2590 1051 2639 invenissem,
1084 2587 1267 2629 consulto
1299 2586 1341 2625 id
1370 2586 1505 2636 ipsum
1534 2582 1724 2634 indicavi,

231 2703 267 2747 *)
292 2703 545 2740 recentiorum
570 2702 796 2749 scriptorum
821 2702 924 2748 quod
947 2710 1023 2736 non
1048 2710 1198 2745 semper
1221 2696 1445 2734 novissimas
1462 2693 1646 2731 editiones
1670 2692 1727 2728 in-

139 2749 263 2797 spexi,
296 2761 320 2786 a
344 2749 593 2785 diuturnitate
624 2749 750 2794 operis
782 2747 1064 2784 excusationem
1095 2746 1197 2792 peto.
1246 2745 1361 2788 atque
1385 2742 1425 2778 in
1449 2741 1559 2777 tanta
1583 2739 1728 2791 quanta

139 2794 252 2832 hodie
278 2795 337 2831 est
360 2796 586 2831 iteratarum
612 2794 820 2831 editionum
847 2793 1059 2835 celeritate,
1093 2789 1243 2828 etiamsi
1275 2789 1374 2825 forte
1399 2797 1548 2833 semper
1571 2795 1726 2836 novissi-

139 2853 221 2878 mas
245 2841 532 2885 consuluissem,
564 2840 647 2886 quis
670 2841 843 2886 praestet
872 2840 941 2876 has
964 2849 1041 2875 non
1070 2839 1173 2874 intra
1195 2845 1338 2884 paucos
1363 2843 1510 2870 menses
1542 2831 1664 2867 denuo
1689 2840 1728 2864 m

141 2887 399 2929 obsoletarum
423 2899 581 2929 numero
607 2888 752 2930 futuras
776 2887 917 2928 fuisse?
