1872 3224
0 2879 29 2914 ,bf-²

0 2916 10 2925 ·‹
14 2914 29 2928 ,⁶⁷

738 827 1120 878 Praefatio

246 983 323 1032 Qui
353 984 447 1034 post
475 983 682 1034 egregiam
713 981 891 1034 Augusti
920 981 1113 1021 Meinekii
1143 994 1306 1032 operam
1338 981 1388 1020 ad
1419 981 1609 1032 reliquias
1657 994 1724 1021 co-

128 1042 331 1095 micorum,
361 1041 594 1080 Atticorum
626 1039 859 1079 tractandas
897 1039 1072 1090 accedit,
1112 1040 1149 1079 ei
1188 1042 1271 1078 tres
1302 1041 1349 1078 ut
1378 1039 1436 1078 ita
1466 1038 1596 1079 dicam
1635 1040 1726 1079 viae

127 1101 291 1151 patent,
331 1112 504 1150 quarum
545 1111 625 1137 una
661 1098 712 1137 ad
753 1099 928 1137 aetatem
959 1098 1165 1148 vitamque
1203 1099 1416 1148 poetarum
1458 1097 1728 1136 definiendam

27 1203 30 1212 Ι
76 1149 78 1151 i
127 1159 172 1198 et
201 1157 433 1197 fabularum
464 1155 606 1195 titulos
651 1155 963 1206 conquirendos,
1011 1155 1141 1194 altera
1183 1155 1235 1194 ad
1281 1157 1520 1206 argumenta
1564 1155 1724 1194 fabula—

127 1228 220 1255 rum
262 1213 548 1265 investiganda
586 1215 628 1253 et
667 1215 868 1264 quatenus
904 1212 945 1251 id
984 1212 1073 1252 fieri
1103 1215 1242 1263 potest
1281 1213 1612 1263 redintegranda,
1645 1214 1726 1252 ter-

127 1273 185 1313 tia
227 1272 278 1312 ad
319 1272 549 1323 fragmenta
594 1271 799 1322 augenda,
846 1270 1118 1318 emendanda,
1172 1271 1480 1321 interpretanda
1532 1270 1723 1321 pertinet.

129 1343 229 1382 quas
257 1342 348 1370 cum
368 1330 466 1370 olim
497 1330 544 1368 ut
573 1329 731 1369 iuvenis
753 1341 891 1368 omnes
922 1328 1114 1379 persequi
1146 1328 1428 1375 decrevissem,
1459 1332 1724 1379 posteaquam

126 1387 279 1428 laboris
310 1387 459 1428 molem
489 1388 533 1427 in
563 1387 649 1426 dies
681 1399 879 1439 crescere,
910 1386 983 1425 otii
1018 1398 1110 1425 vero
1142 1386 1302 1437 copiam
1331 1386 1484 1437 minui,
1517 1387 1724 1436 postremo

127 1445 250 1486 etiam
280 1445 554 1485 valetudinem
584 1444 820 1484 labefactari
852 1443 1100 1494 sentiebam,
1138 1444 1376 1484 contrahere
1406 1443 1498 1483 vela
1528 1442 1722 1494 primam-

125 1516 203 1555 que
233 1503 366 1555 operis
402 1505 580 1554 partem,
619 1502 670 1541 ad
708 1515 831 1553 quam
870 1501 1094 1542 ornandam
1133 1515 1236 1552 quae
1267 1501 1425 1541 adferre
1455 1514 1615 1552 possem
1645 1514 1721 1541 nec

124 1561 256 1601 multa
286 1560 506 1601 admodum
542 1573 616 1600 nec
654 1561 752 1600 satis
799 1562 906 1599 certa
953 1560 1090 1599 omnia
1119 1572 1228 1608 esse,
1267 1559 1442 1611 plurima
1489 1561 1644 1607 autem,
1689 1560 1723 1599 si

124 1621 306 1659 accurate
346 1631 546 1670 exponere
585 1618 755 1667 vellem,
796 1617 1020 1668 copiosiore
1059 1617 1336 1668 disputatione
1366 1629 1484 1668 egere
1515 1616 1718 1665 videbam,

124 1677 352 1730 iunioribus
397 1676 627 1727 relinquere
674 1676 884 1726 solamque
935 1675 1260 1726 fragmentorum
1305 1674 1630 1714 emendationem
1681 1676 1722 1714 et

123 1734 515 1786 interpretationem,
547 1735 594 1773 ut
622 1735 760 1773 tamen
791 1734 915 1772 etiam
947 1734 1189 1784 argumenta
1214 1733 1518 1773 comoediarum
1549 1734 1590 1772 et
1620 1734 1719 1772 tem-

122 1804 223 1844 pora
251 1805 374 1844 quam
404 1791 645 1832 brevissime
676 1791 764 1830 fieri
796 1793 934 1842 posset
963 1803 1220 1841 exponerem,
1261 1791 1312 1830 ad
1343 1790 1466 1830 finem
1496 1790 1717 1840 perducere

124 1850 251 1890 satius
293 1850 410 1899 duxi,
456 1862 549 1889 cum
583 1850 824 1900 praesertim
860 1861 944 1889 non
982 1849 1169 1889 deessent
1208 1849 1278 1900 qui
1316 1849 1449 1900 primo
1487 1848 1549 1887 illi
1587 1848 1718 1888 officio

123 1908 269 1948 melius
299 1921 422 1959 quam
451 1921 527 1959 ego
560 1907 793 1947 satisfacere
823 1919 943 1958 posse
972 1906 1223 1946 viderentur.

237 1979 326 2006 eam
355 1967 489 2005 autem
521 1978 644 2016 quam
674 1965 827 2004 retinui
856 1964 1110 2016 provinciam
1140 1965 1261 2004 initio
1299 1965 1358 2003 ita
1397 1963 1549 2014 optime
1591 1963 1721 2002 admi-

122 2023 288 2063 nistrari
325 2035 442 2075 posse
486 2022 788 2071 existimabam,
835 2025 883 2062 ut
920 2022 954 2061 si
992 2034 1099 2061 nova
1138 2022 1383 2061 Meinekiani
1424 2021 1557 2071 operis
1594 2020 1718 2060 editio

107 2081 443 2130 desideraretur,
481 2082 553 2119 aut
590 2080 794 2119 Meinekio
834 2079 1108 2120 successorive
1146 2080 1232 2119 eius
1271 2079 1470 2131 quidquid
1510 2079 1560 2118 ad
1598 2078 1718 2118 comi-

122 2150 261 2180 corum
306 2141 517 2190 poetarum
560 2138 790 2190 fragmenta
833 2138 978 2177 melius
1018 2137 1295 2188 intellegenda
1333 2137 1516 2176 conferre
1555 2149 1716 2187 possem

122 2197 324 2237 traderem
361 2198 434 2236 aut
472 2197 561 2246 ipse
590 2208 739 2236 novam
775 2195 992 2235 editionem
1033 2195 1252 2234 curandam
1285 2195 1544 2244 susciperem.
1597 2196 1718 2244 atque

122 2267 168 2294 eo
207 2254 375 2295 consilio
415 2254 570 2294 multos
608 2266 734 2293 annos
774 2253 1021 2292 comicorum
1058 2252 1251 2303 reliquias
1291 2252 1396 2303 legi,
1428 2252 1575 2302 relegi,
1609 2252 1712 2299 auxi,

123 2312 354 2361 emendavi,
395 2311 521 2351 donec
559 2310 868 2350 multitudinem
914 2323 1052 2349 eorum
1099 2323 1201 2361 quae
1241 2309 1437 2349 mutanda
1481 2309 1719 2349 viderentur

121 2370 279 2419 tantam
309 2369 394 2409 fieri
428 2370 614 2420 cognovi,
646 2370 693 2408 ut
724 2369 1103 2419 supplementorum
1125 2368 1291 2407 modum
1320 2368 1441 2418 longe
1463 2368 1714 2417 superarent.

121 2426 257 2479 itaque
288 2440 397 2475 sero,
438 2427 592 2468 invitus
622 2439 749 2477 paene
781 2430 823 2466 et
853 2428 1036 2474 coactus,
1077 2438 1169 2464 cum
1200 2426 1322 2464 etiam
1348 2425 1509 2463 viribus
1539 2425 1639 2463 meis
1671 2424 1712 2462 in

121 2486 207 2525 tam
244 2484 402 2524 difficili
440 2497 560 2536 opere
602 2483 850 2532 diffiderem,
897 2486 992 2534 post
1029 2486 1202 2522 mortem
1240 2482 1479 2534 praesertim
1517 2482 1710 2521 Meinekii

122 2543 259 2592 priore
289 2542 360 2582 illo
391 2543 559 2582 consilio
591 2542 734 2581 relicto
765 2554 853 2580 meo
884 2540 1048 2580 nomine
1078 2542 1120 2579 et
1149 2541 1329 2591 periculo
1361 2540 1465 2578 hanc
1495 2538 1714 2578 editionem

122 2601 308 2640 emittere
339 2600 547 2640 constitui.
600 2599 747 2650 quodsi
776 2599 866 2650 quis
898 2612 994 2649 prae
1023 2598 1183 2649 ingenti
1213 2598 1323 2636 illius
1353 2597 1503 2647 labore,
1535 2597 1604 2647 qui
1634 2596 1715 2647 pri-

121 2670 211 2698 mus
247 2658 321 2698 has
351 2658 544 2708 reliquias
582 2657 734 2708 passim
773 2657 975 2707 dispersas
1014 2655 1192 2705 undique
1229 2655 1408 2706 conlegit
1447 2656 1489 2693 et
1518 2655 1560 2692 in
1587 2667 1713 2692 unum

121 2727 266 2767 corpus
297 2714 528 2764 coniunxit,
570 2727 703 2753 meam
738 2715 781 2754 in
812 2714 887 2753 hac
925 2726 968 2752 re
1007 2725 1172 2763 operam
1203 2713 1387 2764 exiguam
1418 2725 1491 2751 nec
1523 2712 1621 2751 satis
1651 2711 1714 2749 illi

38 2762 42 2763 ⁷
69 2806 72 2807 γ
120 2785 260 2824 parem
289 2772 542 2824 iudicaverit,
584 2785 635 2812 ne
665 2773 752 2823 ipse
782 2772 945 2823 quidem
975 2783 1222 2822 magnopere
1253 2769 1520 2820 adversabor3
1555 2769 1617 2808 sin
1647 2769 1710 2807 in-

122 2830 266 2871 utilem
297 2843 342 2870 ac
371 2843 456 2870 non
484 2829 754 2870 necessariam
786 2829 996 2880 opinetur,
1037 2827 1218 2879 perlecto
1257 2827 1334 2867 hoc
1363 2827 1468 2866 libro
1501 2828 1543 2866 et
1571 2826 1711 2876 paullo

125 2886 363 2940 diligentius
393 2888 626 2928 examinato
657 2887 903 2928 sententiam
934 2886 1108 2926 fortasse
1137 2885 1326 2925 mutabit.

1374 2949 1424 2987 a*
