1872 3224
659 205 867 242 ΑΔΗΛΩΝ
892 208 1158 244 ΔΡΑΜΑΤΩΝ
1591 214 1674 257 349

55 298 274 365 [deoque-v,
303 303 367 347 ὅτι
393 304 520 359 χωλός
543 306 624 349 ἐστι
645 308 719 363 τὴν
740 309 878 366 ἑτέραν
898 310 997 367 χεῖρ’
1022 308 1067 354 εὖ
1088 314 1256 369 σφόδρα.
1290 317 1498 359 Philemon
1519 318 1669 362 Osanni

50 361 362 419 209“λέγεται
393 363 439 405 δὲ
468 364 536 406 καὶ
567 364 631 407 ἐπὶ
661 367 793 422 χειρὸς
824 368 866 410 τὸ
897 369 1042 423 χωλός,
1081 369 1137 420 ὥς
1174 370 1272 427 παρ’
1305 371 1515 417 Εὐπόλιδι.
1568 391 1671 418 aoce-

43 422 157 475 241st
183 423 234 463 fr.
269 423 367 464 247.
397 424 461 464 his
492 426 678 467 omnibus
710 428 879 468 conlatis
910 429 1027 469 facile
1057 431 1255 482 quispiam
1283 433 1485 474 existimet
1505 436 1673 476 eundem

93 479 244 534 ubique
274 481 422 536 respici
453 482 665 534 Eupolidis
696 499 867 525 versum.
918 489 1024 537 quod
1061 501 1177 540 aegre
1217 490 1392 530 adducor
1427 494 1474 531 ut
1503 494 1671 534 credam.

25 540 71 590 *ij
94 540 194 580 sunt
223 539 331 579 enim
353 540 572 580 varietates
602 544 753 592 tantae,
785 546 843 593 ut,
875 545 985 584 euius
1015 546 1073 584 rei
1095 548 1274 597 exempla
1294 549 1420 587 multa
1440 549 1556 590 hodie
1577 564 1671 602 quo-

48 611 53 615 ⁸
92 609 173 648 que
218 597 496 650 inveniuntur,
535 599 615 639 duo
646 613 783 640 versus
826 602 1051 642 simillimos
1096 603 1303 654 Eupolidis
1333 618 1356 644 a
1399 609 1670 656 grammaticis

93 653 359 694 multifariam
405 655 511 695 inter
550 670 592 696 se
638 658 826 698 confusos
865 671 949 698 esse
987 660 1157 700 credam.
1222 666 1338 712 atque
1386 676 1504 703 unum
1549 665 1670 706 fuisse

91 711 415 764 Prospaltiorum
462 714 613 754 Milleri
661 716 785 756 codex
825 718 1007 758 testatur.
1058 717 1106 756 ad
1146 718 1377 768 Diopithem
1414 723 1545 761 vatem
1575 723 1673 763 haec

79 770 298 822 ‘pertinere
329 774 468 811 censet
496 772 736 814 Fritzsehius
774 774 820 821 Q.
851 775 978 814 Arist.
1011 775 1092 813 252
1125 775 1214 818 adn.
1247 778 1313 815 52.

842 908 928 951 344

253 1037 265 1042 ‚⁷
301 986 424 1044 παρὰ
456 989 610 1046 τῃδεὸὶ
642 986 699 1031 σύ
730 966 784 1046 τῇ
818 988 979 1045 σοβάὸι
1010 990 1292 1046 κατηγάγου;

7 1087 43 1117 ·.’
209 1071 342 1115 Schol.
375 1073 587 1124 Aristoph.
620 1073 712 1113 Pac.
745 1074 827 1114 812
860 1071 1036 1126 σοβάὸας
1067 1071 1136 1120 τὰς
1165 1069 1318 1127 πόρνας
1349 1072 1542 1127 λέγουσιν.
1582 1075 1669 1116 Εὕ-

16 1144 18 1146 ·
91 1130 220 1177 nous.
252 1127 391 1184 τῃὸεδὶ
419 1131 665 1172 Fritzschius
699 1133 786 1171 Act.
818 1143 899 1171 soc.
929 1145 988 1183 gr.
1018 1131 1039 1170 I
1073 1130 1170 1185 136]
1204 1131 1312 1187 τῇδε.
1354 1131 1449 1186 τῇδέ
1486 1146 1545 1173 τοι
1573 1135 1670 1174 Din-

92 1187 198 1227 dorf.
237 1188 289 1228 ad
327 1188 592 1228 Marioantem
631 1202 714 1228 non
752 1190 838 1228 sine
883 1189 1135 1229 dubitatione
1172 1190 1436 1238 Fritzsehius,
1481 1192 1670 1232 Wilamo-

91 1244 251 1286 witzius
282 1244 381 1286 obs.
414 1247 503 1286 crit.
537 1248 593 1286 50
622 1247 713 1286 adn.
748 1247 800 1286 36
840 1247 889 1286 ad
922 1247 1085 1286 Amicos
1123 1247 1333 1298 lenamque
1371 1248 1479 1288 illius
1509 1249 1668 1289 fabulae

91 1303 270 1344 rettulit.

0 1364 7 1381 ³
846 1381 931 1425 345

297 1459 427 1520 (ἤδη)
459 1452 800 1515 κατεικάζοὺσιν
830 1461 947 1518 ἡμᾶς
978 1462 1128 1518 ἰσχάδι

297 1532 449 1589 βολβῷ
480 1547 541 1575 τε.

201 1614 440 1656 Boissonad.
478 1616 632 1656 Anecd.
669 1616 751 1656 IIII
791 1617 886 1656 296.
944 1615 1070 1656 Walz.
1116 1615 1234 1655 Rhet.
1277 1614 1375 1654 VIII
1408 1616 1487 1654 789
1526 1607 1569 1653 τὸ
1608 1613 1662 1654 εἴ·

88 1670 223 1726 κασμοὶ
253 1669 336 1712 ἔστι
357 1671 543 1725 σκῶμμα
579 1669 681 1713 καθ’
720 1670 949 1726 ὁμοιότητα,
995 1669 1050 1720 ὡς
1095 1669 1172 1723 ἔχει
1214 1668 1258 1711 τὸ
1302 1668 1398 1723 παρ’
1443 1667 1661 1720 Εὐπόλιδι·

50 1744 53 1746 ’
89 1728 396 1778 κατεικᾶζουσιν
452 1727 557 1783 ἡμᾶς
607 1726 740 1783 ἰσχάδι
783 1731 930 1786 βολβῷ.
997 1727 1130 1782 ἰσχάδι
1166 1727 1357 1781 Walzius]
1409 1727 1537 1780 σχάδι.
1597 1743 1666 1768 κα-

87 1786 340 1836 τεικοίζουσιν
383 1785 490 1841 ἡμᾶς
536 1785 703 1842 ἶσχάὸιΙ
737 1788 870 1844 βολβῷ
909 1803 950 1828 τε
988 1787 1159 1827 Meinek.
1204 1788 1246 1826 in
1283 1787 1344 1826 ed.
1385 1787 1493 1836 mai„
1532 1787 1575 1825 in
1605 1787 1664 1828 ed.

87 1847 187 1886 min.
218 1845 353 1901 βολβῷ
373 1860 414 1886 τε
445 1847 496 1886 ad
527 1847 638 1886 aliud
668 1847 897 1897 exemplum
926 1846 1126 1897 pertinere
1158 1845 1396 1895 suspicatur.
1438 1846 1479 1882 at
1510 1855 1598 1882 cum
1629 1844 1663 1883 is

89 1903 175 1955 ipse
205 1917 366 1955 quoque
398 1918 627 1944 exarescens
658 1917 830 1956 rugosus
860 1903 944 1952 fiat,
979 1916 1049 1943 cur
1080 1902 1277 1952 coniungi·
1299 1913 1379 1940 non
1411 1901 1541 1950 possit
1571 1912 1659 1939 cum

87 1960 166 2000 ficu
195 1974 276 2001 non
307 1961 437 2003 video.
469 1962 605 2000 addidi
637 1961 742 2012 quod
775 1964 869 2012 post
890 1954 1107 1999 Εὐπόλιδι
1137 1958 1322 1998 facillime
1351 1957 1528 1996 excidere
1549 1960 1660 2008 pote-

87 2021 152 2058 rat
171 2016 200 2069 ἤ
210 2017 233 2055 δ
243 2033 282 2069 η.
313 2021 376 2058 est
405 2020 541 2058 autem
571 2019 836 2070 indignantis.
868 2018 975 2058 ‘iam
1005 2029 1046 2057 eo
1069 2019 1302 2066 perventum
1331 2018 1384 2054 est
1413 2018 1456 2054 ut
1486 2015 1580 2054 cet’.
1611 2014 1662 2053 cf.

90 2075 242 2115 Oratin.
283 2076 380 2115 274.
421 2076 629 2127 Hermipp.
668 2076 736 2115 35.
784 2076 940 2115 Alexid.
978 2074 1126 2115 Athen.
1166 2075 1240 2121 lo,
1270 2073 1350 2110 421
1373 2085 1397 2111 a
1433 2069 1495 2123 (5)
1536 2073 1577 2110 et
1613 2071 1661 2110 de

87 2132 337 2181 κατεικᾶζειν
382 2133 533 2173 Οτείῑὶῃ.
581 2134 649 2172 63.
709 2132 830 2183 Soph.
863 2132 946 2173 OC.
980 2131 1076 2171 338.
1134 2130 1306 2169 fortasse
1351 2129 1427 2168 viri
1475 2129 1659 2167 mulieres

69 2204 180 2231 ·cum
215 2193 370 2242 ruqosis
399 2193 538 2231 caricis
567 2186 702 2245 (Ovid.
734 2191 844 2230 Fast.
881 2193 916 2243 1,
951 2189 1048 2241 185)
1082 2190 1122 2227 et
1150 2187 1286 2227 bulbis
1317 2187 1655 2236 comparaverant.

295 2396 387 2438 τῶν
418 2394 522 2451 περὶ
553 2393 752 2450 τάγηνον
783 2393 858 2436 καὶ
889 2390 986 2449 μετ’
1016 2390 1205 2447 ἄριστον
1236 2391 1383 2445 φίλων

204 2477 444 2518 Plutarchus
465 2478 567 2518 Mor.
591 2478 681 2517 54b
711 2476 931 2530 παρασίτου
960 2473 1035 2528 γὰρ
1065 2471 1085 2513 ὁ
1117 2478 1290 2519 τοιοῦτος
1322 2468 1541 2522 εἰκονισμός
1575 2467 1657 2508 ἐστι

76 2535 190 2575 ’τῶν
208 2559 265 2565 —
286 2534 447 2587 φίλων’,
478 2531 534 2583 ὦς
564 2533 746 2583 Εὔπολίς
776 2527 916 2586 φησιν.
982 2528 1088 2584 μετ’]
1121 2526 1208 2569 κατ’
1249 2529 1483 2568 Schaeferus
1524 2528 1655 2566 Melet.

95 2594 188 2633 134.
219 2590 317 2646 παρ’
350 2594 560 2634 Herwerd.
593 2593 690 2633 obs.
712 2593 801 2633 erit.
825 2592 891 2631 25.
922 2591 971 2629 ad
1001 2589 1241 2628 Adulatores
1270 2586 1514 2625 rettulerunt
1544 2584 1660 2635 wyt-

89 2651 326 2691 tenbachius
356 2653 398 2691 et
427 2651 604 2691 Meinek.

381 2790 385 2794 ,
840 2738 922 2780 347

297 2819 404 2871 ὅσος
433 2818 477 2862 δ’
512 2818 536 2862 ὁ
565 2802 778 2875 βρυγμὸς·
798 2817 873 2860 καὶ
903 2812 1089 2864 κοπετὸς
1120 2813 1171 2855 ἐν
1201 2813 1254 2867 τῇ
1286 2811 1433 2866 στέγῃ.

206 2905 343 2958 Etym.
376 2904 481 2944 Gud.
518 2905 616 2952 116,
649 2903 702 2941 47
741 2886 938 2954 βρνγμός’
975 2894 1001 2949 ἡ
1039 2894 1228 2942 σύντονος
1266 2891 1407 2944 ἕδωδή.
1457 2889 1650 2938 Εὔπολις·
