1872 3224
193 197 275 238 262
819 189 850 221 Ε
854 185 1119 222 ΤΠΟΛΙΔΟΣ

195 304 231 351 5,
265 303 301 349 5,
335 303 371 338 1.
404 300 441 345 5,
474 300 513 347 9,
548 300 583 335 1.
663 297 701 334 4.
734 292 918 345 ἐρίκην.
952 288 1082 361 ἐρείκη
1113 289 1219 340 apud
1250 287 1428 338 Thophr.
1456 286 1509 327 Η.
1533 287 1589 338 pl.
1623 287 1662 339 1,
1693 286 1762 335 14,

196 362 233 398 2.
267 358 482 407 9,11,11.
514 354 727 393 Herodian.
759 351 800 390 II
830 351 981 398 511,1
1016 345 1127 398 ε’ρίκη
1159 340 1265 393 εἶδος
1295 343 1441 395 φυτοῦ.
1474 341 1663 395 ωφειλε
1681 340 1798 384 διαὶ
1870 393 1872 400 ,

196 422 279 466 τῆς
317 428 358 453 ει
397 411 682 475 διφθόγγου
719 406 1020 470 γράφεσθαι·
1061 401 1141 443 ἀπὸ
1178 400 1254 456 γὰρ
1291 403 1362 441 τοῦ
1407 399 1544 454 ἕρείκω
1587 397 1766 455 γέγονεν.
1811 453 1813 460 ¹

195 468 282 511 ἀλλ’
315 469 393 509 ἔστι
423 483 498 507 και
502 483 559 506 ων
595 463 616 505 ὁ
659 463 784 518 λέγων
815 462 873 503 ότι
905 456 951 502 to}
982 461 1049 501 διὰ
1089 466 1161 501 τοῦ
1197 475 1263 511 ικη
1301 455 1593 512 ἀποστρέφεται
1628 456 1704 511 τὴν
1731 457 1770 499 R
1813 493 1816 494 γ

196 528 431 579 δίφθογγον.
463 527 511 565 ef.
543 526 562 564 Ι
594 526 688 572 317,
722 525 760 563 6.
790 522 831 562 Π
863 524 928 570 97,
963 523 1031 560 39.
1068 542 1118 548 —-
1151 525 1247 559 sunt
1276 518 1386 558 chori
1419 516 1540 557 verba
1569 528 1619 556 ex
1653 523 1768 568 paro*-

200 588 283 625 basi
314 585 510 634 excerpta.

963 655 1015 698 15

357 764 362 768 ·
400 738 540 782 αὐτοῦ
570 737 653 794 τὴν
683 737 869 793 χερνίβα
901 733 1102 785 παύσεις.

312 824 539 863 Athenaeus
569 823 607 869 9,
639 821 757 860 4091)
787 817 895 871 παρὰ
925 815 1060 870 μέντοι
1090 820 1172 866 τοῖς
1204 819 1405 886 τραγικοῖς
1436 812 1504 855 καὶ
1533 817 1617 864 τοῖς
1645 795 1771 867 κωμι-

198 884 282 927 κοῖς
311 877 588 931 παροξυτόνως
619 874 863 944 ἀνέγνωσται
893 875 1102 928 χερνίβα
1134 906 1142 913 .
1166 904 1175 914 .
1201 906 1209 914 .
1242 870 1341 927 παρ’
1368 869 1568 913 Εὐπόλιδι
1588 869 1634 912 ἐν
1652 870 1775 922 Αἰξίν
1808 886 1811 888 ’

199 940 278 977 κτλ.
311 935 389 976 ε’στι
419 933 463 975 δὲ
494 934 622 988 υδωρ,
655 935 709 982 εἰς
737 931 760 972 ὃ
788 929 1022 985 ἀπέβαπτον
1053 930 1176 972 δαλὸν
1207 929 1250 971 ἔκ
1281 936 1353 971 τοῦ
1380 931 1520 984 βωμοῦ
1550 926 1775 995 λαμβανον-
1839 958 1843 960 -

204 1010 290 1046 τες,
322 991 389 1044 ἐφ’
421 988 470 1032 οὗ
500 991 573 1044 τὴν
602 991 755 1031 θυσίαν
786 988 1020 1031 ἐπετέλουν·
1060 988 1127 1029 καὶ
1167 985 1292 1044 τούτῳ
1330 986 1650 1041 περιρραίνοντες
1681 979 1774 1035 τοὺς

199 1050 397 1103 παρόντας
428 1049 601 1102 ἥγνιζον.
634 1050 682 1089 de
713 1052 877 1089 accentu
908 1048 959 1088 of.
993 1047 1037 1088 G.
1071 1048 1212 1087 Herm.
1244 1047 1386 1098 Eurip.
1422 1046 1539 1086 Herc.
1570 1045 1648 1086 fur.
1678 1045 1776 1085 924.

200 1113 261 1149 est
291 1112 360 1148 aut
390 1121 527 1149 versus
557 1107 827 1158 paroemiaeus
858 1108 928 1145 aut
958 1107 1183 1145 tetrametri
1215 1118 1332 1156 anap.
1365 1105 1510 1144 exitus.

1864 1258 1872 1278 a.
1856 1144 1872 1248 &nxz-21

967 1229 1020 1271 16

405 1310 653 1366 σφυράδων
683 1311 867 1352 πολλῶν
897 1308 1129 1365 ἀναμέστη

318 1394 448 1434 Schol.
490 1394 691 1444 Aristoph.
729 1393 820 1432 Pac.
854 1395 937 1433 790
974 1390 1180 1444 σφυράδες
1220 1389 1296 1431 εἰσὶ
1341 1404 1389 1429 τα
1428 1405 1508 1430 των
1544 1389 1673 1442 αἰγῶν
1709 1385 1779 1430 καὶ

203 1449 415 1504 προβάτων
435 1446 736 1502 άποπατήματα.
768 1448 945 1497 Εὔπολις
968 1448 1066 1499 Αἰξί
1083 1450 1163 1488 κτλ.
1194 1444 1416 1516 άναμὲστη]
1438 1443 1654 1499 άνάμεστοι
1682 1447 1780 1488 Din-
1865 1497 1867 1499 ‚

199 1509 364 1549 'dorfius.
401 1508 470 1547 sed
499 1510 632 1558 potest
662 1510 778 1559 poeta
810 1508 928 1547 etiam
960 1502 1182 1559 ἀνάμεστος
1222 1507 1285 1546 vel
1322 1501 1526 1558 ἀνάμεστα
1564 1505 1628 1546 vel
1659 1505 1780 1546 etiam
1810 1544 1812 1546 ,

206 1580 289 1617 αμα
319 1563 444 1617 μεστή
478 1566 696 1616 scripsisse.
728 1578 867 1605 versus
898 1568 959 1605 est
989 1565 1120 1616 qualis
1154 1566 1206 1604 15

963 1677 1032 1719 17.

323 1760 489 1807 Quintil.
520 1759 619 1799 Inst.
658 1762 691 1807 1,
731 1762 799 1812 10,
834 1762 884 1799 17
923 1761 1073 1801 eosdem
1101 1761 1304 1810 utriusque
1335 1755 1528 1812 (musicae
1558 1761 1600 1799 et
1628 1758 1783 1799 littera-
1821 1739 1826 1748 ¹

205 1818 312 1866 rum)
339 1820 604 1866 praeceptores
642 1817 763 1865 fuisse
802 1830 891 1858 cum
929 1818 1110 1867 Sophron
1149 1815 1316 1858 ostendit
1347 1847 1355 1855 .
1390 1847 1398 1856 .
1434 1845 1444 1855 .
1485 1820 1570 1857 tum
1598 1815 1779 1866 Eupoli-3.

206 1875 312 1923 apud
342 1886 451 1922 quem
480 1874 702 1914 Prodamus
731 1878 765 1914 et
794 1877 969 1915 musicen
998 1878 1032 1914 et
1061 1875 1210 1915 litteras
1239 1876 1356 1915 docet.
1407 1873 1458 1914 ad
1493 1873 1643 1925 Caprae
1684 1873 1781 1915 haec

209 1932 407 1980 pertinere
438 1931 552 1970 docet
582 1931 751 1971 Cramer.
785 1933 931 1971 Anecd.
966 1931 1038 1972 Ox.
1070 1931 1152 1971 ΙΠΙ
1173 1933 1268 1982 325,
1294 1934 1315 1971 1
1349 1927 1472 1970 πάλαι
1502 1927 1597 1978 τοὺς
1627 1925 1782 1978 αὖτοΰς

207 1991 472 2039 γραμματικῆς
502 1986 568 2027 καὶ
596 1988 788 2040 μουσικῆς
820 1983 924 2028 εἶναι
952 1987 1235 2041 διδασκάλους,
1268 1985 1324 2036 ὥς
1352 1986 1535 2036 Εὔπολις
1567 1985 1718 2040 εἰσάγει
1737 1983 1784 2027 ἔν

211 2043 316 2093 Αἰξί.
347 2044 396 2083 ef.
428 2045 548 2084 Mein.
579 2045 598 2083 I
631 2047 778 2097 114sq.
810 2047 851 2085 in
881 2042 1072 2087 Prodar'ml
1102 2049 1281 2086 ceterum
1311 2046 1444 2097 ignoti
1474 2046 1607 2086 locum
1637 2045 1782 2085 Prodi-

211 2114 298 2141 ewm
336 2102 543 2141 substituit
580 2103 776 2154 Bergkius
814 2105 859 2143 R.
899 2117 931 2143 ο.
968 2105 1055 2144 Att.
1090 2105 1188 2152 335,
1228 2104 1475 2144 Pronomwm
1514 2103 1569 2142 M.
1610 2102 1784 2153 Horstig

213 2155 335 2210 (apud
353 2157 568 2225 Meinek..)
601 2160 745 2199 Athen.
779 2162 816 2208 4,
849 2161 962 2199 184d
990 2134 1251 2212 Ἀλκιβιάδην
1280 2158 1378 2210 φησὶ
1409 2155 1599 2213 (Δοῦρις)
1629 2160 1785 2210 μαθεῖν

212 2211 286 2264 τὴν
313 2210 530 2265 αυλητικὴν
564 2211 610 2254 οὐ
641 2215 747 2268 παρὰ
778 2222 848 2257 τοῦ
879 2216 1084 2270 τυχόντος,
1121 2213 1219 2256 ἀλλὰ
1261 2215 1531 2270 Προνόμου
1560 2213 1638 2268 τὴν
1667 2213 1781 2268 μεγί-

217 2282 315 2320 στην
344 2268 550 2322 ἐσχηκότος
581 2271 719 2322 δόξαν.

416 2418 738 2470 βουκολεῐσθαι
768 2416 898 2474 αἶγας
981 2363 1032 2425 18

327 2496 500 2546 Εὔπολις
538 2500 660 2548 Αἰξίν.
710 2501 989 2553 ἰπποβουκολαῑ
1029 2499 1254 2555 Εὐριπίδης
1295 2502 1545 2550 Φοινίσσαις.
1605 2502 1785 2542 Bekker.
1802 2507 1819 2522 ⁶

216 2555 362 2594 Aneed.
395 2557 461 2607 84,
497 2559 559 2596 19.
589 2562 635 2596 ut
664 2557 887 2610 οἰκοδομεῖν
913 2557 1037 2610 ναῦς,
1069 2559 1177 2612 τείχη
1207 2563 1280 2601 cet.

422 2721 566 2777 ἱερεὺς
595 2726 829 2770 Διονύσου
983 2671 1035 2713 19

331 2801 509 2852 Εὔπολις
538 2807 677 2858 Αἰξίν,
704 2805 934 2848 Ιππόνικον
963 2808 1159 2849 σκώπτων
1188 2807 1242 2858 ὡς
1274 2807 1454 2862 ἐρυθρὸν
1483 2814 1530 2864 τῇ
1559 2807 1667 2856 ὄψει.
1707 2809 1786 2849 He-

221 2861 551 2913 sychius.Soh01.
585 2866 789 2918 Aristoph.
822 2868 920 2908 Rau.
945 2868 1026 2906 308
1048 2864 1225 2915 Εὔπολις
1257 2865 1331 2907 τὸν
1360 2872 1431 2907 τοῦ
1454 2865 1660 2906 Διονύσου
1681 2863 1787 2918 ΐερέα
