1872 3224
196 192 291 240 '762
881 198 1108 233 AAKAIOT

971 300 1028 343 24

411 376 497 436 ἤδη
528 376 571 421 δ’
604 372 693 435 ἧψε
723 379 895 436 χύτραν
926 378 1160 436 ῥαφάνων.

321 463 553 503 Athenaeus
585 465 622 512 9,
655 464 767 504 370f
789 459 971 511 Ἀλκαῖος
1003 463 1251 520 Παλαίστρᾳ.
1283 466 1331 506 de
1360 468 1490 507 metro
1521 466 1674 509 dubito.

975 575 1032 619 25

410 645 604 687 ηπατιον

320 713 480 767 εἴρηκεν
510 745 518 754 .
543 746 552 756 .
576 746 583 754 .
614 711 798 763 Ἀλκαῖος
828 713 874 755 ἐν
903 715 1156 772 Παλαίστρᾳ.
1188 718 1419 759 Athenaeus
1451 720 1489 769 3,
1524 719 1606 760 107
1617 719 1645 758 f.
1735 692 1737 694 Ι

881 863 1110 899 ΠΑΣΙΦΑΗ

321 957 562 1021 Argumenta.
595 958 804 1008 Aristoph.
836 957 942 997 Plut.
982 954 1178 1010 ἐδιδάχθη
1208 955 1273 998 ἐπὶ
1301 955 1492 1011 ἄρχοντος
1519 954 1780 1029 Ἀντιπάτρου

207 1015 290 1068 (Ol.
324 1017 391 1062 97,
424 1014 469 1067 4)
499 1007 866 1066 ἀνταγωνιζομένου
896 1011 1004 1069 αὐτῷ
1035 1014 1290 1084 Νικοχάρους
1328 1013 1402 1067 μὲν
1431 1014 1648 1068 Λάκωσιν,
1676 1012 1781 1069 Ἀρι-

205 1068 421 1121 στομένους
451 1069 495 1110 δὲ
523 1069 716 1127 Ἀδμήτῳ,
747 1072 1015 1122 Νικοφῶντος
1045 1069 1090 1111 δὲ
1117 1068 1326 1123 Ἀδώνιδι,
1354 1069 1539 1113 Ἀλκαίου
1577 1070 1622 1112 δὲ
1652 1074 1781 1112 Πασι-

208 1127 308 1182 φάῃ.
341 1130 393 1170 ef.
425 1129 595 1170 Meinek.
627 1130 647 1168 I
676 1112 772 1169 ¹245.
805 1130 1000 1170 Fritzsch.
1033 1129 1078 1178 Q.
1110 1130 1236 1171 Arist.
1271 1105 1350 1171 18'7
1381 1144 1421 1171 n.
1441 1131 1508 1171 26.

973 1241 1029 1284 26

411 1323 502 1364 νῦν
533 1312 618 1364 οὖν
647 1318 815 1377 γένοιτ’
847 1319 1024 1372 ἀστεῖος
1054 1319 1194 1364 οἰκῶν
1225 1321 1278 1365 ἐν
1307 1321 1450 1365 πόλει.

318 1404 492 1447 Bekker.
523 1404 675 1445 Aneed.
707 1406 802 1454 454,
837 1406 861 1444 9
901 1400 1058 1452 ἀστεῖος
1096 1402 1165 1443 καὶ
1201 1398 1382 1457 ἆστικός,
1421 1403 1602 1453 διττῶς,
1659 1401 1781 1445 ,Ἁλ-

204 1464 315 1509 καῖος
355 1457 558 1530 Πασιφάῃ
589 1464 670 1502 κτλ.
718 1460 939 1516 Πασιφάῃ·
973 1476 1052 1502 νυν
1081 1455 1156 1501 οὖν
1184 1460 1405 1516 Bekkerus]
1444 1467 1543 1502 πᾶσι
1578 1435 1782 1515 φάηϊνοῦν

205 1519 290 1561 eod.
320 1541 375 1547 -
406 1513 499 1572 οὗν]
530 1516 583 1558 ἂν
614 1519 783 1559 Meinek.

972 1631 1026 1674 27

411 1710 486 1753 καὶ
517 1709 593 1753 ναὶ
623 1677 684 1765 ιιὰ
716 1709 792 1753 Δί’
826 1708 939 1753 ἄλλα
971 1710 1181 1766 σκευάρι’
1212 1708 1445 1767 οἰκητήρια

319 1793 463 1833 Pollux
498 1795 561 1843 10,
598 1796 646 1833 11
681 1792 809 1842 εἴποις
850 1791 892 1833 δ’
932 1790 986 1833 ἂν
1021 1790 1123 1833 αὐτὰ
1165 1791 1231 1847 (τα
1268 1790 1432 1847 ἔπιπλα)
1471 1793 1538 1834 καὶ
1574 1792 1780 1848 οἰκητήρια

205 1846 367 1902 σκεύη.
426 1847 649 1891 ,Ἀλκαίου
679 1856 752 1890 τοῦ
780 1855 948 1903 ποιητοῦ
978 1847 1156 1899 εἰπόντος
1186 1849 1230 1891 ἐν
1260 1849 1460 1920 Πασιφάῃ
1489 1854 1569 1892 κτλ.
1602 1853 1776 1905 Hesyeh.

204 1906 411 1961 οἰκητήρια
441 1905 583 1958 σκεύη·
618 1906 694 1963 (sic
722 1906 1108 1963 interpungendum)
1139 1906 1187 1948 τὰ
1216 1904 1305 1948 κατ’
1340 1891 1467 1950 οἷκον.

971 2020 1026 2062 28

320 2103 544 2155 Hesychius
592 2099 727 2154 σαρδῶ
771 2102 876 2154 (οοᾶ.
915 2101 1088 2155 suedos)-
1130 2101 1175 2142 ἐν
1204 2099 1403 2157 Πασιφάῃ
1433 2099 1476 2143 τὸ
1507 2101 1726 2156 σαρδόνιον
1752 2100 1780 2156 ἡ

203 2157 412 2212 σφραγὶς
434 2159 599 2213 εἴρηται.
625 2158 669 2200 τὸ
689 2157 921 2214 σαρδόνιον]
946 2158 988 2199 τὸ
1009 2158 1176 2213 σάρδιον
1194 2161 1247 2201 Μ.
1271 2160 1465 2200 Schmidt.
1491 2161 1625 2212 ‘saepe
1645 2158 1780 2214 σαρδῶ

206 2231 279 2268 pro
310 2218 556 2269 sardonyche
588 2248 597 2257 .
621 2247 629 2256 .
655 2251 664 2260 .
705 2219 951 2269 usurpatur’.
989 2218 1162 2258 Lobeek.
1203 2218 1420 2283 Phrynieh.
1456 2220 1551 2258 187.
1587 2218 1778 2259 Philostr.

205 2275 330 2326 Imag.
365 2277 388 2315 6
419 2289 457 2325 p.
494 2277 517 2314 7
523 2277 576 2315 70
606 2273 729 2326 πολλὴ
758 2272 831 2326 μὲν
860 2273 951 2327 περὶ
979 2270 1126 2322 αὐτοὺς
1156 2270 1182 2325 ἡ
1212 2269 1365 2327 σαρδώ,
1398 2272 1521 2326 πολλὴ
1551 2271 1596 2314 δὲ
1623 2271 1649 2326 ἡ
1681 2274 1779 2327 σμά·

205 2331 359 2383 ραγδος.
391 2332 555 2371 Lucian.
588 2333 647 2372 De
678 2333 785 2375 dom.
819 2334 870 2372 15
902 2330 942 2379 ἐς
973 2330 1047 2384 τὴν
1077 2329 1210 2384 σαρδὼ
1240 2328 1269 2383 ἢ
1298 2329 1368 2371 τὸν
1397 2330 1631 2385 σμάραγδον
1659 2329 1779 2387 (ἄπο-

205 2386 373 2443 βλέπει).
406 2390 572 2429 dubium
603 2402 690 2430 esse
719 2401 801 2429 non
830 2391 965 2441 potest
995 2389 1093 2440 quin
1122 2391 1229 2428 recte
1259 2389 1482 2429 Meinekius
1513 2389 1564 2429 ad
1585 2390 1779 2430 Alcaeum

205 2447 419 2486 rettulerit.

738 2567 946 2604 ΑΔΗΛῼΝ
972 2570 1241 2619 ΔΡΑΜΑΤῼΝ

969 2659 1026 2702 29

410 2737 566 2794 ἐβίασέ
591 2754 681 2795 μου
711 2737 796 2794 τὴν
824 2746 1034 2795 γυναῖκα.

318 2822 768 2885 Bekker.Aneed.86,
802 2825 823 2861 1
861 2820 1022 2874 βιάσαι·
1061 2818 1152 2862 ἀντι
1187 2822 1258 2862 τοῦ
1296 2818 1536 2875 βιάσασθαι.
1592 2817 1776 2879 Ἀλκαῖος

204 2880 285 2917 κτλ.
317 2871 389 2930 τὴν
418 2874 591 2932 γυναῖκά
620 2892 697 2929 μου
727 2879 901 2920 Μθίιιθὶς·.
