<?xml version="1.0" encoding="UTF-8"?>
<!DOCTYPE html PUBLIC "-//W3C//DTD XHTML 1.0 Transitional//EN"
    "http://www.w3.org/TR/xhtml1/DTD/xhtml1-transitional.dtd">
<html xmlns="http://www.w3.org/1999/xhtml" xml:lang="en" lang="en">
 <head>
  <title>
</title>
<meta http-equiv="Content-Type" content="text/html;charset=utf-8" />
  <meta name='ocr-system' content='tesseract 3.04.00' />
  <meta name='ocr-capabilities' content='ocr_page ocr_carea ocr_par ocr_line ocrx_word'/>
</head>
<body>
  <div class='ocr_page' id='page_1' title='image "./comicorumatticor01kockuoft_0076.png"; bbox 0 0 1872 3224; ppageno 0'>
   <div class='ocr_carea' id='block_1_1' title="bbox 1666 0 1872 179">
    <p class='ocr_par' dir='ltr' id='par_1_1' title="bbox 1666 0 1872 179">
     <span class='ocr_line' id='line_1_1' title="bbox 1666 0 1872 179; baseline 0 3045"><span class='ocrx_word' id='word_1_1' title='bbox 1666 0 1872 179; x_wconf 95' lang='lat' dir='ltr'><em> </em></span> 
     </span>
    </p>
   </div>
   <div class='ocr_carea' id='block_1_2' title="bbox 220 213 1111 268">
    <p class='ocr_par' dir='ltr' id='par_1_2' title="bbox 220 213 1111 268">
     <span class='ocr_line' id='line_1_2' title="bbox 220 213 1111 268; baseline 0.001 -23"><span class='ocrx_word' id='word_1_2' title='bbox 220 227 273 268; x_wconf 82' lang='lat'><em>46</em></span> <span class='ocrx_word' id='word_1_3' title='bbox 859 213 1111 248; x_wconf 83' lang='lat' dir='ltr'><strong>KPATINOT</strong></span> 
     </span>
    </p>
   </div>
   <div class='ocr_carea' id='block_1_3' title="bbox 949 315 1026 357">
    <p class='ocr_par' dir='ltr' id='par_1_3' title="bbox 949 315 1026 357">
     <span class='ocr_line' id='line_1_3' title="bbox 949 315 1026 357; baseline 0 0"><span class='ocrx_word' id='word_1_4' title='bbox 949 315 1026 357; x_wconf 91' lang='grc'><em>101</em></span> 
     </span>
    </p>
   </div>
   <div class='ocr_carea' id='block_1_4' title="bbox 218 388 1835 1021">
    <p class='ocr_par' dir='ltr' id='par_1_4' title="bbox 218 388 1835 1021">
     <span class='ocr_line' id='line_1_4' title="bbox 330 388 1772 455; baseline -0.008 -9"><span class='ocrx_word' id='word_1_5' title='bbox 330 406 547 455; x_wconf 75' lang='lat' dir='ltr'>Stephanus</span> <span class='ocrx_word' id='word_1_6' title='bbox 586 403 681 452; x_wconf 84' lang='lat' dir='ltr'><strong>Byz.</strong></span> <span class='ocrx_word' id='word_1_7' title='bbox 715 396 864 450; x_wconf 85' lang='grc' dir='ltr'><em>Ἰβηρία</em></span> <span class='ocrx_word' id='word_1_8' title='bbox 891 395 1007 448; x_wconf 77' lang='grc' dir='ltr'><em>’Ίβηρ</em></span> <span class='ocrx_word' id='word_1_9' title='bbox 1035 393 1197 447; x_wconf 86' lang='grc' dir='ltr'><em>Ἴβηρος</em></span> <span class='ocrx_word' id='word_1_10' title='bbox 1234 389 1255 433; x_wconf 85' lang='grc' dir='ltr'>ὁ</span> <span class='ocrx_word' id='word_1_11' title='bbox 1283 392 1444 445; x_wconf 85' lang='grc' dir='ltr'><em>Ἴβηρος</em></span> <span class='ocrx_word' id='word_1_12' title='bbox 1475 423 1486 433; x_wconf 87' lang='grc'><em>.</em></span> <span class='ocrx_word' id='word_1_13' title='bbox 1517 426 1525 435; x_wconf 92' lang='grc'><em>.</em></span> <span class='ocrx_word' id='word_1_14' title='bbox 1557 422 1567 432; x_wconf 95' lang='grc'><em>.</em></span> <span class='ocrx_word' id='word_1_15' title='bbox 1598 389 1642 432; x_wconf 83' lang='grc' dir='ltr'><em>τὸ</em></span> <span class='ocrx_word' id='word_1_16' title='bbox 1671 388 1772 434; x_wconf 60' lang='lat' dir='ltr'><em>mm</em></span> 
     </span>
     <span class='ocr_line' id='line_1_5' title="bbox 219 447 1835 514; baseline -0.008 -12"><span class='ocrx_word' id='word_1_17' title='bbox 219 461 283 502; x_wconf 82' lang='grc' dir='ltr'><em>καὶ</em></span> <span class='ocrx_word' id='word_1_18' title='bbox 303 461 460 514; x_wconf 66' lang='grc' dir='ltr'><em>“Ἀβρων</em></span> <span class='ocrx_word' id='word_1_19' title='bbox 489 458 532 505; x_wconf 81' lang='grc' dir='ltr'><em>ἐν</em></span> <span class='ocrx_word' id='word_1_20' title='bbox 551 455 802 509; x_wconf 86' lang='grc' dir='ltr'><em>παρωνύμοις</em></span> <span class='ocrx_word' id='word_1_21' title='bbox 823 453 933 505; x_wconf 84' lang='grc' dir='ltr'><em>φησί.</em></span> <span class='ocrx_word' id='word_1_22' title='bbox 964 451 1030 491; x_wconf 85' lang='grc' dir='ltr'><em>καὶ</em></span> <span class='ocrx_word' id='word_1_23' title='bbox 1049 449 1401 503; x_wconf 82' lang='grc' dir='ltr'><em>αὐτὸςἼβηρος</em></span> <span class='ocrx_word' id='word_1_24' title='bbox 1431 447 1768 510; x_wconf 53' lang='grc' dir='ltr'><em>τραγοπαῖγωιζ</em></span> <span class='ocrx_word' id='word_1_25' title='bbox 1829 472 1835 477; x_wconf 83' lang='grc'><em>·</em></span> 
     </span>
     <span class='ocr_line' id='line_1_6' title="bbox 221 507 1768 566; baseline -0.006 -8"><span class='ocrx_word' id='word_1_26' title='bbox 221 519 264 558; x_wconf 78' lang='grc' dir='ltr'><em>ἐν</em></span> <span class='ocrx_word' id='word_1_27' title='bbox 301 519 538 562; x_wconf 78' lang='grc' dir='ltr'><strong><em>Μαλθακοῖς</em></strong></span> <span class='ocrx_word' id='word_1_28' title='bbox 578 514 726 565; x_wconf 82' lang='grc' dir='ltr'><em>εἴρηται</em></span> <span class='ocrx_word' id='word_1_29' title='bbox 762 511 975 563; x_wconf 87' lang='grc' dir='ltr'><em>Κρατίνου.</em></span> <span class='ocrx_word' id='word_1_30' title='bbox 1026 511 1066 548; x_wconf 88' lang='lat' dir='ltr'><em>in</em></span> <span class='ocrx_word' id='word_1_31' title='bbox 1105 509 1278 547; x_wconf 80' lang='lat' dir='ltr'><strong>editione</strong></span> <span class='ocrx_word' id='word_1_32' title='bbox 1318 507 1512 558; x_wconf 75' lang='lat' dir='ltr'>Stephani</span> <span class='ocrx_word' id='word_1_33' title='bbox 1542 507 1768 566; x_wconf 64' lang='lat' dir='ltr'>Meinekinb</span> 
     </span>
     <span class='ocr_line' id='line_1_7' title="bbox 220 565 1766 627; baseline -0.008 -12"><span class='ocrx_word' id='word_1_34' title='bbox 220 573 439 627; x_wconf 82' lang='grc' dir='ltr'><em>αὐτίβηρος,</em></span> <span class='ocrx_word' id='word_1_35' title='bbox 471 575 531 611; x_wconf 89' lang='lat' dir='ltr'><em>‘ut</em></span> <span class='ocrx_word' id='word_1_36' title='bbox 560 568 751 615; x_wconf 78' lang='grc' dir='ltr'><em>αὐτόθαϊς</em></span> <span class='ocrx_word' id='word_1_37' title='bbox 773 571 832 609; x_wconf 78' lang='lat' dir='ltr'><em>die</em></span> <span class='ocrx_word' id='word_1_38' title='bbox 861 567 1078 616; x_wconf 75' lang='lat' dir='ltr'><em>leibhaftiye</em></span> <span class='ocrx_word' id='word_1_39' title='bbox 1099 567 1221 605; x_wconf 61' lang='lat' dir='ltr'><em>Thais</em></span> <span class='ocrx_word' id='word_1_40' title='bbox 1242 566 1354 617; x_wconf 80' lang='lat' dir='ltr'>(Luc.</span> <span class='ocrx_word' id='word_1_41' title='bbox 1376 565 1493 604; x_wconf 83' lang='lat' dir='ltr'>Rhet.</span> <span class='ocrx_word' id='word_1_42' title='bbox 1525 573 1657 615; x_wconf 79' lang='lat' dir='ltr'>praec.</span> <span class='ocrx_word' id='word_1_43' title='bbox 1678 565 1766 618; x_wconf 78' lang='lat'>12),</span> 
     </span>
     <span class='ocr_line' id='line_1_8' title="bbox 220 620 1823 678; baseline -0.006 -7"><span class='ocrx_word' id='word_1_44' title='bbox 220 625 538 675; x_wconf 85' lang='grc' dir='ltr'><em>αὐτοσκαπανεύς</em></span> <span class='ocrx_word' id='word_1_45' title='bbox 576 628 769 678; x_wconf 84' lang='lat' dir='ltr'><strong>(Alciphr.</strong></span> <span class='ocrx_word' id='word_1_46' title='bbox 812 628 856 677; x_wconf 87' lang='lat'><em>3,</em></span> <span class='ocrx_word' id='word_1_47' title='bbox 897 622 967 676; x_wconf 83' lang='grc'><em>70)</em></span> <span class='ocrx_word' id='word_1_48' title='bbox 1006 628 1046 663; x_wconf 86' lang='lat' dir='ltr'><em>et</em></span> <span class='ocrx_word' id='word_1_49' title='bbox 1085 623 1259 663; x_wconf 84' lang='lat' dir='ltr'>similia’.</span> <span class='ocrx_word' id='word_1_50' title='bbox 1308 622 1483 662; x_wconf 85' lang='lat' dir='ltr'>Cobetus</span> <span class='ocrx_word' id='word_1_51' title='bbox 1522 621 1573 661; x_wconf 86' lang='lat' dir='ltr'><em>N.</em></span> <span class='ocrx_word' id='word_1_52' title='bbox 1613 620 1642 662; x_wconf 89' lang='grc'><em>1.</em></span> <span class='ocrx_word' id='word_1_53' title='bbox 1685 622 1767 678; x_wconf 59' lang='lat'><em>1433</em></span> <span class='ocrx_word' id='word_1_54' title='bbox 1820 634 1823 636; x_wconf 62' lang='grc'><strong>“</strong></span> 
     </span>
     <span class='ocr_line' id='line_1_9' title="bbox 219 678 1770 739; baseline -0.005 -11"><span class='ocrx_word' id='word_1_55' title='bbox 219 684 463 739; x_wconf 80' lang='grc' dir='ltr'><em>αὖτοΐβηρος,</em></span> <span class='ocrx_word' id='word_1_56' title='bbox 493 689 539 724; x_wconf 86' lang='lat' dir='ltr'><em>ut</em></span> <span class='ocrx_word' id='word_1_57' title='bbox 567 681 876 734; x_wconf 76' lang='grc' dir='ltr'><em>αὐτοάνθρωπος</em></span> <span class='ocrx_word' id='word_1_58' title='bbox 907 684 980 720; x_wconf 83' lang='lat' dir='ltr'>cet.</span> <span class='ocrx_word' id='word_1_59' title='bbox 1013 683 1054 719; x_wconf 79' lang='lat' dir='ltr'><em>at</em></span> <span class='ocrx_word' id='word_1_60' title='bbox 1084 680 1279 719; x_wconf 82' lang='lat' dir='ltr'>eiusmodi</span> <span class='ocrx_word' id='word_1_61' title='bbox 1309 680 1461 718; x_wconf 85' lang='lat' dir='ltr'>formae</span> <span class='ocrx_word' id='word_1_62' title='bbox 1492 678 1600 729; x_wconf 83' lang='lat' dir='ltr'>apud</span> <span class='ocrx_word' id='word_1_63' title='bbox 1626 679 1770 720; x_wconf 72' lang='lat' dir='ltr'><strong>Lucia·-</strong></span> 
     </span>
     <span class='ocr_line' id='line_1_10' title="bbox 218 731 1767 790; baseline -0.006 -6"><span class='ocrx_word' id='word_1_64' title='bbox 218 759 311 784; x_wconf 91' lang='lat' dir='ltr'><em>num</em></span> <span class='ocrx_word' id='word_1_65' title='bbox 339 745 604 789; x_wconf 85' lang='lat' dir='ltr'>inveniuntur,</span> <span class='ocrx_word' id='word_1_66' title='bbox 637 742 739 790; x_wconf 86' lang='lat' dir='ltr'>apud</span> <span class='ocrx_word' id='word_1_67' title='bbox 770 740 936 778; x_wconf 83' lang='lat' dir='ltr'>comicos</span> <span class='ocrx_word' id='word_1_68' title='bbox 966 751 1046 776; x_wconf 94' lang='lat' dir='ltr'><em>non</em></span> <span class='ocrx_word' id='word_1_69' title='bbox 1075 738 1190 776; x_wconf 87' lang='lat' dir='ltr'>item:</span> <span class='ocrx_word' id='word_1_70' title='bbox 1230 750 1322 776; x_wconf 82' lang='lat' dir='ltr'><em>nam</em></span> <span class='ocrx_word' id='word_1_71' title='bbox 1360 732 1609 787; x_wconf 79' lang='grc' dir='ltr'><em>αὐτόκακος,</em></span> <span class='ocrx_word' id='word_1_72' title='bbox 1646 731 1767 775; x_wconf 80' lang='grc' dir='ltr'><em>αὐτο·-</em></span> 
     </span>
     <span class='ocr_line' id='line_1_11' title="bbox 219 789 1769 853; baseline -0.004 -14"><span class='ocrx_word' id='word_1_73' title='bbox 219 801 427 853; x_wconf 84' lang='grc' dir='ltr'><em>κάβὸαλος,</em></span> <span class='ocrx_word' id='word_1_74' title='bbox 457 795 749 848; x_wconf 82' lang='grc' dir='ltr'><em>αὐτολήκυθος,</em></span> <span class='ocrx_word' id='word_1_75' title='bbox 780 789 1057 846; x_wconf 80' lang='grc' dir='ltr'><em>αὐτοπυρίτης,</em></span> <span class='ocrx_word' id='word_1_76' title='bbox 1090 789 1309 844; x_wconf 76' lang='grc' dir='ltr'><em>αὐτόσιτος,</em></span> <span class='ocrx_word' id='word_1_77' title='bbox 1342 789 1590 846; x_wconf 78' lang='grc' dir='ltr'><em>αὐτόφορτος</em></span> <span class='ocrx_word' id='word_1_78' title='bbox 1621 793 1769 833; x_wconf 75' lang='lat' dir='ltr'><strong>similia</strong></span> 
     </span>
     <span class='ocr_line' id='line_1_12' title="bbox 219 851 1770 907; baseline -0.003 -11"><span class='ocrx_word' id='word_1_79' title='bbox 219 859 267 896; x_wconf 85' lang='lat' dir='ltr'><em>ad</em></span> <span class='ocrx_word' id='word_1_80' title='bbox 296 858 402 896; x_wconf 85' lang='lat' dir='ltr'>aliud</span> <span class='ocrx_word' id='word_1_81' title='bbox 439 869 561 907; x_wconf 86' lang='lat' dir='ltr'>genus</span> <span class='ocrx_word' id='word_1_82' title='bbox 598 855 809 905; x_wconf 72' lang='lat' dir='ltr'><strong>pertinent.</strong></span> <span class='ocrx_word' id='word_1_83' title='bbox 847 854 980 901; x_wconf 84' lang='lat' dir='ltr'>itaque</span> <span class='ocrx_word' id='word_1_84' title='bbox 1016 852 1142 890; x_wconf 85' lang='lat' dir='ltr'>tutius</span> <span class='ocrx_word' id='word_1_85' title='bbox 1178 851 1354 900; x_wconf 85' lang='lat' dir='ltr'>videtur,</span> <span class='ocrx_word' id='word_1_86' title='bbox 1394 853 1440 890; x_wconf 91' lang='lat' dir='ltr'><em>ut</em></span> <span class='ocrx_word' id='word_1_87' title='bbox 1477 851 1644 890; x_wconf 82' lang='lat' dir='ltr'>antehac</span> <span class='ocrx_word' id='word_1_88' title='bbox 1673 851 1770 891; x_wconf 57' lang='lat' dir='ltr'>feeit</span> 
     </span>
     <span class='ocr_line' id='line_1_13' title="bbox 219 907 1768 961; baseline -0.003 -8"><span class='ocrx_word' id='word_1_89' title='bbox 219 915 448 961; x_wconf 84' lang='lat' dir='ltr'>Meinekius,</span> <span class='ocrx_word' id='word_1_90' title='bbox 481 909 501 950; x_wconf 87' lang='grc' dir='ltr'>ὁ</span> <span class='ocrx_word' id='word_1_91' title='bbox 530 907 647 958; x_wconf 79' lang='grc' dir='ltr'><em>αὐτός</em></span> <span class='ocrx_word' id='word_1_92' title='bbox 678 911 726 949; x_wconf 83' lang='lat' dir='ltr'><em>ad</em></span> <span class='ocrx_word' id='word_1_93' title='bbox 746 910 972 948; x_wconf 82' lang='lat' dir='ltr'>Habronem</span> <span class='ocrx_word' id='word_1_94' title='bbox 993 921 1110 958; x_wconf 88' lang='lat' dir='ltr'>quem</span> <span class='ocrx_word' id='word_1_95' title='bbox 1131 908 1248 947; x_wconf 90' lang='lat' dir='ltr'>modo</span> <span class='ocrx_word' id='word_1_96' title='bbox 1271 907 1768 948; x_wconf 61' lang='lat' dir='ltr'>commemoraveratste-</span> 
     </span>
     <span class='ocr_line' id='line_1_14' title="bbox 219 962 1829 1021; baseline -0.005 -12"><span class='ocrx_word' id='word_1_97' title='bbox 219 972 388 1021; x_wconf 85' lang='lat' dir='ltr'>phanus,</span> <span class='ocrx_word' id='word_1_98' title='bbox 427 971 589 1016; x_wconf 87' lang='lat' dir='ltr'>referre,</span> <span class='ocrx_word' id='word_1_99' title='bbox 629 968 787 1007; x_wconf 85' lang='lat' dir='ltr'>Cratino</span> <span class='ocrx_word' id='word_1_100' title='bbox 831 969 961 1005; x_wconf 86' lang='lat' dir='ltr'>autem</span> <span class='ocrx_word' id='word_1_101' title='bbox 1003 966 1086 1004; x_wconf 84' lang='lat' dir='ltr'>sola</span> <span class='ocrx_word' id='word_1_102' title='bbox 1133 965 1255 1004; x_wconf 85' lang='lat' dir='ltr'>verba</span> <span class='ocrx_word' id='word_1_103' title='bbox 1287 962 1450 1018; x_wconf 85' lang='grc' dir='ltr'><em>Ἴβηρος</em></span> <span class='ocrx_word' id='word_1_104' title='bbox 1499 962 1770 1018; x_wconf 75' lang='grc' dir='ltr'><em>τραγοπαίγων</em></span> <span class='ocrx_word' id='word_1_105' title='bbox 1800 968 1829 990; x_wconf 38' lang='lat'><em>*-</em></span> 
     </span>
    </p>
   </div>
   <div class='ocr_carea' id='block_1_5' title="bbox 220 1028 1022 1118">
    <p class='ocr_par' dir='ltr' id='par_1_5' title="bbox 220 1028 1022 1118">
     <span class='ocr_line' id='line_1_15' title="bbox 220 1028 405 1068; baseline 0.011 -2"><span class='ocrx_word' id='word_1_106' title='bbox 220 1028 405 1068; x_wconf 78' lang='lat' dir='ltr'>tribuere.</span> 
     </span>
     <span class='ocr_line' id='line_1_16' title="bbox 942 1076 1022 1118; baseline 0 0"><span class='ocrx_word' id='word_1_107' title='bbox 942 1076 1022 1118; x_wconf 81' lang='grc'><em>102</em></span> 
     </span>
    </p>
   </div>
   <div class='ocr_carea' id='block_1_6' title="bbox 218 1154 1831 1555">
    <p class='ocr_par' dir='ltr' id='par_1_6' title="bbox 218 1154 1831 1555">
     <span class='ocr_line' id='line_1_17' title="bbox 329 1154 1811 1212; baseline -0.002 -11"><span class='ocrx_word' id='word_1_108' title='bbox 329 1163 491 1201; x_wconf 86' lang='lat' dir='ltr'>Photius</span> <span class='ocrx_word' id='word_1_109' title='bbox 522 1163 561 1200; x_wconf 86' lang='lat' dir='ltr'><em>et</em></span> <span class='ocrx_word' id='word_1_110' title='bbox 592 1161 730 1200; x_wconf 75' lang='lat' dir='ltr'>suidas</span> <span class='ocrx_word' id='word_1_111' title='bbox 763 1159 952 1197; x_wconf 87' lang='grc' dir='ltr'><em>Κυλλοῦ</em></span> <span class='ocrx_word' id='word_1_112' title='bbox 975 1155 1170 1212; x_wconf 80' lang='grc' dir='ltr'><em>(Κύλλου)</em></span> <span class='ocrx_word' id='word_1_113' title='bbox 1199 1154 1388 1211; x_wconf 82' lang='grc' dir='ltr'><strong><em>πήραν·</em></strong></span> <span class='ocrx_word' id='word_1_114' title='bbox 1420 1155 1445 1210; x_wconf 84' lang='grc' dir='ltr'><em>ἡ</em></span> <span class='ocrx_word' id='word_1_115' title='bbox 1479 1157 1601 1211; x_wconf 85' lang='grc' dir='ltr'><em>Πήρα</em></span> <span class='ocrx_word' id='word_1_116' title='bbox 1621 1156 1767 1211; x_wconf 83' lang='grc' dir='ltr'><em>χωρίον</em></span> <span class='ocrx_word' id='word_1_117' title='bbox 1808 1203 1811 1212; x_wconf 21' lang='lat'><em>³</em></span> 
     </span>
     <span class='ocr_line' id='line_1_18' title="bbox 219 1210 1831 1272; baseline -0.001 -14"><span class='ocrx_word' id='word_1_118' title='bbox 219 1217 314 1271; x_wconf 72' lang='grc' dir='ltr'><em>πρὸς</em></span> <span class='ocrx_word' id='word_1_119' title='bbox 336 1218 386 1272; x_wconf 75' lang='grc' dir='ltr'><em>τῷ</em></span> <span class='ocrx_word' id='word_1_120' title='bbox 403 1216 590 1271; x_wconf 77' lang='grc' dir='ltr'><em>Ὑμηττῷ,</em></span> <span class='ocrx_word' id='word_1_121' title='bbox 622 1215 664 1256; x_wconf 81' lang='grc' dir='ltr'><em>ἐν</em></span> <span class='ocrx_word' id='word_1_122' title='bbox 683 1211 716 1271; x_wconf 70' lang='grc' dir='ltr'><em>ᾧ</em></span> <span class='ocrx_word' id='word_1_123' title='bbox 735 1213 841 1268; x_wconf 82' lang='grc' dir='ltr'><em>ἶερόν</em></span> <span class='ocrx_word' id='word_1_124' title='bbox 858 1212 1115 1268; x_wconf 80' lang='grc' dir='ltr'><em>Ἀφροδίτης,</em></span> <span class='ocrx_word' id='word_1_125' title='bbox 1146 1214 1218 1254; x_wconf 45' lang='grc' dir='ltr'><em>καὶ.</em></span> <span class='ocrx_word' id='word_1_126' title='bbox 1233 1214 1360 1268; x_wconf 81' lang='grc' dir='ltr'><strong><em>κρήνη</em></strong></span> <span class='ocrx_word' id='word_1_127' title='bbox 1387 1214 1437 1265; x_wconf 78' lang='grc' dir='ltr'><em>ἐξ.</em></span> <span class='ocrx_word' id='word_1_128' title='bbox 1455 1210 1506 1268; x_wconf 82' lang='grc' dir='ltr'><em>ἧς</em></span> <span class='ocrx_word' id='word_1_129' title='bbox 1533 1216 1580 1256; x_wconf 77' lang='grc' dir='ltr'><em>αἱ</em></span> <span class='ocrx_word' id='word_1_130' title='bbox 1602 1220 1770 1256; x_wconf 84' lang='grc' dir='ltr'><em>πιοῦσαι</em></span> <span class='ocrx_word' id='word_1_131' title='bbox 1827 1235 1831 1241; x_wconf 84' lang='grc'><strong><em>·</em></strong></span> 
     </span>
     <span class='ocr_line' id='line_1_19' title="bbox 220 1270 1817 1325; baseline -0.001 -11"><span class='ocrx_word' id='word_1_132' title='bbox 220 1273 449 1315; x_wconf 83' lang='grc' dir='ltr'><em>εὐτοκοῦσιν</em></span> <span class='ocrx_word' id='word_1_133' title='bbox 477 1273 542 1313; x_wconf 84' lang='grc' dir='ltr'><em>καὶ</em></span> <span class='ocrx_word' id='word_1_134' title='bbox 571 1274 615 1312; x_wconf 81' lang='grc' dir='ltr'><em>αἱ</em></span> <span class='ocrx_word' id='word_1_135' title='bbox 640 1272 774 1325; x_wconf 78' lang='grc' dir='ltr'><em>ἄγονοι</em></span> <span class='ocrx_word' id='word_1_136' title='bbox 803 1270 955 1325; x_wconf 78' lang='grc' dir='ltr'><em>γόνιμοι</em></span> <span class='ocrx_word' id='word_1_137' title='bbox 984 1272 1171 1325; x_wconf 84' lang='grc' dir='ltr'><em>γίνονται.</em></span> <span class='ocrx_word' id='word_1_138' title='bbox 1204 1274 1401 1325; x_wconf 85' lang='grc' dir='ltr'><em>Κρατῖνος</em></span> <span class='ocrx_word' id='word_1_139' title='bbox 1433 1270 1478 1312; x_wconf 82' lang='grc' dir='ltr'><em>δὲ</em></span> <span class='ocrx_word' id='word_1_140' title='bbox 1509 1271 1553 1313; x_wconf 79' lang='grc' dir='ltr'><em>ἐν</em></span> <span class='ocrx_word' id='word_1_141' title='bbox 1583 1274 1765 1313; x_wconf 74' lang='grc' dir='ltr'><em>Μαλθα-</em></span> <span class='ocrx_word' id='word_1_142' title='bbox 1814 1291 1817 1294; x_wconf 93' lang='grc'><em>·</em></span> 
     </span>
     <span class='ocr_line' id='line_1_20' title="bbox 219 1326 1769 1384; baseline -0.001 -13"><span class='ocrx_word' id='word_1_143' title='bbox 219 1336 300 1379; x_wconf 84' lang='grc' dir='ltr'><em>κοῖς</em></span> <span class='ocrx_word' id='word_1_144' title='bbox 343 1329 497 1370; x_wconf 79' lang='grc' dir='ltr'><em>Καλιάν</em></span> <span class='ocrx_word' id='word_1_145' title='bbox 541 1328 700 1383; x_wconf 76' lang='lat' dir='ltr'><strong>(Sujdas</strong></span> <span class='ocrx_word' id='word_1_146' title='bbox 746 1329 938 1384; x_wconf 77' lang='grc' dir='ltr'><em>Καλλίαν)</em></span> <span class='ocrx_word' id='word_1_147' title='bbox 983 1326 1111 1381; x_wconf 80' lang='grc' dir='ltr'><em>αὐτήν</em></span> <span class='ocrx_word' id='word_1_148' title='bbox 1155 1341 1291 1381; x_wconf 84' lang='grc' dir='ltr'><em>φησιν.</em></span> <span class='ocrx_word' id='word_1_149' title='bbox 1337 1330 1378 1369; x_wconf 79' lang='grc' dir='ltr'><em>οἱ</em></span> <span class='ocrx_word' id='word_1_150' title='bbox 1419 1327 1464 1369; x_wconf 82' lang='grc' dir='ltr'><em>δὲ</em></span> <span class='ocrx_word' id='word_1_151' title='bbox 1504 1328 1769 1384; x_wconf 86' lang='grc' dir='ltr'><em>Κολλοπήραν</em></span> 
     </span>
     <span class='ocr_line' id='line_1_21' title="bbox 220 1384 1822 1443; baseline -0.002 -14"><span class='ocrx_word' id='word_1_152' title='bbox 220 1386 379 1443; x_wconf 85' lang='lat' dir='ltr'>(Suidas</span> <span class='ocrx_word' id='word_1_153' title='bbox 409 1387 563 1426; x_wconf 85' lang='grc' dir='ltr'><em>Κύλλου</em></span> <span class='ocrx_word' id='word_1_154' title='bbox 593 1386 755 1439; x_wconf 85' lang='grc' dir='ltr'><em>πήραν).</em></span> <span class='ocrx_word' id='word_1_155' title='bbox 786 1385 959 1426; x_wconf 75' lang='grc' dir='ltr'><em>τάττεται</em></span> <span class='ocrx_word' id='word_1_156' title='bbox 988 1384 1024 1425; x_wconf 79' lang='grc' dir='ltr'><em>δ’</em></span> <span class='ocrx_word' id='word_1_157' title='bbox 1059 1384 1084 1438; x_wconf 85' lang='grc' dir='ltr'>ἡ</span> <span class='ocrx_word' id='word_1_158' title='bbox 1115 1387 1303 1439; x_wconf 86' lang='grc' dir='ltr'><em>παροιμία</em></span> <span class='ocrx_word' id='word_1_159' title='bbox 1334 1385 1397 1426; x_wconf 83' lang='grc' dir='ltr'><em>ἐπὶ</em></span> <span class='ocrx_word' id='word_1_160' title='bbox 1429 1392 1511 1428; x_wconf 79' lang='grc' dir='ltr'><em>τῶν</em></span> <span class='ocrx_word' id='word_1_161' title='bbox 1540 1386 1614 1440; x_wconf 85' lang='grc' dir='ltr'><em>τὴν</em></span> <span class='ocrx_word' id='word_1_162' title='bbox 1643 1386 1770 1439; x_wconf 78' lang='grc' dir='ltr'><em>φύσιν</em></span> <span class='ocrx_word' id='word_1_163' title='bbox 1819 1423 1822 1426; x_wconf 27' lang='lat'><em>⁴</em></span> 
     </span>
     <span class='ocr_line' id='line_1_22' title="bbox 218 1441 1764 1497; baseline 0.002 -14"><span class='ocrx_word' id='word_1_164' title='bbox 218 1443 432 1497; x_wconf 82' lang='grc' dir='ltr'><em>βιαζομέων</em></span> <span class='ocrx_word' id='word_1_165' title='bbox 452 1443 490 1492; x_wconf 80' lang='grc' dir='ltr'><em>ἐξ</em></span> <span class='ocrx_word' id='word_1_166' title='bbox 511 1442 800 1496; x_wconf 81' lang='grc' dir='ltr'><em>ἐπιτεχνήσεως.</em></span> <span class='ocrx_word' id='word_1_167' title='bbox 822 1445 942 1484; x_wconf 79' lang='lat' dir='ltr'>verba</span> <span class='ocrx_word' id='word_1_168' title='bbox 961 1442 1104 1482; x_wconf 81' lang='grc' dir='ltr'><em>καλιὰν</em></span> <span class='ocrx_word' id='word_1_169' title='bbox 1124 1441 1253 1496; x_wconf 80' lang='grc' dir='ltr'><em>αὐτήν</em></span> <span class='ocrx_word' id='word_1_170' title='bbox 1274 1456 1398 1496; x_wconf 84' lang='grc' dir='ltr'><em>φησιν</em></span> <span class='ocrx_word' id='word_1_171' title='bbox 1417 1447 1460 1485; x_wconf 90' lang='lat' dir='ltr'><em>in</em></span> <span class='ocrx_word' id='word_1_172' title='bbox 1481 1445 1600 1485; x_wconf 81' lang='lat' dir='ltr'>Phot.</span> <span class='ocrx_word' id='word_1_173' title='bbox 1631 1445 1764 1486; x_wconf 83' lang='lat' dir='ltr'>codice</span> 
     </span>
     <span class='ocr_line' id='line_1_23' title="bbox 220 1502 1767 1555; baseline 0.001 -14"><span class='ocrx_word' id='word_1_174' title='bbox 220 1517 242 1541; x_wconf 86' lang='lat' dir='ltr'>a</span> <span class='ocrx_word' id='word_1_175' title='bbox 261 1505 474 1542; x_wconf 82' lang='lat' dir='ltr'>correctore</span> <span class='ocrx_word' id='word_1_176' title='bbox 494 1502 626 1540; x_wconf 84' lang='lat' dir='ltr'>addita</span> <span class='ocrx_word' id='word_1_177' title='bbox 648 1515 731 1541; x_wconf 82' lang='lat' dir='ltr'>esse</span> <span class='ocrx_word' id='word_1_178' title='bbox 752 1503 905 1541; x_wconf 86' lang='lat' dir='ltr'>monuit</span> <span class='ocrx_word' id='word_1_179' title='bbox 923 1502 1144 1541; x_wconf 82' lang='lat' dir='ltr'>Dobraeus.</span> <span class='ocrx_word' id='word_1_180' title='bbox 1167 1503 1303 1553; x_wconf 84' lang='lat' dir='ltr'>itaque</span> <span class='ocrx_word' id='word_1_181' title='bbox 1325 1503 1547 1543; x_wconf 84' lang='lat' dir='ltr'>Meinekius</span> <span class='ocrx_word' id='word_1_182' title='bbox 1567 1503 1767 1555; x_wconf 82' lang='grc' dir='ltr'><em>Κρατῖνος</em></span> 
     </span>
    </p>
   </div>
   <div class='ocr_carea' id='block_1_7' title="bbox 219 1551 1869 1616">
    <p class='ocr_par' dir='ltr' id='par_1_7' title="bbox 219 1551 1869 1616">
     <span class='ocr_line' id='line_1_24' title="bbox 219 1551 1869 1616; baseline 0.002 -19"><span class='ocrx_word' id='word_1_183' title='bbox 219 1556 262 1597; x_wconf 80' lang='grc' dir='ltr'><em>δὲ</em></span> <span class='ocrx_word' id='word_1_184' title='bbox 292 1557 335 1597; x_wconf 84' lang='grc' dir='ltr'><em>ἐν</em></span> <span class='ocrx_word' id='word_1_185' title='bbox 365 1560 603 1604; x_wconf 81' lang='grc' dir='ltr'><em>Μαλθακοῖς</em></span> <span class='ocrx_word' id='word_1_186' title='bbox 634 1553 714 1597; x_wconf 80' lang='grc' dir='ltr'><em>οἶδε</em></span> <span class='ocrx_word' id='word_1_187' title='bbox 748 1557 901 1616; x_wconf 67' lang='grc' dir='ltr'><em>Κύλλου</em></span> <span class='ocrx_word' id='word_1_188' title='bbox 930 1557 1078 1611; x_wconf 84' lang='grc' dir='ltr'><em>πήραν.</em></span> <span class='ocrx_word' id='word_1_189' title='bbox 1112 1559 1258 1600; x_wconf 85' lang='lat' dir='ltr'>Herod.</span> <span class='ocrx_word' id='word_1_190' title='bbox 1289 1559 1310 1598; x_wconf 92' lang='lat' dir='ltr'>I</span> <span class='ocrx_word' id='word_1_191' title='bbox 1343 1560 1435 1608; x_wconf 87' lang='grc'><strong>157,</strong></span> <span class='ocrx_word' id='word_1_192' title='bbox 1471 1562 1535 1602; x_wconf 86' lang='grc'><em>17.</em></span> <span class='ocrx_word' id='word_1_193' title='bbox 1566 1560 1608 1600; x_wconf 94' lang='grc' dir='ltr'>Π</span> <span class='ocrx_word' id='word_1_194' title='bbox 1637 1561 1676 1609; x_wconf 83' lang='grc'><em>3,</em></span> <span class='ocrx_word' id='word_1_195' title='bbox 1699 1560 1767 1609; x_wconf 75' lang='grc'><em>28.</em></span> <span class='ocrx_word' id='word_1_196' title='bbox 1836 1589 1842 1593; x_wconf 89' lang='grc'><strong>-</strong></span> <span class='ocrx_word' id='word_1_197' title='bbox 1867 1551 1869 1556; x_wconf 47' lang='grc'><strong>’</strong></span> 
     </span>
    </p>
   </div>
   <div class='ocr_carea' id='block_1_8' title="bbox 218 1610 1770 2122">
    <p class='ocr_par' dir='ltr' id='par_1_8' title="bbox 218 1610 1770 2122">
     <span class='ocr_line' id='line_1_25' title="bbox 221 1610 1768 1671; baseline 0.002 -17"><span class='ocrx_word' id='word_1_198' title='bbox 221 1616 311 1663; x_wconf 87' lang='grc'><em>918,</em></span> <span class='ocrx_word' id='word_1_199' title='bbox 345 1617 367 1652; x_wconf 97' lang='grc'>2</span> <span class='ocrx_word' id='word_1_200' title='bbox 399 1613 562 1661; x_wconf 74' lang='grc' dir='ltr'><em>Κύλλος</em></span> <span class='ocrx_word' id='word_1_201' title='bbox 581 1612 622 1653; x_wconf 85' lang='grc' dir='ltr'><em>τὸ</em></span> <span class='ocrx_word' id='word_1_202' title='bbox 652 1612 811 1665; x_wconf 83' lang='grc' dir='ltr'><em>κύριον,</em></span> <span class='ocrx_word' id='word_1_203' title='bbox 850 1616 897 1655; x_wconf 83' lang='grc' dir='ltr'><em>οὐ</em></span> <span class='ocrx_word' id='word_1_204' title='bbox 928 1614 1119 1666; x_wconf 82' lang='grc' dir='ltr'><em>μέμνηται</em></span> <span class='ocrx_word' id='word_1_205' title='bbox 1148 1614 1214 1654; x_wconf 82' lang='grc' dir='ltr'><em>καὶ</em></span> <span class='ocrx_word' id='word_1_206' title='bbox 1242 1610 1533 1668; x_wconf 85' lang='grc' dir='ltr'><em>Ἀριστοφάνης</em></span> <span class='ocrx_word' id='word_1_207' title='bbox 1564 1614 1633 1671; x_wconf 86' lang='lat' dir='ltr'>(fr.</span> <span class='ocrx_word' id='word_1_208' title='bbox 1665 1615 1768 1668; x_wconf 80' lang='lat'><em>2⁷3)</em></span> 
     </span>
     <span class='ocr_line' id='line_1_26' title="bbox 219 1669 1766 1727; baseline 0.003 -17"><span class='ocrx_word' id='word_1_209' title='bbox 219 1670 284 1710; x_wconf 83' lang='grc' dir='ltr'><em>καὶ</em></span> <span class='ocrx_word' id='word_1_210' title='bbox 314 1673 506 1723; x_wconf 85' lang='grc' dir='ltr'><em>Κρατῖνος</em></span> <span class='ocrx_word' id='word_1_211' title='bbox 536 1669 578 1710; x_wconf 82' lang='grc' dir='ltr'><em>ἐν</em></span> <span class='ocrx_word' id='word_1_212' title='bbox 609 1673 861 1721; x_wconf 76' lang='grc' dir='ltr'><em>Μαλθακοῖς.</em></span> <span class='ocrx_word' id='word_1_213' title='bbox 891 1673 1041 1712; x_wconf 84' lang='lat' dir='ltr'>Herod.</span> <span class='ocrx_word' id='word_1_214' title='bbox 1072 1673 1113 1712; x_wconf 92' lang='lat' dir='ltr'><em>II</em></span> <span class='ocrx_word' id='word_1_215' title='bbox 1134 1674 1230 1725; x_wconf 84' lang='lat'>534,</span> <span class='ocrx_word' id='word_1_216' title='bbox 1254 1675 1277 1711; x_wconf 89' lang='lat'><strong>3</strong></span> <span class='ocrx_word' id='word_1_217' title='bbox 1310 1674 1434 1713; x_wconf 77' lang='lat' dir='ltr'>Lentz</span> <span class='ocrx_word' id='word_1_218' title='bbox 1466 1672 1660 1727; x_wconf 81' lang='lat' dir='ltr'>(Hesych.</span> <span class='ocrx_word' id='word_1_219' title='bbox 1681 1672 1766 1714; x_wconf 64' lang='lat' dir='ltr'><em>xl).-</em></span> 
     </span>
     <span class='ocr_line' id='line_1_27' title="bbox 219 1727 1769 1783; baseline 0.003 -17"><span class='ocrx_word' id='word_1_220' title='bbox 219 1730 315 1778; x_wconf 86' lang='grc' dir='ltr'><em>λεια,</em></span> <span class='ocrx_word' id='word_1_221' title='bbox 345 1729 395 1767; x_wconf 84' lang='lat' dir='ltr'><em>cf.</em></span> <span class='ocrx_word' id='word_1_222' title='bbox 426 1729 542 1767; x_wconf 84' lang='lat' dir='ltr'>etiam</span> <span class='ocrx_word' id='word_1_223' title='bbox 572 1727 714 1767; x_wconf 82' lang='grc' dir='ltr'><em>κύλλου</em></span> <span class='ocrx_word' id='word_1_224' title='bbox 744 1728 870 1783; x_wconf 84' lang='grc' dir='ltr'><em>πήρα)</em></span> <span class='ocrx_word' id='word_1_225' title='bbox 900 1728 1047 1768; x_wconf 89' lang='grc' dir='ltr'><em>κίλλεια</em></span> <span class='ocrx_word' id='word_1_226' title='bbox 1081 1759 1089 1768; x_wconf 87' lang='grc'><em>.</em></span> <span class='ocrx_word' id='word_1_227' title='bbox 1114 1759 1122 1767; x_wconf 93' lang='grc'><em>.</em></span> <span class='ocrx_word' id='word_1_228' title='bbox 1148 1762 1156 1770; x_wconf 94' lang='grc'><em>.</em></span> <span class='ocrx_word' id='word_1_229' title='bbox 1187 1727 1216 1781; x_wconf 72' lang='grc' dir='ltr'><em>ἦ</em></span> <span class='ocrx_word' id='word_1_230' title='bbox 1244 1729 1351 1783; x_wconf 77' lang='grc' dir='ltr'><em>πηγὴ</em></span> <span class='ocrx_word' id='word_1_231' title='bbox 1382 1728 1410 1782; x_wconf 76' lang='grc' dir='ltr'><em>ἢ</em></span> <span class='ocrx_word' id='word_1_232' title='bbox 1438 1730 1586 1783; x_wconf 85' lang='grc' dir='ltr'><em>κρήνη·</em></span> <span class='ocrx_word' id='word_1_233' title='bbox 1618 1728 1647 1783; x_wconf 81' lang='grc' dir='ltr'><strong><em>ἦ</em></strong></span> <span class='ocrx_word' id='word_1_234' title='bbox 1676 1729 1769 1783; x_wconf 76' lang='grc' dir='ltr'><em>ὄρος</em></span> 
     </span>
     <span class='ocr_line' id='line_1_28' title="bbox 219 1782 1770 1841; baseline 0.005 -19"><span class='ocrx_word' id='word_1_235' title='bbox 219 1790 285 1835; x_wconf 87' lang='grc' dir='ltr'><em>τῆς</em></span> <span class='ocrx_word' id='word_1_236' title='bbox 311 1782 503 1834; x_wconf 83' lang='grc' dir='ltr'><em>Ἀττικῆς·</em></span> <span class='ocrx_word' id='word_1_237' title='bbox 534 1785 677 1837; x_wconf 48' lang='grc' dir='ltr'><em>χωρίον,</em></span> <span class='ocrx_word' id='word_1_238' title='bbox 703 1785 822 1836; x_wconf 81' lang='grc' dir='ltr'><em>δασύ,</em></span> <span class='ocrx_word' id='word_1_239' title='bbox 853 1785 949 1838; x_wconf 82' lang='grc' dir='ltr'><em>ὅπερ</em></span> <span class='ocrx_word' id='word_1_240' title='bbox 979 1784 1180 1838; x_wconf 81' lang='grc' dir='ltr'><em>διαφόρως</em></span> <span class='ocrx_word' id='word_1_241' title='bbox 1210 1783 1590 1841; x_wconf 79' lang='grc' dir='ltr'><em>προσαγορεύουσιν,</em></span> <span class='ocrx_word' id='word_1_242' title='bbox 1628 1787 1670 1828; x_wconf 79' lang='grc' dir='ltr'><em>οἰ</em></span> <span class='ocrx_word' id='word_1_243' title='bbox 1694 1784 1770 1840; x_wconf 77' lang='grc' dir='ltr'><em>μὲν</em></span> 
     </span>
     <span class='ocr_line' id='line_1_29' title="bbox 219 1837 1768 1900; baseline 0.005 -21"><span class='ocrx_word' id='word_1_244' title='bbox 219 1837 399 1891; x_wconf 89' lang='grc' dir='ltr'><em>Κάλλιον,</em></span> <span class='ocrx_word' id='word_1_245' title='bbox 430 1841 469 1879; x_wconf 82' lang='grc' dir='ltr'><em>οἵ</em></span> <span class='ocrx_word' id='word_1_246' title='bbox 494 1839 538 1879; x_wconf 78' lang='grc' dir='ltr'><em>δὲ</em></span> <span class='ocrx_word' id='word_1_247' title='bbox 567 1841 735 1894; x_wconf 88' lang='grc' dir='ltr'><em>Κυλίαν,</em></span> <span class='ocrx_word' id='word_1_248' title='bbox 766 1843 807 1881; x_wconf 83' lang='grc' dir='ltr'><em>οἵ</em></span> <span class='ocrx_word' id='word_1_249' title='bbox 834 1842 875 1882; x_wconf 78' lang='grc' dir='ltr'><em>ὁὲ</em></span> <span class='ocrx_word' id='word_1_250' title='bbox 896 1839 1052 1882; x_wconf 82' lang='grc' dir='ltr'><em>Κύλλου</em></span> <span class='ocrx_word' id='word_1_251' title='bbox 1082 1842 1216 1896; x_wconf 84' lang='grc' dir='ltr'><em>πήραν</em></span> <span class='ocrx_word' id='word_1_252' title='bbox 1246 1843 1507 1897; x_wconf 85' lang='grc' dir='ltr'><em>(Κυλύπεραν</em></span> <span class='ocrx_word' id='word_1_253' title='bbox 1527 1846 1614 1886; x_wconf 87' lang='lat' dir='ltr'>cod.</span> <span class='ocrx_word' id='word_1_254' title='bbox 1635 1843 1768 1900; x_wconf 57' lang='lat' dir='ltr'>Rea).</span> 
     </span>
     <span class='ocr_line' id='line_1_30' title="bbox 219 1898 1769 1954; baseline 0.004 -18"><span class='ocrx_word' id='word_1_255' title='bbox 219 1899 395 1948; x_wconf 87' lang='lat' dir='ltr'>Append.</span> <span class='ocrx_word' id='word_1_256' title='bbox 427 1912 537 1948; x_wconf 88' lang='lat' dir='ltr'>prov.</span> <span class='ocrx_word' id='word_1_257' title='bbox 557 1899 740 1939; x_wconf 75' lang='lat' dir='ltr'>Leutsch.</span> <span class='ocrx_word' id='word_1_258' title='bbox 764 1901 802 1951; x_wconf 84' lang='lat'><em>3,</em></span> <span class='ocrx_word' id='word_1_259' title='bbox 825 1902 876 1940; x_wconf 84' lang='lat'><em>52</em></span> <span class='ocrx_word' id='word_1_260' title='bbox 911 1898 1068 1939; x_wconf 80' lang='grc' dir='ltr'><em>Κύλλου</em></span> <span class='ocrx_word' id='word_1_261' title='bbox 1098 1898 1232 1953; x_wconf 86' lang='grc' dir='ltr'><em>πήραν</em></span> <span class='ocrx_word' id='word_1_262' title='bbox 1264 1931 1272 1940; x_wconf 96' lang='grc'><em>.</em></span> <span class='ocrx_word' id='word_1_263' title='bbox 1299 1931 1308 1941; x_wconf 90' lang='grc'><em>.</em></span> <span class='ocrx_word' id='word_1_264' title='bbox 1334 1931 1343 1941; x_wconf 90' lang='grc'><em>.</em></span> <span class='ocrx_word' id='word_1_265' title='bbox 1367 1902 1408 1941; x_wconf 83' lang='grc' dir='ltr'><em>οἱ</em></span> <span class='ocrx_word' id='word_1_266' title='bbox 1433 1899 1477 1941; x_wconf 81' lang='grc' dir='ltr'><em>δὲ</em></span> <span class='ocrx_word' id='word_1_267' title='bbox 1498 1901 1646 1942; x_wconf 84' lang='grc' dir='ltr'><em>κύλλου</em></span> <span class='ocrx_word' id='word_1_268' title='bbox 1666 1899 1769 1954; x_wconf 71' lang='grc' dir='ltr'><em>φασὶ</em></span> 
     </span>
     <span class='ocr_line' id='line_1_31' title="bbox 218 1950 1770 2010; baseline 0.005 -19"><span class='ocrx_word' id='word_1_269' title='bbox 218 1950 460 2005; x_wconf 81' lang='grc' dir='ltr'><em>βαρυτόνως,</em></span> <span class='ocrx_word' id='word_1_270' title='bbox 492 1953 554 1993; x_wconf 81' lang='grc' dir='ltr'><em>ἐπὶ</em></span> <span class='ocrx_word' id='word_1_271' title='bbox 583 1961 662 1995; x_wconf 81' lang='grc' dir='ltr'><em>τῶν</em></span> <span class='ocrx_word' id='word_1_272' title='bbox 691 1954 763 2007; x_wconf 85' lang='grc' dir='ltr'><em>τὴν</em></span> <span class='ocrx_word' id='word_1_273' title='bbox 791 1954 917 2007; x_wconf 84' lang='grc' dir='ltr'><em>φύσιν</em></span> <span class='ocrx_word' id='word_1_274' title='bbox 945 1955 1192 2009; x_wconf 82' lang='grc' dir='ltr'><em>βιαζομένων</em></span> <span class='ocrx_word' id='word_1_275' title='bbox 1222 1957 1262 2007; x_wconf 77' lang='grc' dir='ltr'><em>ἐξ</em></span> <span class='ocrx_word' id='word_1_276' title='bbox 1293 1955 1588 2010; x_wconf 82' lang='grc' dir='ltr'><em>ἐπιτεχνήσεως.</em></span> <span class='ocrx_word' id='word_1_277' title='bbox 1622 1958 1703 1999; x_wconf 73' lang='grc' dir='ltr'><em>ἔστι</em></span> <span class='ocrx_word' id='word_1_278' title='bbox 1722 1956 1770 1999; x_wconf 77' lang='grc' dir='ltr'><em>δὲ</em></span> 
     </span>
     <span class='ocr_line' id='line_1_32' title="bbox 219 2008 1768 2069; baseline 0.006 -22"><span class='ocrx_word' id='word_1_279' title='bbox 219 2009 332 2057; x_wconf 81' lang='grc' dir='ltr'><em>τόπος</em></span> <span class='ocrx_word' id='word_1_280' title='bbox 370 2009 412 2049; x_wconf 80' lang='grc' dir='ltr'><em>ἐν</em></span> <span class='ocrx_word' id='word_1_281' title='bbox 445 2008 599 2066; x_wconf 80' lang='grc' dir='ltr'><em>Ἀττικῇ</em></span> <span class='ocrx_word' id='word_1_282' title='bbox 635 2011 793 2051; x_wconf 82' lang='grc' dir='ltr'><em>Κύλλου</em></span> <span class='ocrx_word' id='word_1_283' title='bbox 823 2010 949 2066; x_wconf 87' lang='grc' dir='ltr'><em>πήρα,</em></span> <span class='ocrx_word' id='word_1_284' title='bbox 992 2012 1036 2053; x_wconf 81' lang='grc' dir='ltr'><em>ἐν</em></span> <span class='ocrx_word' id='word_1_285' title='bbox 1075 2009 1108 2069; x_wconf 77' lang='grc' dir='ltr'><em>ᾦ</em></span> <span class='ocrx_word' id='word_1_286' title='bbox 1144 2013 1210 2054; x_wconf 85' lang='grc' dir='ltr'><em>καὶ</em></span> <span class='ocrx_word' id='word_1_287' title='bbox 1246 2014 1387 2068; x_wconf 85' lang='grc' dir='ltr'><em>κρήνη.</em></span> <span class='ocrx_word' id='word_1_288' title='bbox 1429 2016 1622 2056; x_wconf 84' lang='grc' dir='ltr'><em>πίνουσαι</em></span> <span class='ocrx_word' id='word_1_289' title='bbox 1651 2013 1696 2056; x_wconf 80' lang='grc' dir='ltr'><em>δὲ</em></span> <span class='ocrx_word' id='word_1_290' title='bbox 1727 2013 1768 2067; x_wconf 77' lang='grc' dir='ltr'><em>ἕξ</em></span> 
     </span>
     <span class='ocr_line' id='line_1_33' title="bbox 218 2063 974 2122; baseline 0.008 -19"><span class='ocrx_word' id='word_1_291' title='bbox 218 2063 338 2117; x_wconf 78' lang='grc' dir='ltr'><em>αὐτῆς</em></span> <span class='ocrx_word' id='word_1_292' title='bbox 368 2067 412 2106; x_wconf 87' lang='grc' dir='ltr'><em>αἱ</em></span> <span class='ocrx_word' id='word_1_293' title='bbox 437 2067 585 2121; x_wconf 87' lang='grc' dir='ltr'><em>στερεαὶ</em></span> <span class='ocrx_word' id='word_1_294' title='bbox 616 2069 974 2122; x_wconf 76' lang='grc' dir='ltr'><em>συλλαμβάνουσιν.</em></span> 
     </span>
    </p>
   </div>
   <div class='ocr_carea' id='block_1_9' title="bbox 950 2160 1029 2202">
    <p class='ocr_par' dir='ltr' id='par_1_9' title="bbox 950 2160 1029 2202">
     <span class='ocr_line' id='line_1_34' title="bbox 950 2160 1029 2202; baseline 0.025 -2"><span class='ocrx_word' id='word_1_295' title='bbox 950 2160 1029 2202; x_wconf 84' lang='grc'><em>103</em></span> 
     </span>
    </p>
   </div>
   <div class='ocr_carea' id='block_1_10' title="bbox 220 2232 1837 2635">
    <p class='ocr_par' dir='ltr' id='par_1_10' title="bbox 220 2232 1837 2635">
     <span class='ocr_line' id='line_1_35' title="bbox 328 2232 1764 2297; baseline 0.007 -27"><span class='ocrx_word' id='word_1_296' title='bbox 328 2232 498 2282; x_wconf 82' lang='lat' dir='ltr'>Etymol.</span> <span class='ocrx_word' id='word_1_297' title='bbox 528 2247 580 2297; x_wconf 74' lang='lat' dir='ltr'><em>mo&#39;</em></span> <span class='ocrx_word' id='word_1_298' title='bbox 611 2235 704 2281; x_wconf 85' lang='grc'><em>482,</em></span> <span class='ocrx_word' id='word_1_299' title='bbox 739 2236 789 2273; x_wconf 87' lang='grc'><em>21</em></span> <span class='ocrx_word' id='word_1_300' title='bbox 821 2233 1082 2286; x_wconf 90' lang='grc' dir='ltr'><em>κάβαισος·</em></span> <span class='ocrx_word' id='word_1_301' title='bbox 1114 2233 1135 2275; x_wconf 84' lang='grc' dir='ltr'>ὁ</span> <span class='ocrx_word' id='word_1_302' title='bbox 1167 2235 1388 2290; x_wconf 72' lang='grc' dir='ltr'><em>ἄπληστος,</em></span> <span class='ocrx_word' id='word_1_303' title='bbox 1419 2237 1486 2278; x_wconf 78' lang='grc' dir='ltr'><em>διὰ</em></span> <span class='ocrx_word' id='word_1_304' title='bbox 1517 2237 1764 2294; x_wconf 78' lang='grc' dir='ltr'><em>διφθόγγου,</em></span> 
     </span>
     <span class='ocr_line' id='line_1_36' title="bbox 220 2284 1766 2351; baseline 0.009 -27"><span class='ocrx_word' id='word_1_305' title='bbox 220 2284 559 2338; x_wconf 76' lang='grc' dir='ltr'><em>προπαροξύνεται.</em></span> <span class='ocrx_word' id='word_1_306' title='bbox 607 2288 713 2343; x_wconf 76' lang='grc' dir='ltr'><em>παρὰ</em></span> <span class='ocrx_word' id='word_1_307' title='bbox 751 2288 820 2330; x_wconf 90' lang='grc' dir='ltr'><em>τὸν</em></span> <span class='ocrx_word' id='word_1_308' title='bbox 848 2291 987 2343; x_wconf 79' lang='grc' dir='ltr'><em>κάβον,</em></span> <span class='ocrx_word' id='word_1_309' title='bbox 1019 2290 1041 2331; x_wconf 77' lang='grc' dir='ltr'>ὅ</span> <span class='ocrx_word' id='word_1_310' title='bbox 1071 2291 1151 2332; x_wconf 80' lang='grc' dir='ltr'><em>ἐστι</em></span> <span class='ocrx_word' id='word_1_311' title='bbox 1181 2292 1323 2348; x_wconf 83' lang='grc' dir='ltr'><em>μέτρον</em></span> <span class='ocrx_word' id='word_1_312' title='bbox 1353 2295 1516 2337; x_wconf 84' lang='grc' dir='ltr'><em>σιτικόν.</em></span> <span class='ocrx_word' id='word_1_313' title='bbox 1567 2298 1766 2351; x_wconf 84' lang='grc' dir='ltr'><em>Κρατῖνος</em></span> 
     </span>
     <span class='ocr_line' id='line_1_37' title="bbox 221 2344 1779 2405; baseline 0.01 -25"><span class='ocrx_word' id='word_1_314' title='bbox 221 2344 470 2392; x_wconf 83' lang='grc' dir='ltr'><em>Μαλθακοῖς.</em></span> <span class='ocrx_word' id='word_1_315' title='bbox 516 2344 595 2384; x_wconf 78' lang='grc' dir='ltr'><em>ἔστι</em></span> <span class='ocrx_word' id='word_1_316' title='bbox 631 2344 674 2386; x_wconf 81' lang='grc' dir='ltr'><em>δὲ</em></span> <span class='ocrx_word' id='word_1_317' title='bbox 710 2346 852 2400; x_wconf 81' lang='grc' dir='ltr'><em>κύριον</em></span> <span class='ocrx_word' id='word_1_318' title='bbox 889 2348 1155 2400; x_wconf 84' lang='grc' dir='ltr'><em>πεποιημένον</em></span> <span class='ocrx_word' id='word_1_319' title='bbox 1191 2351 1298 2405; x_wconf 78' lang='grc' dir='ltr'><em>παρά</em></span> <span class='ocrx_word' id='word_1_320' title='bbox 1338 2351 1412 2405; x_wconf 86' lang='grc' dir='ltr'><em>τὴν</em></span> <span class='ocrx_word' id='word_1_321' title='bbox 1447 2348 1585 2394; x_wconf 84' lang='grc' dir='ltr'><em>αἶσαν.</em></span> <span class='ocrx_word' id='word_1_322' title='bbox 1633 2355 1779 2396; x_wconf 51' lang='lat' dir='ltr'><em>cram.¹</em></span> 
     </span>
     <span class='ocr_line' id='line_1_38' title="bbox 220 2400 1769 2463; baseline 0.01 -25"><span class='ocrx_word' id='word_1_323' title='bbox 220 2400 362 2439; x_wconf 83' lang='lat' dir='ltr'>Anecd.</span> <span class='ocrx_word' id='word_1_324' title='bbox 393 2402 513 2442; x_wconf 85' lang='lat' dir='ltr'>Paris.</span> <span class='ocrx_word' id='word_1_325' title='bbox 544 2404 624 2443; x_wconf 89' lang='lat' dir='ltr'><em>IHI</em></span> <span class='ocrx_word' id='word_1_326' title='bbox 655 2407 720 2453; x_wconf 90' lang='grc'><em>61,</em></span> <span class='ocrx_word' id='word_1_327' title='bbox 753 2407 805 2444; x_wconf 86' lang='grc'><em>32</em></span> <span class='ocrx_word' id='word_1_328' title='bbox 837 2403 1043 2457; x_wconf 88' lang='grc' dir='ltr'><em>κάβαισος·</em></span> <span class='ocrx_word' id='word_1_329' title='bbox 1077 2404 1097 2446; x_wconf 86' lang='grc' dir='ltr'><strong>ὁ</strong></span> <span class='ocrx_word' id='word_1_330' title='bbox 1127 2405 1339 2461; x_wconf 72' lang='grc' dir='ltr'><em>ἄπληστος.</em></span> <span class='ocrx_word' id='word_1_331' title='bbox 1373 2413 1567 2463; x_wconf 84' lang='grc' dir='ltr'><em>Κρατῖνος</em></span> <span class='ocrx_word' id='word_1_332' title='bbox 1587 2412 1769 2463; x_wconf 50' lang='grc' dir='ltr'><em>Μαλθαρ</em></span> 
     </span>
     <span class='ocr_line' id='line_1_39' title="bbox 221 2458 1837 2522; baseline 0.011 -29"><span class='ocrx_word' id='word_1_333' title='bbox 221 2458 318 2502; x_wconf 86' lang='grc' dir='ltr'><em>κοῖς.</em></span> <span class='ocrx_word' id='word_1_334' title='bbox 363 2458 460 2497; x_wconf 86' lang='lat' dir='ltr'>Poll.</span> <span class='ocrx_word' id='word_1_335' title='bbox 492 2461 528 2508; x_wconf 85' lang='lat'>6,</span> <span class='ocrx_word' id='word_1_336' title='bbox 560 2462 612 2500; x_wconf 83' lang='lat'><em>43</em></span> <span class='ocrx_word' id='word_1_337' title='bbox 653 2459 719 2500; x_wconf 84' lang='grc' dir='ltr'><em>καὶ</em></span> <span class='ocrx_word' id='word_1_338' title='bbox 755 2460 949 2514; x_wconf 88' lang='grc' dir='ltr'><em>κάβαισον</em></span> <span class='ocrx_word' id='word_1_339' title='bbox 985 2461 1029 2502; x_wconf 83' lang='grc' dir='ltr'><em>δὲ</em></span> <span class='ocrx_word' id='word_1_340' title='bbox 1066 2462 1234 2506; x_wconf 82' lang='grc' dir='ltr'><em>ἐκάλουν</em></span> <span class='ocrx_word' id='word_1_341' title='bbox 1271 2465 1340 2507; x_wconf 90' lang='grc' dir='ltr'><em>τὸν</em></span> <span class='ocrx_word' id='word_1_342' title='bbox 1375 2466 1465 2520; x_wconf 84' lang='grc' dir='ltr'><em>περὶ</em></span> <span class='ocrx_word' id='word_1_343' title='bbox 1502 2467 1576 2521; x_wconf 84' lang='grc' dir='ltr'><em>τὴν</em></span> <span class='ocrx_word' id='word_1_344' title='bbox 1612 2464 1769 2522; x_wconf 65' lang='grc' dir='ltr'><em>τροφὴν</em></span> <span class='ocrx_word' id='word_1_345' title='bbox 1824 2498 1837 2519; x_wconf 41' lang='grc' dir='ltr'>χ</span> 
     </span>
     <span class='ocr_line' id='line_1_40' title="bbox 220 2509 1766 2578; baseline 0.012 -30"><span class='ocrx_word' id='word_1_346' title='bbox 220 2509 434 2563; x_wconf 78' lang='grc' dir='ltr'><em>ἄπληστον,</em></span> <span class='ocrx_word' id='word_1_347' title='bbox 470 2513 599 2567; x_wconf 78' lang='grc' dir='ltr'><em>ὥσπερ</em></span> <span class='ocrx_word' id='word_1_348' title='bbox 637 2517 678 2556; x_wconf 85' lang='grc' dir='ltr'><em>οἵ</em></span> <span class='ocrx_word' id='word_1_349' title='bbox 703 2523 782 2556; x_wconf 81' lang='grc' dir='ltr'><em>νῦν</em></span> <span class='ocrx_word' id='word_1_350' title='bbox 818 2515 884 2558; x_wconf 85' lang='grc' dir='ltr'><em>τὸν</em></span> <span class='ocrx_word' id='word_1_351' title='bbox 913 2520 1140 2573; x_wconf 85' lang='grc' dir='ltr'><em>πολυπότην</em></span> <span class='ocrx_word' id='word_1_352' title='bbox 1168 2523 1305 2566; x_wconf 82' lang='grc' dir='ltr'><em>πίθον.</em></span> <span class='ocrx_word' id='word_1_353' title='bbox 1345 2526 1517 2576; x_wconf 83' lang='lat' dir='ltr'>Hesych.</span> <span class='ocrx_word' id='word_1_354' title='bbox 1548 2523 1766 2578; x_wconf 81' lang='grc' dir='ltr'><em>κάβαισος·</em></span> 
     </span>
     <span class='ocr_line' id='line_1_41' title="bbox 220 2565 1766 2635; baseline 0.014 -31"><span class='ocrx_word' id='word_1_355' title='bbox 220 2565 424 2618; x_wconf 74' lang='grc' dir='ltr'><em>ἄπληστος.</em></span> <span class='ocrx_word' id='word_1_356' title='bbox 468 2571 587 2623; x_wconf 90' lang='grc' dir='ltr'><em>κάβος</em></span> <span class='ocrx_word' id='word_1_357' title='bbox 624 2572 697 2625; x_wconf 78' lang='grc' dir='ltr'><em>γὰρ</em></span> <span class='ocrx_word' id='word_1_358' title='bbox 732 2575 869 2628; x_wconf 84' lang='grc' dir='ltr'><em>μέτρον</em></span> <span class='ocrx_word' id='word_1_359' title='bbox 907 2577 1069 2619; x_wconf 86' lang='grc' dir='ltr'><em>σιτικόν.</em></span> <span class='ocrx_word' id='word_1_360' title='bbox 1119 2579 1242 2632; x_wconf 85' lang='grc' dir='ltr'><em>κάβος</em></span> <span class='ocrx_word' id='word_1_361' title='bbox 1285 2584 1417 2623; x_wconf 82' lang='lat' dir='ltr'>nescio</span> <span class='ocrx_word' id='word_1_362' title='bbox 1456 2596 1507 2622; x_wconf 84' lang='lat' dir='ltr'><em>an</em></span> <span class='ocrx_word' id='word_1_363' title='bbox 1545 2596 1766 2635; x_wconf 73' lang='lat' dir='ltr'>numquam</span> 
     </span>
    </p>
   </div>
   <div class='ocr_carea' id='block_1_11' title="bbox 221 2624 1765 2788">
    <p class='ocr_par' dir='ltr' id='par_1_11' title="bbox 221 2624 1765 2788">
     <span class='ocr_line' id='line_1_42' title="bbox 221 2624 1765 2719; baseline 0.014 -58"><span class='ocrx_word' id='word_1_364' title='bbox 221 2624 448 2719; x_wconf 41' lang='lat' dir='ltr'>{ferit-tvm}</span> <span class='ocrx_word' id='word_1_365' title='bbox 483 2630 625 2670; x_wconf 83' lang='lat' dir='ltr'>Atticis</span> <span class='ocrx_word' id='word_1_366' title='bbox 655 2632 818 2672; x_wconf 88' lang='lat' dir='ltr'>usitata:</span> <span class='ocrx_word' id='word_1_367' title='bbox 857 2635 992 2685; x_wconf 85' lang='lat' dir='ltr'>itaque</span> <span class='ocrx_word' id='word_1_368' title='bbox 1030 2637 1245 2688; x_wconf 80' lang='lat' dir='ltr'>originatio</span> <span class='ocrx_word' id='word_1_369' title='bbox 1275 2640 1437 2690; x_wconf 86' lang='lat' dir='ltr'>quidem</span> <span class='ocrx_word' id='word_1_370' title='bbox 1467 2641 1546 2680; x_wconf 79' lang='lat' dir='ltr'><strong>alia</strong></span> <span class='ocrx_word' id='word_1_371' title='bbox 1574 2653 1765 2692; x_wconf 79' lang='lat' dir='ltr'>quaeren-</span> 
     </span>
     <span class='ocr_line' id='line_1_43' title="bbox 252 2693 387 2719; baseline 0.015 -2"><span class='ocrx_word' id='word_1_372' title='bbox 252 2693 273 2717; x_wconf 86' lang='lat' dir='ltr'>a</span> <span class='ocrx_word' id='word_1_373' title='bbox 302 2693 356 2719; x_wconf 81' lang='lat' dir='ltr'><em>en</em></span> <span class='ocrx_word' id='word_1_374' title='bbox 373 2707 387 2719; x_wconf 33' lang='grc' dir='ltr'><em>ι.</em></span> 
     </span>
     <span class='ocr_line' id='line_1_44' title="bbox 948 2746 1028 2788; baseline 0.013 -1"><span class='ocrx_word' id='word_1_375' title='bbox 948 2746 1028 2788; x_wconf 89' lang='grc'><em>104</em></span> 
     </span>
    </p>
   </div>
   <div class='ocr_carea' id='block_1_12' title="bbox 221 2810 1763 2939">
    <p class='ocr_par' dir='ltr' id='par_1_12' title="bbox 221 2810 1763 2939">
     <span class='ocr_line' id='line_1_45' title="bbox 305 2810 1763 2880; baseline 0.016 -32"><span class='ocrx_word' id='word_1_376' title='bbox 305 2863 314 2874; x_wconf 36' lang='grc' dir='ltr'><em>Ι</em></span> <span class='ocrx_word' id='word_1_377' title='bbox 333 2810 573 2878; x_wconf 52' lang='lat' dir='ltr'>He’rodianus</span> <span class='ocrx_word' id='word_1_378' title='bbox 602 2817 621 2855; x_wconf 93' lang='lat' dir='ltr'>I</span> <span class='ocrx_word' id='word_1_379' title='bbox 654 2821 749 2867; x_wconf 84' lang='lat'>180,</span> <span class='ocrx_word' id='word_1_380' title='bbox 782 2822 848 2860; x_wconf 89' lang='grc'><em>31.</em></span> <span class='ocrx_word' id='word_1_381' title='bbox 879 2821 920 2860; x_wconf 92' lang='lat' dir='ltr'><em>II</em></span> <span class='ocrx_word' id='word_1_382' title='bbox 952 2824 1052 2871; x_wconf 87' lang='lat'><em>913,</em></span> <span class='ocrx_word' id='word_1_383' title='bbox 1085 2825 1136 2862; x_wconf 82' lang='lat'><em>22</em></span> <span class='ocrx_word' id='word_1_384' title='bbox 1176 2827 1315 2867; x_wconf 87' lang='lat' dir='ltr'>Lentz.</span> <span class='ocrx_word' id='word_1_385' title='bbox 1358 2826 1600 2880; x_wconf 84' lang='grc' dir='ltr'><em>Τισαμενός,</em></span> <span class='ocrx_word' id='word_1_386' title='bbox 1635 2828 1763 2878; x_wconf 66' lang='grc' dir='ltr'><em>Δεξαε-</em></span> 
     </span>
     <span class='ocr_line' id='line_1_46' title="bbox 221 2869 1762 2939; baseline 0.011 -29"><span class='ocrx_word' id='word_1_387' title='bbox 221 2878 357 2915; x_wconf 70' lang='grc' dir='ltr'><em>μενος,</em></span> <span class='ocrx_word' id='word_1_388' title='bbox 395 2869 659 2926; x_wconf 84' lang='grc' dir='ltr'><em>Ακεσαμενός,</em></span> <span class='ocrx_word' id='word_1_389' title='bbox 697 2877 1062 2929; x_wconf 84' lang='grc' dir='ltr'><em>Κλαυσαμενός·</em></span> <span class='ocrx_word' id='word_1_390' title='bbox 1104 2882 1353 2936; x_wconf 79' lang='grc' dir='ltr'><em>καταλέγεται</em></span> <span class='ocrx_word' id='word_1_391' title='bbox 1391 2882 1435 2924; x_wconf 81' lang='grc' dir='ltr'><em>δὲ</em></span> <span class='ocrx_word' id='word_1_392' title='bbox 1475 2884 1519 2925; x_wconf 82' lang='grc' dir='ltr'><em>ἐν</em></span> <span class='ocrx_word' id='word_1_393' title='bbox 1554 2888 1762 2939; x_wconf 78' lang='grc' dir='ltr'><em>μαλακοῖς.</em></span> 
     </span>
    </p>
   </div>
  </div>
 </body>
</html>
