<?xml version="1.0" encoding="UTF-8"?>
<!DOCTYPE html PUBLIC "-//W3C//DTD XHTML 1.0 Transitional//EN"
    "http://www.w3.org/TR/xhtml1/DTD/xhtml1-transitional.dtd">
<html xmlns="http://www.w3.org/1999/xhtml" xml:lang="en" lang="en">
 <head>
  <title>
</title>
<meta http-equiv="Content-Type" content="text/html;charset=utf-8" />
  <meta name='ocr-system' content='tesseract 3.04.00' />
  <meta name='ocr-capabilities' content='ocr_page ocr_carea ocr_par ocr_line ocrx_word'/>
</head>
<body>
  <div class='ocr_page' id='page_1' title='image "./comicorumatticor01kockuoft_0371.png"; bbox 0 0 1872 3224; ppageno 0'>
   <div class='ocr_carea' id='block_1_1' title="bbox 0 0 105 1135">
    <p class='ocr_par' dir='ltr' id='par_1_1' title="bbox 0 0 105 1135">
     <span class='ocr_line' id='line_1_1' title="bbox 0 0 105 1135; baseline 0 0"><span class='ocrx_word' id='word_1_1' title='bbox 0 0 105 1135; x_wconf 95' lang='lat' dir='ltr'><strong><em> </em></strong></span> 
     </span>
    </p>
   </div>
   <div class='ocr_carea' id='block_1_2' title="bbox 672 179 1698 232">
    <p class='ocr_par' dir='ltr' id='par_1_2' title="bbox 672 179 1698 232">
     <span class='ocr_line' id='line_1_2' title="bbox 672 179 1698 232; baseline 0.019 -18"><span class='ocrx_word' id='word_1_2' title='bbox 672 179 879 216; x_wconf 72' lang='grc' dir='ltr'>ΑΔΗΛῼΝ</span> <span class='ocrx_word' id='word_1_3' title='bbox 904 183 1175 220; x_wconf 73' lang='grc' dir='ltr'><strong>ΔΡΑΜΑΤῼΝ</strong></span> <span class='ocrx_word' id='word_1_4' title='bbox 1619 190 1698 232; x_wconf 85' lang='lat'><strong><em>341</em></strong></span> 
     </span>
    </p>
   </div>
   <div class='ocr_carea' id='block_1_3' title="bbox 881 284 963 328">
    <p class='ocr_par' dir='ltr' id='par_1_3' title="bbox 881 284 963 328">
     <span class='ocr_line' id='line_1_3' title="bbox 881 284 963 328; baseline 0.012 -1"><span class='ocrx_word' id='word_1_5' title='bbox 881 284 963 328; x_wconf 86' lang='lat'><strong><em>307</em></strong></span> 
     </span>
    </p>
   </div>
   <div class='ocr_carea' id='block_1_4' title="bbox 334 364 1420 493">
    <p class='ocr_par' dir='ltr' id='par_1_4' title="bbox 334 364 1420 493">
     <span class='ocr_line' id='line_1_4' title="bbox 814 364 1420 426; baseline 0.012 -20"><span class='ocrx_word' id='word_1_6' title='bbox 814 364 949 408; x_wconf 87' lang='grc' dir='ltr'><strong><em>πόλιν</em></strong></span> <span class='ocrx_word' id='word_1_7' title='bbox 978 381 1029 421; x_wconf 89' lang='grc' dir='ltr'><strong><em>γε</em></strong></span> <span class='ocrx_word' id='word_1_8' title='bbox 1059 368 1420 426; x_wconf 84' lang='grc' dir='ltr'><strong><em>θεοφιλεστάτην</em></strong></span> 
     </span>
     <span class='ocr_line' id='line_1_5' title="bbox 334 430 1273 493; baseline 0.007 -20"><span class='ocrx_word' id='word_1_9' title='bbox 334 430 545 474; x_wconf 83' lang='grc' dir='ltr'><strong><em>οἰκοῦσιν</em></strong></span> <span class='ocrx_word' id='word_1_10' title='bbox 575 430 928 490; x_wconf 82' lang='grc' dir='ltr'><strong><em>ἀφθονεστάτην</em></strong></span> <span class='ocrx_word' id='word_1_11' title='bbox 954 449 1006 478; x_wconf 85' lang='grc' dir='ltr'><strong><em>τε</em></strong></span> <span class='ocrx_word' id='word_1_12' title='bbox 1037 436 1273 493; x_wconf 84' lang='grc' dir='ltr'><strong><em>χρήμασιν.</em></strong></span> 
     </span>
    </p>
   </div>
   <div class='ocr_carea' id='block_1_5' title="bbox 123 514 1749 971">
    <p class='ocr_par' dir='ltr' id='par_1_5' title="bbox 123 514 1749 971">
     <span class='ocr_line' id='line_1_6' title="bbox 238 514 1700 583; baseline 0.005 -28"><span class='ocrx_word' id='word_1_13' title='bbox 238 515 483 583; x_wconf 49' lang='grc' dir='ltr'><strong><em>ΙΕιιείὶαὺὴίιιε</em></strong></span> <span class='ocrx_word' id='word_1_14' title='bbox 518 516 640 565; x_wconf 88' lang='grc'>1441,</span> <span class='ocrx_word' id='word_1_15' title='bbox 676 517 727 556; x_wconf 88' lang='grc'><strong><em>16</em></strong></span> <span class='ocrx_word' id='word_1_16' title='bbox 763 514 1009 570; x_wconf 85' lang='grc' dir='ltr'><strong><em>Δημόκριτος</em></strong></span> <span class='ocrx_word' id='word_1_17' title='bbox 1046 516 1090 559; x_wconf 83' lang='grc' dir='ltr'><strong><em>δὲ</em></strong></span> <span class='ocrx_word' id='word_1_18' title='bbox 1122 518 1459 573; x_wconf 79' lang='grc' dir='ltr'><strong><em>ἕπιτηδειέστατον</em></strong></span> <span class='ocrx_word' id='word_1_19' title='bbox 1488 523 1601 574; x_wconf 85' lang='grc' dir='ltr'><strong><em>φησί,</em></strong></span> <span class='ocrx_word' id='word_1_20' title='bbox 1633 523 1700 564; x_wconf 84' lang='grc' dir='ltr'><strong><em>καὶ</em></strong></span> 
     </span>
     <span class='ocr_line' id='line_1_7' title="bbox 126 569 1699 628; baseline 0.004 -14"><span class='ocrx_word' id='word_1_21' title='bbox 126 574 366 626; x_wconf 82' lang='grc' dir='ltr'><strong><em>Δεινολοχος</em></strong></span> <span class='ocrx_word' id='word_1_22' title='bbox 396 569 716 625; x_wconf 82' lang='grc' dir='ltr'><strong><em>γενναιέστατον,</em></strong></span> <span class='ocrx_word' id='word_1_23' title='bbox 744 569 974 626; x_wconf 82' lang='grc' dir='ltr'><strong><em>Ἀντίμαχος</em></strong></span> <span class='ocrx_word' id='word_1_24' title='bbox 1005 573 1050 615; x_wconf 80' lang='grc' dir='ltr'><strong><em>δὲ</em></strong></span> <span class='ocrx_word' id='word_1_25' title='bbox 1078 574 1139 616; x_wconf 80' lang='grc' dir='ltr'><strong><em>ὅτι</em></strong></span> <span class='ocrx_word' id='word_1_26' title='bbox 1159 575 1437 628; x_wconf 84' lang='grc' dir='ltr'><strong><em>ἀφνειέστατος</em></strong></span> <span class='ocrx_word' id='word_1_27' title='bbox 1458 578 1583 621; x_wconf 74' lang='grc' dir='ltr'><strong><em>ἔσκεν.</em></strong></span> <span class='ocrx_word' id='word_1_28' title='bbox 1615 580 1699 621; x_wconf 71' lang='grc' dir='ltr'><strong><em>Εὕ-</em></strong></span> 
     </span>
     <span class='ocr_line' id='line_1_8' title="bbox 124 628 1699 690; baseline 0.004 -18"><span class='ocrx_word' id='word_1_29' title='bbox 124 633 238 680; x_wconf 85' lang='grc' dir='ltr'><strong><em>πολις</em></strong></span> <span class='ocrx_word' id='word_1_30' title='bbox 267 628 334 671; x_wconf 78' lang='grc' dir='ltr'><strong><em>δέ·</em></strong></span> <span class='ocrx_word' id='word_1_31' title='bbox 365 628 486 671; x_wconf 89' lang='grc' dir='ltr'><strong><em>πόλιν</em></strong></span> <span class='ocrx_word' id='word_1_32' title='bbox 515 632 599 671; x_wconf 91' lang='grc' dir='ltr'><strong><em>κτλ.</em></strong></span> <span class='ocrx_word' id='word_1_33' title='bbox 629 645 673 684; x_wconf 85' lang='grc' dir='ltr'><strong><em>γε</em></strong></span> <span class='ocrx_word' id='word_1_34' title='bbox 704 632 796 671; x_wconf 83' lang='lat' dir='ltr'><strong>add.</strong></span> <span class='ocrx_word' id='word_1_35' title='bbox 818 633 990 674; x_wconf 81' lang='lat' dir='ltr'>Meinek.</span> <span class='ocrx_word' id='word_1_36' title='bbox 1020 635 1161 675; x_wconf 83' lang='lat' dir='ltr'><strong>urbem</strong></span> <span class='ocrx_word' id='word_1_37' title='bbox 1182 637 1356 677; x_wconf 77' lang='lat' dir='ltr'><strong>Athenas</strong></span> <span class='ocrx_word' id='word_1_38' title='bbox 1387 638 1496 678; x_wconf 82' lang='lat' dir='ltr'>dicit.</span> <span class='ocrx_word' id='word_1_39' title='bbox 1527 639 1576 679; x_wconf 91' lang='lat' dir='ltr'><strong><em>cf.</em></strong></span> <span class='ocrx_word' id='word_1_40' title='bbox 1598 651 1699 690; x_wconf 84' lang='lat' dir='ltr'>quos</span> 
     </span>
     <span class='ocr_line' id='line_1_9' title="bbox 125 681 1749 747; baseline 0.003 -16"><span class='ocrx_word' id='word_1_41' title='bbox 125 689 356 731; x_wconf 81' lang='lat' dir='ltr'>Meinekius</span> <span class='ocrx_word' id='word_1_42' title='bbox 395 689 528 730; x_wconf 70' lang='lat' dir='ltr'><strong>adfert</strong></span> <span class='ocrx_word' id='word_1_43' title='bbox 556 689 595 727; x_wconf 91' lang='lat' dir='ltr'><strong>V</strong></span> <span class='ocrx_word' id='word_1_44' title='bbox 627 690 680 729; x_wconf 90' lang='lat'><strong><em>39</em></strong></span> <span class='ocrx_word' id='word_1_45' title='bbox 719 690 928 730; x_wconf 78' lang='lat' dir='ltr'>Demosth.</span> <span class='ocrx_word' id='word_1_46' title='bbox 971 691 1100 743; x_wconf 75' lang='lat' dir='ltr'><strong>Epist.</strong></span> <span class='ocrx_word' id='word_1_47' title='bbox 1139 694 1178 741; x_wconf 89' lang='lat'><strong><em>4,</em></strong></span> <span class='ocrx_word' id='word_1_48' title='bbox 1215 695 1263 734; x_wconf 89' lang='lat'><strong><em>19</em></strong></span> <span class='ocrx_word' id='word_1_49' title='bbox 1304 695 1366 734; x_wconf 87' lang='lat' dir='ltr'><strong><em>ed.</em></strong></span> <span class='ocrx_word' id='word_1_50' title='bbox 1406 695 1499 734; x_wconf 85' lang='lat' dir='ltr'><strong>Tur.</strong></span> <span class='ocrx_word' id='word_1_51' title='bbox 1539 692 1697 747; x_wconf 84' lang='grc' dir='ltr'><strong><em>εὖτυχε-</em></strong></span> <span class='ocrx_word' id='word_1_52' title='bbox 1737 681 1749 689; x_wconf 52' lang='grc'><strong>’</strong></span> 
     </span>
     <span class='ocr_line' id='line_1_10' title="bbox 124 741 1695 804; baseline 0.003 -16"><span class='ocrx_word' id='word_1_53' title='bbox 124 746 274 800; x_wconf 82' lang='grc' dir='ltr'><strong><em>στάτην</em></strong></span> <span class='ocrx_word' id='word_1_54' title='bbox 316 751 463 787; x_wconf 77' lang='grc' dir='ltr'><strong><em>πασῶν</em></strong></span> <span class='ocrx_word' id='word_1_55' title='bbox 504 744 661 786; x_wconf 87' lang='grc' dir='ltr'><strong><em>πόλεων</em></strong></span> <span class='ocrx_word' id='word_1_56' title='bbox 710 741 783 799; x_wconf 81' lang='grc' dir='ltr'><strong><em>τὴν</em></strong></span> <span class='ocrx_word' id='word_1_57' title='bbox 831 743 1028 800; x_wconf 78' lang='grc' dir='ltr'><strong><em>ὑμετέραν</em></strong></span> <span class='ocrx_word' id='word_1_58' title='bbox 1073 749 1215 801; x_wconf 82' lang='grc' dir='ltr'><strong><em>νομίζω</em></strong></span> <span class='ocrx_word' id='word_1_59' title='bbox 1260 749 1327 790; x_wconf 85' lang='grc' dir='ltr'><strong><em>καὶ</em></strong></span> <span class='ocrx_word' id='word_1_60' title='bbox 1370 751 1695 804; x_wconf 83' lang='grc' dir='ltr'><strong><em>θεοφιλεστάτην.</em></strong></span> 
     </span>
     <span class='ocr_line' id='line_1_11' title="bbox 124 802 1696 861; baseline 0.002 -14"><span class='ocrx_word' id='word_1_61' title='bbox 124 806 270 847; x_wconf 77' lang='lat' dir='ltr'><strong>Aeseh.</strong></span> <span class='ocrx_word' id='word_1_62' title='bbox 309 805 427 846; x_wconf 85' lang='lat' dir='ltr'><strong>Eum.</strong></span> <span class='ocrx_word' id='word_1_63' title='bbox 459 805 542 845; x_wconf 88' lang='lat'><strong><em>831</em></strong></span> <span class='ocrx_word' id='word_1_64' title='bbox 585 802 715 858; x_wconf 80' lang='grc' dir='ltr'><strong><em>χώρας</em></strong></span> <span class='ocrx_word' id='word_1_65' title='bbox 750 808 961 857; x_wconf 85' lang='grc' dir='ltr'><strong><em>μετασχεῖν</em></strong></span> <span class='ocrx_word' id='word_1_66' title='bbox 997 805 1115 858; x_wconf 83' lang='grc' dir='ltr'><strong><em>τῆσδε</em></strong></span> <span class='ocrx_word' id='word_1_67' title='bbox 1152 807 1476 860; x_wconf 80' lang='grc' dir='ltr'><strong><em>θεοφιλεστάτης,</em></strong></span> <span class='ocrx_word' id='word_1_68' title='bbox 1507 813 1547 850; x_wconf 76' lang='lat' dir='ltr'><strong><em>et</em></strong></span> <span class='ocrx_word' id='word_1_69' title='bbox 1576 811 1696 861; x_wconf 92' lang='lat' dir='ltr'><strong>inpri-</strong></span> 
     </span>
     <span class='ocr_line' id='line_1_12' title="bbox 123 861 1698 922; baseline 0.002 -18"><span class='ocrx_word' id='word_1_70' title='bbox 123 865 202 905; x_wconf 76' lang='lat' dir='ltr'><strong><em>mis</em></strong></span> <span class='ocrx_word' id='word_1_71' title='bbox 234 864 357 916; x_wconf 86' lang='lat' dir='ltr'>Soph.</span> <span class='ocrx_word' id='word_1_72' title='bbox 390 862 473 905; x_wconf 87' lang='lat' dir='ltr'><strong><em>OC.</em></strong></span> <span class='ocrx_word' id='word_1_73' title='bbox 507 863 590 903; x_wconf 83' lang='lat'><strong><em>258</em></strong></span> <span class='ocrx_word' id='word_1_74' title='bbox 601 876 661 914; x_wconf 86' lang='lat' dir='ltr'><strong><em>sq.</em></strong></span> <span class='ocrx_word' id='word_1_75' title='bbox 695 863 871 903; x_wconf 75' lang='lat' dir='ltr'>concidit</span> <span class='ocrx_word' id='word_1_76' title='bbox 899 864 1024 916; x_wconf 74' lang='lat' dir='ltr'>igitur</span> <span class='ocrx_word' id='word_1_77' title='bbox 1054 864 1191 916; x_wconf 85' lang='lat' dir='ltr'>Raspii</span> <span class='ocrx_word' id='word_1_78' title='bbox 1222 861 1449 907; x_wconf 62' lang='lat' dir='ltr'>coniectura</span> <span class='ocrx_word' id='word_1_79' title='bbox 1479 864 1569 922; x_wconf 81' lang='lat'><em>(88)</em></span> <span class='ocrx_word' id='word_1_80' title='bbox 1601 868 1698 908; x_wconf 82' lang='lat' dir='ltr'>haec</span> 
     </span>
     <span class='ocr_line' id='line_1_13' title="bbox 124 919 610 971; baseline -0.006 -8"><span class='ocrx_word' id='word_1_81' title='bbox 124 921 177 963; x_wconf 80' lang='lat' dir='ltr'><strong><em>ad</em></strong></span> <span class='ocrx_word' id='word_1_82' title='bbox 207 919 354 971; x_wconf 82' lang='grc' dir='ltr'><strong><em>Πόλεις</em></strong></span> <span class='ocrx_word' id='word_1_83' title='bbox 383 921 610 962; x_wconf 77' lang='lat' dir='ltr'><strong>referentis.</strong></span> 
     </span>
    </p>
   </div>
   <div class='ocr_carea' id='block_1_6' title="bbox 118 1010 1696 1358">
    <p class='ocr_par' dir='ltr' id='par_1_6' title="bbox 118 1010 1696 1358">
     <span class='ocr_line' id='line_1_14' title="bbox 880 1010 964 1054; baseline 0 0"><span class='ocrx_word' id='word_1_84' title='bbox 880 1010 964 1054; x_wconf 86' lang='lat'><strong><em>308</em></strong></span> 
     </span>
     <span class='ocr_line' id='line_1_15' title="bbox 757 1086 1494 1149; baseline 0.001 -15"><span class='ocrx_word' id='word_1_85' title='bbox 757 1091 934 1147; x_wconf 73' lang='grc' dir='ltr'><strong><em>πρῶτος</em></strong></span> <span class='ocrx_word' id='word_1_86' title='bbox 962 1089 1051 1148; x_wconf 75' lang='grc' dir='ltr'><strong><em>γάρ</em></strong></span> <span class='ocrx_word' id='word_1_87' title='bbox 1081 1089 1221 1148; x_wconf 75' lang='grc' dir='ltr'><strong><em>ἡμᾶς,</em></strong></span> <span class='ocrx_word' id='word_1_88' title='bbox 1252 1086 1289 1135; x_wconf 73' lang='grc' dir='ltr'><em>ὦ</em></span> <span class='ocrx_word' id='word_1_89' title='bbox 1318 1093 1494 1149; x_wconf 81' lang='grc' dir='ltr'><strong><em>Κλέων,</em></strong></span> 
     </span>
     <span class='ocr_line' id='line_1_16' title="bbox 331 1159 1444 1218; baseline -0.001 -13"><span class='ocrx_word' id='word_1_90' title='bbox 331 1163 509 1218; x_wconf 84' lang='grc' dir='ltr'><strong><em>χαίρειν</em></strong></span> <span class='ocrx_word' id='word_1_91' title='bbox 539 1167 791 1218; x_wconf 78' lang='grc' dir='ltr'><strong><em>προσεῖπας</em></strong></span> <span class='ocrx_word' id='word_1_92' title='bbox 820 1159 966 1204; x_wconf 84' lang='grc' dir='ltr'><strong><em>πολλὰ</em></strong></span> <span class='ocrx_word' id='word_1_93' title='bbox 996 1163 1155 1205; x_wconf 74' lang='grc' dir='ltr'><strong><em>λυπῶν</em></strong></span> <span class='ocrx_word' id='word_1_94' title='bbox 1184 1160 1267 1218; x_wconf 81' lang='grc' dir='ltr'><strong><em>τὴν</em></strong></span> <span class='ocrx_word' id='word_1_95' title='bbox 1297 1160 1444 1205; x_wconf 89' lang='grc' dir='ltr'><strong><em>πόλιν.</em></strong></span> 
     </span>
     <span class='ocr_line' id='line_1_17' title="bbox 238 1241 1696 1300; baseline -0.002 -13"><span class='ocrx_word' id='word_1_96' title='bbox 238 1247 389 1287; x_wconf 86' lang='lat' dir='ltr'>Moeris</span> <span class='ocrx_word' id='word_1_97' title='bbox 421 1247 504 1286; x_wconf 84' lang='lat'><strong><em>213</em></strong></span> <span class='ocrx_word' id='word_1_98' title='bbox 535 1244 689 1298; x_wconf 90' lang='grc' dir='ltr'><strong><em>χαίρειν</em></strong></span> <span class='ocrx_word' id='word_1_99' title='bbox 719 1242 764 1284; x_wconf 80' lang='grc' dir='ltr'><strong><em>ἐν</em></strong></span> <span class='ocrx_word' id='word_1_100' title='bbox 793 1243 978 1300; x_wconf 79' lang='grc' dir='ltr'><strong><em>ἐπιστολῇ</em></strong></span> <span class='ocrx_word' id='word_1_101' title='bbox 1008 1249 1165 1297; x_wconf 72' lang='grc' dir='ltr'><strong><em>πρῶτος</em></strong></span> <span class='ocrx_word' id='word_1_102' title='bbox 1195 1242 1346 1298; x_wconf 85' lang='grc' dir='ltr'><strong><em>λέγεται</em></strong></span> <span class='ocrx_word' id='word_1_103' title='bbox 1374 1241 1528 1298; x_wconf 75' lang='grc' dir='ltr'><strong><em>γράψαι</em></strong></span> <span class='ocrx_word' id='word_1_104' title='bbox 1560 1243 1696 1285; x_wconf 80' lang='grc' dir='ltr'><strong><em>Κλέων</em></strong></span> 
     </span>
     <span class='ocr_line' id='line_1_18' title="bbox 118 1297 1696 1358; baseline -0.002 -14"><span class='ocrx_word' id='word_1_105' title='bbox 118 1297 355 1358; x_wconf 78' lang='grc' dir='ltr'><strong><em>Ἀθηναίοις</em></strong></span> <span class='ocrx_word' id='word_1_106' title='bbox 401 1301 499 1356; x_wconf 80' lang='grc' dir='ltr'><strong><em>μετὰ</em></strong></span> <span class='ocrx_word' id='word_1_107' title='bbox 535 1300 580 1343; x_wconf 91' lang='grc' dir='ltr'><strong><em>τὸ</em></strong></span> <span class='ocrx_word' id='word_1_108' title='bbox 616 1303 758 1356; x_wconf 84' lang='grc' dir='ltr'><strong><em>λαβεῖν</em></strong></span> <span class='ocrx_word' id='word_1_109' title='bbox 796 1300 870 1355; x_wconf 85' lang='grc' dir='ltr'><strong><em>τὴν</em></strong></span> <span class='ocrx_word' id='word_1_110' title='bbox 908 1301 1061 1343; x_wconf 84' lang='grc' dir='ltr'><strong><em>Πύλον.</em></strong></span> <span class='ocrx_word' id='word_1_111' title='bbox 1112 1300 1234 1342; x_wconf 73' lang='grc' dir='ltr'><strong><em>ἔνθεν</em></strong></span> <span class='ocrx_word' id='word_1_112' title='bbox 1262 1301 1330 1342; x_wconf 82' lang='grc' dir='ltr'><strong><em>καὶ</em></strong></span> <span class='ocrx_word' id='word_1_113' title='bbox 1359 1299 1446 1342; x_wconf 85' lang='grc' dir='ltr'><strong><em>τὸν</em></strong></span> <span class='ocrx_word' id='word_1_114' title='bbox 1475 1301 1696 1354; x_wconf 84' lang='grc' dir='ltr'><strong><em>κωμικὸν</em></strong></span> 
     </span>
    </p>
   </div>
   <div class='ocr_carea' id='block_1_7' title="bbox 123 1357 1695 1473">
    <p class='ocr_par' dir='ltr' id='par_1_7' title="bbox 123 1357 1695 1473">
     <span class='ocr_line' id='line_1_19' title="bbox 124 1357 1695 1414; baseline -0.003 -10"><span class='ocrx_word' id='word_1_115' title='bbox 124 1358 427 1404; x_wconf 77' lang='grc' dir='ltr'><strong><em>ἐπισκώπτοντα</em></strong></span> <span class='ocrx_word' id='word_1_116' title='bbox 448 1361 593 1402; x_wconf 85' lang='grc' dir='ltr'><strong><em>εἰπεῖν·</em></strong></span> <span class='ocrx_word' id='word_1_117' title='bbox 626 1365 782 1414; x_wconf 78' lang='grc' dir='ltr'><strong><em>πρῶτος</em></strong></span> <span class='ocrx_word' id='word_1_118' title='bbox 803 1362 884 1400; x_wconf 84' lang='grc' dir='ltr'><strong><em>κτλ.</em></strong></span> <span class='ocrx_word' id='word_1_119' title='bbox 918 1361 1061 1400; x_wconf 82' lang='lat' dir='ltr'><strong>Suidas</strong></span> <span class='ocrx_word' id='word_1_120' title='bbox 1081 1359 1251 1413; x_wconf 87' lang='grc' dir='ltr'><strong><em>χαίρειν·</em></strong></span> <span class='ocrx_word' id='word_1_121' title='bbox 1283 1365 1440 1414; x_wconf 80' lang='grc' dir='ltr'><strong><em>πρῶτον</em></strong></span> <span class='ocrx_word' id='word_1_122' title='bbox 1466 1358 1510 1399; x_wconf 84' lang='grc' dir='ltr'><strong><em>δὲ</em></strong></span> <span class='ocrx_word' id='word_1_123' title='bbox 1530 1357 1695 1399; x_wconf 82' lang='grc' dir='ltr'><strong><em>Κλέωνά</em></strong></span> 
     </span>
     <span class='ocr_line' id='line_1_20' title="bbox 123 1413 1695 1473; baseline -0.002 -13"><span class='ocrx_word' id='word_1_124' title='bbox 123 1431 250 1473; x_wconf 89' lang='grc' dir='ltr'><strong><em>φησιν</em></strong></span> <span class='ocrx_word' id='word_1_125' title='bbox 278 1417 356 1461; x_wconf 72' lang='grc' dir='ltr'><strong><em>Εὖ</em></strong></span> <span class='ocrx_word' id='word_1_126' title='bbox 363 1420 391 1473; x_wconf 87' lang='grc' dir='ltr'>β</span> <span class='ocrx_word' id='word_1_127' title='bbox 400 1421 546 1468; x_wconf 86' lang='grc' dir='ltr'><strong><em>ουλος</em></strong></span> <span class='ocrx_word' id='word_1_128' title='bbox 581 1415 602 1459; x_wconf 85' lang='grc' dir='ltr'><em>ὅ</em></span> <span class='ocrx_word' id='word_1_129' title='bbox 633 1416 804 1471; x_wconf 84' lang='grc' dir='ltr'><strong><em>κωμικὸς</em></strong></span> <span class='ocrx_word' id='word_1_130' title='bbox 842 1414 970 1466; x_wconf 75' lang='grc' dir='ltr'><strong><em>οὕτως</em></strong></span> <span class='ocrx_word' id='word_1_131' title='bbox 1001 1415 1217 1457; x_wconf 80' lang='grc' dir='ltr'><strong><em>ἐπιστεῖλαι</em></strong></span> <span class='ocrx_word' id='word_1_132' title='bbox 1247 1420 1328 1466; x_wconf 86' lang='grc' dir='ltr'><strong><em>τοῖς</em></strong></span> <span class='ocrx_word' id='word_1_133' title='bbox 1354 1413 1585 1469; x_wconf 82' lang='grc' dir='ltr'><strong><em>Ἀθηναίοις</em></strong></span> <span class='ocrx_word' id='word_1_134' title='bbox 1615 1414 1695 1457; x_wconf 84' lang='grc' dir='ltr'><strong><em>ἀπὸ</em></strong></span> 
     </span>
    </p>
   </div>
   <div class='ocr_carea' id='block_1_8' title="bbox 0 1454 1696 1546">
    <p class='ocr_par' dir='ltr' id='par_1_8' title="bbox 0 1454 1696 1546">
     <span class='ocr_line' id='line_1_21' title="bbox 0 1454 1696 1546; baseline -0.002 -28"><span class='ocrx_word' id='word_1_135' title='bbox 0 1454 6 1546; x_wconf 35' lang='grc' dir='ltr'><strong><em>ἶ,</em></strong></span> <span class='ocrx_word' id='word_1_136' title='bbox 45 1477 48 1479; x_wconf 75' lang='grc'><strong>’</strong></span> <span class='ocrx_word' id='word_1_137' title='bbox 123 1477 404 1531; x_wconf 83' lang='grc' dir='ltr'><strong><em>Σφακτηρίας.</em></strong></span> <span class='ocrx_word' id='word_1_138' title='bbox 435 1478 508 1518; x_wconf 88' lang='lat' dir='ltr'><strong><em>ubi</em></strong></span> <span class='ocrx_word' id='word_1_139' title='bbox 538 1477 796 1518; x_wconf 84' lang='lat' dir='ltr'>scribendum</span> <span class='ocrx_word' id='word_1_140' title='bbox 827 1490 913 1516; x_wconf 80' lang='lat' dir='ltr'><strong>esse</strong></span> <span class='ocrx_word' id='word_1_141' title='bbox 946 1473 1123 1523; x_wconf 75' lang='grc' dir='ltr'><strong><em>Εὔπολις</em></strong></span> <span class='ocrx_word' id='word_1_142' title='bbox 1153 1476 1394 1516; x_wconf 73' lang='lat' dir='ltr'>Fritzschius</span> <span class='ocrx_word' id='word_1_143' title='bbox 1416 1476 1571 1515; x_wconf 76' lang='lat' dir='ltr'>monuit</span> <span class='ocrx_word' id='word_1_144' title='bbox 1590 1476 1696 1526; x_wconf 85' lang='lat' dir='ltr'>apud</span> 
     </span>
    </p>
   </div>
   <div class='ocr_carea' id='block_1_9' title="bbox 115 1529 1696 1765">
    <p class='ocr_par' dir='ltr' id='par_1_9' title="bbox 115 1529 1696 1765">
     <span class='ocr_line' id='line_1_22' title="bbox 124 1529 1696 1589; baseline -0.005 -11"><span class='ocrx_word' id='word_1_145' title='bbox 124 1538 273 1589; x_wconf 82' lang='lat' dir='ltr'>Bergk.</span> <span class='ocrx_word' id='word_1_146' title='bbox 313 1537 361 1577; x_wconf 83' lang='lat' dir='ltr'><strong><em>R.</em></strong></span> <span class='ocrx_word' id='word_1_147' title='bbox 401 1549 435 1576; x_wconf 88' lang='lat' dir='ltr'><strong><em>c.</em></strong></span> <span class='ocrx_word' id='word_1_148' title='bbox 477 1537 564 1576; x_wconf 75' lang='lat' dir='ltr'><strong>Att.</strong></span> <span class='ocrx_word' id='word_1_149' title='bbox 605 1536 701 1575; x_wconf 83' lang='lat'><strong>362.</strong></span> <span class='ocrx_word' id='word_1_150' title='bbox 753 1535 991 1575; x_wconf 76' lang='lat' dir='ltr'>salutatione</span> <span class='ocrx_word' id='word_1_151' title='bbox 1036 1536 1165 1586; x_wconf 88' lang='grc' dir='ltr'><strong><em>χαῖρε,</em></strong></span> <span class='ocrx_word' id='word_1_152' title='bbox 1211 1532 1382 1585; x_wconf 85' lang='grc' dir='ltr'><strong><em>χαίρειν,</em></strong></span> <span class='ocrx_word' id='word_1_153' title='bbox 1420 1531 1571 1585; x_wconf 87' lang='grc' dir='ltr'><strong><em>χαίρειν</em></strong></span> <span class='ocrx_word' id='word_1_154' title='bbox 1600 1529 1696 1585; x_wconf 85' lang='grc' dir='ltr'><strong><em>λέγω</em></strong></span> 
     </span>
     <span class='ocr_line' id='line_1_23' title="bbox 120 1590 1696 1647; baseline -0.004 -11"><span class='ocrx_word' id='word_1_155' title='bbox 120 1597 310 1647; x_wconf 68' lang='lat' dir='ltr'><strong><em>privatim</em></strong></span> <span class='ocrx_word' id='word_1_156' title='bbox 339 1596 420 1635; x_wconf 79' lang='lat' dir='ltr'><strong><em>iam</em></strong></span> <span class='ocrx_word' id='word_1_157' title='bbox 450 1594 579 1634; x_wconf 78' lang='lat' dir='ltr'>multo</span> <span class='ocrx_word' id='word_1_158' title='bbox 610 1595 704 1633; x_wconf 76' lang='lat' dir='ltr'><strong>ante</strong></span> <span class='ocrx_word' id='word_1_159' title='bbox 725 1593 877 1632; x_wconf 83' lang='lat' dir='ltr'><strong>bellum</strong></span> <span class='ocrx_word' id='word_1_160' title='bbox 905 1592 1290 1643; x_wconf 80' lang='lat' dir='ltr'>Peloponnesiacum</span> <span class='ocrx_word' id='word_1_161' title='bbox 1311 1591 1438 1630; x_wconf 73' lang='lat' dir='ltr'>Attici</span> <span class='ocrx_word' id='word_1_162' title='bbox 1466 1590 1696 1638; x_wconf 71' lang='lat' dir='ltr'>ubebantur,</span> 
     </span>
     <span class='ocr_line' id='line_1_24' title="bbox 115 1648 1695 1705; baseline -0.006 -10"><span class='ocrx_word' id='word_1_163' title='bbox 115 1655 274 1704; x_wconf 75' lang='lat' dir='ltr'><strong><em>publice</em></strong></span> <span class='ocrx_word' id='word_1_164' title='bbox 301 1653 459 1705; x_wconf 82' lang='lat' dir='ltr'><strong>primus</strong></span> <span class='ocrx_word' id='word_1_165' title='bbox 490 1651 626 1692; x_wconf 85' lang='lat' dir='ltr'>Cleon.</span> <span class='ocrx_word' id='word_1_166' title='bbox 663 1651 812 1702; x_wconf 83' lang='lat' dir='ltr'><strong>Bergk.</strong></span> <span class='ocrx_word' id='word_1_167' title='bbox 844 1650 939 1690; x_wconf 82' lang='lat'><strong>362.</strong></span> <span class='ocrx_word' id='word_1_168' title='bbox 978 1649 1144 1691; x_wconf 87' lang='lat' dir='ltr'>Lucian.</span> <span class='ocrx_word' id='word_1_169' title='bbox 1182 1649 1260 1688; x_wconf 88' lang='lat' dir='ltr'><strong><em>Pro</em></strong></span> <span class='ocrx_word' id='word_1_170' title='bbox 1290 1649 1403 1699; x_wconf 85' lang='lat' dir='ltr'>lapsu</span> <span class='ocrx_word' id='word_1_171' title='bbox 1434 1649 1476 1687; x_wconf 90' lang='lat' dir='ltr'><strong><em>in</em></strong></span> <span class='ocrx_word' id='word_1_172' title='bbox 1505 1648 1623 1687; x_wconf 73' lang='lat' dir='ltr'>salut.</span> <span class='ocrx_word' id='word_1_173' title='bbox 1656 1649 1695 1687; x_wconf 91' lang='lat'><strong><em>3.</em></strong></span> 
     </span>
     <span class='ocr_line' id='line_1_25' title="bbox 122 1706 1320 1765; baseline -0.004 -14"><span class='ocrx_word' id='word_1_174' title='bbox 122 1711 174 1752; x_wconf 82' lang='lat' dir='ltr'><strong><em>ad</em></strong></span> <span class='ocrx_word' id='word_1_175' title='bbox 204 1708 400 1765; x_wconf 85' lang='grc' dir='ltr'><strong><em>Χρυσοῦν</em></strong></span> <span class='ocrx_word' id='word_1_176' title='bbox 429 1706 545 1763; x_wconf 85' lang='grc' dir='ltr'><strong><em>γένος</em></strong></span> <span class='ocrx_word' id='word_1_177' title='bbox 576 1708 758 1749; x_wconf 74' lang='lat' dir='ltr'><strong>referunt</strong></span> <span class='ocrx_word' id='word_1_178' title='bbox 787 1708 984 1759; x_wconf 85' lang='lat' dir='ltr'>Bergkius</span> <span class='ocrx_word' id='word_1_179' title='bbox 1015 1709 1057 1746; x_wconf 74' lang='lat' dir='ltr'><strong><em>et</em></strong></span> <span class='ocrx_word' id='word_1_180' title='bbox 1086 1706 1320 1746; x_wconf 81' lang='lat' dir='ltr'><strong>Meinekius.</strong></span> 
     </span>
    </p>
   </div>
   <div class='ocr_carea' id='block_1_10' title="bbox 123 1830 1698 2469">
    <p class='ocr_par' dir='ltr' id='par_1_10' title="bbox 333 1830 1426 2041">
     <span class='ocr_line' id='line_1_26' title="bbox 876 1830 962 1874; baseline -0.012 0"><span class='ocrx_word' id='word_1_181' title='bbox 876 1830 962 1874; x_wconf 86' lang='lat'><strong><em>309</em></strong></span> 
     </span>
     <span class='ocr_line' id='line_1_27' title="bbox 873 1907 1426 1966; baseline -0.009 -12"><span class='ocrx_word' id='word_1_182' title='bbox 873 1911 1126 1966; x_wconf 84' lang='grc' dir='ltr'><strong><em>συνέτυχεν</em></strong></span> <span class='ocrx_word' id='word_1_183' title='bbox 1158 1907 1321 1961; x_wconf 79' lang='grc' dir='ltr'><strong><em>ἐξιόντι</em></strong></span> <span class='ocrx_word' id='word_1_184' title='bbox 1351 1924 1426 1964; x_wconf 90' lang='grc' dir='ltr'><strong><em>μοι</em></strong></span> 
     </span>
     <span class='ocr_line' id='line_1_28' title="bbox 333 1976 1405 2041; baseline -0.007 -13"><span class='ocrx_word' id='word_1_185' title='bbox 333 1985 586 2041; x_wconf 79' lang='grc' dir='ltr'><strong><em>ἄνθρωπος</em></strong></span> <span class='ocrx_word' id='word_1_186' title='bbox 617 1978 832 2038; x_wconf 78' lang='grc' dir='ltr'><strong><em>ἀποφρὰς</em></strong></span> <span class='ocrx_word' id='word_1_187' title='bbox 862 1980 937 2022; x_wconf 81' lang='grc' dir='ltr'><strong><em>καὶ</em></strong></span> <span class='ocrx_word' id='word_1_188' title='bbox 967 1979 1151 2035; x_wconf 82' lang='grc' dir='ltr'><strong><em>βλέπων</em></strong></span> <span class='ocrx_word' id='word_1_189' title='bbox 1181 1976 1405 2021; x_wconf 80' lang='grc' dir='ltr'><strong><em>ἀπιστίαν.</em></strong></span> 
     </span>
    </p>

    <p class='ocr_par' dir='ltr' id='par_1_11' title="bbox 123 2055 1698 2469">
     <span class='ocr_line' id='line_1_29' title="bbox 238 2055 1695 2118; baseline -0.01 -7"><span class='ocrx_word' id='word_1_190' title='bbox 238 2070 411 2110; x_wconf 85' lang='lat' dir='ltr'><strong>Bekker.</strong></span> <span class='ocrx_word' id='word_1_191' title='bbox 445 2068 596 2108; x_wconf 82' lang='lat' dir='ltr'>Anecd.</span> <span class='ocrx_word' id='word_1_192' title='bbox 630 2069 668 2117; x_wconf 89' lang='lat'><strong><em>5,</em></strong></span> <span class='ocrx_word' id='word_1_193' title='bbox 700 2069 725 2107; x_wconf 89' lang='grc'>8</span> <span class='ocrx_word' id='word_1_194' title='bbox 763 2062 985 2118; x_wconf 69' lang='grc' dir='ltr'><strong><em>ἄνθρωπος</em></strong></span> <span class='ocrx_word' id='word_1_195' title='bbox 1024 2057 1235 2114; x_wconf 86' lang='grc' dir='ltr'><strong><em>ἀποφράς·</em></strong></span> <span class='ocrx_word' id='word_1_196' title='bbox 1273 2056 1503 2112; x_wconf 79' lang='grc' dir='ltr'><strong><em>ἀποφράδες</em></strong></span> <span class='ocrx_word' id='word_1_197' title='bbox 1543 2055 1695 2111; x_wconf 78' lang='grc' dir='ltr'><strong><em>ἡμέραι,</em></strong></span> 
     </span>
     <span class='ocr_line' id='line_1_30' title="bbox 123 2111 1698 2180; baseline -0.01 -12"><span class='ocrx_word' id='word_1_198' title='bbox 123 2123 223 2168; x_wconf 83' lang='grc' dir='ltr'><strong><em>καθ’</em></strong></span> <span class='ocrx_word' id='word_1_199' title='bbox 270 2124 321 2175; x_wconf 77' lang='grc' dir='ltr'><strong><em>δὶς</em></strong></span> <span class='ocrx_word' id='word_1_200' title='bbox 351 2121 601 2180; x_wconf 85' lang='grc' dir='ltr'><strong><em>ἀπηγόρευτό</em></strong></span> <span class='ocrx_word' id='word_1_201' title='bbox 639 2138 676 2164; x_wconf 91' lang='grc' dir='ltr'><strong><em>τι</em></strong></span> <span class='ocrx_word' id='word_1_202' title='bbox 705 2122 906 2176; x_wconf 88' lang='grc' dir='ltr'><strong><em>πράττειν.</em></strong></span> <span class='ocrx_word' id='word_1_203' title='bbox 958 2119 1142 2172; x_wconf 84' lang='grc' dir='ltr'><strong><em>σημαίνει</em></strong></span> <span class='ocrx_word' id='word_1_204' title='bbox 1179 2113 1254 2158; x_wconf 79' lang='grc' dir='ltr'><strong><em>οὖν</em></strong></span> <span class='ocrx_word' id='word_1_205' title='bbox 1291 2115 1365 2157; x_wconf 82' lang='grc' dir='ltr'><strong><em>τὸν</em></strong></span> <span class='ocrx_word' id='word_1_206' title='bbox 1394 2111 1480 2156; x_wconf 83' lang='grc' dir='ltr'><strong><em>οἷον</em></strong></span> <span class='ocrx_word' id='word_1_207' title='bbox 1508 2112 1698 2155; x_wconf 78' lang='grc' dir='ltr'><strong><em>ἀπαίσιον</em></strong></span> 
     </span>
     <span class='ocr_line' id='line_1_31' title="bbox 124 2170 1696 2238; baseline -0.011 -11"><span class='ocrx_word' id='word_1_208' title='bbox 124 2184 193 2226; x_wconf 82' lang='grc' dir='ltr'><strong><em>καὶ</em></strong></span> <span class='ocrx_word' id='word_1_209' title='bbox 223 2183 384 2238; x_wconf 73' lang='grc' dir='ltr'><strong><em>ἔξεδρον</em></strong></span> <span class='ocrx_word' id='word_1_210' title='bbox 412 2182 481 2224; x_wconf 78' lang='grc' dir='ltr'><strong><em>καὶ</em></strong></span> <span class='ocrx_word' id='word_1_211' title='bbox 512 2181 712 2236; x_wconf 82' lang='grc' dir='ltr'><strong><em>ἐπάρατον</em></strong></span> <span class='ocrx_word' id='word_1_212' title='bbox 741 2180 975 2233; x_wconf 75' lang='grc' dir='ltr'><strong><em>ἄνθρωπον.</em></strong></span> <span class='ocrx_word' id='word_1_213' title='bbox 1026 2175 1243 2229; x_wconf 85' lang='grc' dir='ltr'><strong><em>συνέτυχεν</em></strong></span> <span class='ocrx_word' id='word_1_214' title='bbox 1271 2177 1352 2218; x_wconf 86' lang='grc' dir='ltr'><strong><em>κτλ.</em></strong></span> <span class='ocrx_word' id='word_1_215' title='bbox 1391 2170 1580 2214; x_wconf 88' lang='grc' dir='ltr'><strong><em>ἀπιστίαν</em></strong></span> <span class='ocrx_word' id='word_1_216' title='bbox 1608 2170 1696 2225; x_wconf 88' lang='grc' dir='ltr'><strong><em>βλέ-</em></strong></span> 
     </span>
     <span class='ocr_line' id='line_1_32' title="bbox 123 2227 1698 2294; baseline -0.01 -11"><span class='ocrx_word' id='word_1_217' title='bbox 123 2252 212 2284; x_wconf 86' lang='grc' dir='ltr'><strong><em>πει·</em></strong></span> <span class='ocrx_word' id='word_1_218' title='bbox 244 2241 441 2290; x_wconf 77' lang='grc' dir='ltr'><strong><em>Εὕπολις.</em></strong></span> <span class='ocrx_word' id='word_1_219' title='bbox 493 2239 681 2294; x_wconf 89' lang='grc' dir='ltr'><strong><em>σημαίνει</em></strong></span> <span class='ocrx_word' id='word_1_220' title='bbox 710 2237 781 2279; x_wconf 89' lang='grc' dir='ltr'><strong><em>τὸν</em></strong></span> <span class='ocrx_word' id='word_1_221' title='bbox 809 2233 1081 2278; x_wconf 82' lang='grc' dir='ltr'><strong><em>ἀπιστότατον.</em></strong></span> <span class='ocrx_word' id='word_1_222' title='bbox 1127 2235 1305 2287; x_wconf 75' lang='lat' dir='ltr'>Etymol.</span> <span class='ocrx_word' id='word_1_223' title='bbox 1337 2247 1389 2273; x_wconf 91' lang='lat' dir='ltr'><strong><em>m.</em></strong></span> <span class='ocrx_word' id='word_1_224' title='bbox 1424 2233 1515 2280; x_wconf 90' lang='lat'>131,</span> <span class='ocrx_word' id='word_1_225' title='bbox 1550 2232 1599 2270; x_wconf 83' lang='lat'><strong><em>19</em></strong></span> <span class='ocrx_word' id='word_1_226' title='bbox 1630 2227 1698 2269; x_wconf 85' lang='grc' dir='ltr'><strong><em>καὶ</em></strong></span> 
     </span>
     <span class='ocr_line' id='line_1_33' title="bbox 125 2284 1696 2354; baseline -0.011 -12"><span class='ocrx_word' id='word_1_227' title='bbox 125 2295 219 2350; x_wconf 81' lang='grc' dir='ltr'><strong><em>τούς</em></strong></span> <span class='ocrx_word' id='word_1_228' title='bbox 249 2297 454 2354; x_wconf 83' lang='grc' dir='ltr'><strong><em>πονηροὺς</em></strong></span> <span class='ocrx_word' id='word_1_229' title='bbox 494 2296 539 2339; x_wconf 80' lang='grc' dir='ltr'><strong><em>δὲ</em></strong></span> <span class='ocrx_word' id='word_1_230' title='bbox 569 2293 811 2351; x_wconf 83' lang='grc' dir='ltr'><strong><em>ἀποφράδας</em></strong></span> <span class='ocrx_word' id='word_1_231' title='bbox 842 2293 1078 2352; x_wconf 55' lang='grc' dir='ltr'><strong><em>ἐπιθετικῶς</em></strong></span> <span class='ocrx_word' id='word_1_232' title='bbox 1110 2288 1312 2332; x_wconf 80' lang='grc' dir='ltr'><strong><em>ἐκάλεσαν.</em></strong></span> <span class='ocrx_word' id='word_1_233' title='bbox 1364 2284 1449 2329; x_wconf 82' lang='grc' dir='ltr'><strong><em>οἷον</em></strong></span> <span class='ocrx_word' id='word_1_234' title='bbox 1477 2286 1696 2339; x_wconf 75' lang='grc' dir='ltr'><strong><em>ἄνθρωπος</em></strong></span> 
     </span>
     <span class='ocr_line' id='line_1_34' title="bbox 125 2345 1694 2407; baseline -0.011 -8"><span class='ocrx_word' id='word_1_235' title='bbox 125 2362 209 2401; x_wconf 89' lang='grc' dir='ltr'><strong><em>κτλ.</em></strong></span> <span class='ocrx_word' id='word_1_236' title='bbox 258 2360 425 2400; x_wconf 79' lang='lat' dir='ltr'>Lucian.</span> <span class='ocrx_word' id='word_1_237' title='bbox 468 2357 653 2404; x_wconf 84' lang='lat' dir='ltr'>Pseudol.</span> <span class='ocrx_word' id='word_1_238' title='bbox 686 2358 739 2396; x_wconf 83' lang='lat'><strong><em>32</em></strong></span> <span class='ocrx_word' id='word_1_239' title='bbox 778 2351 946 2407; x_wconf 69' lang='grc' dir='ltr'><strong><em>ἄμεινον</em></strong></span> <span class='ocrx_word' id='word_1_240' title='bbox 983 2353 1037 2404; x_wconf 82' lang='grc' dir='ltr'><strong><em>ἠν</em></strong></span> <span class='ocrx_word' id='word_1_241' title='bbox 1075 2360 1137 2390; x_wconf 88' lang='grc' dir='ltr'><strong><em>σοι</em></strong></span> <span class='ocrx_word' id='word_1_242' title='bbox 1170 2382 1177 2389; x_wconf 96' lang='grc'><strong><em>.</em></strong></span> <span class='ocrx_word' id='word_1_243' title='bbox 1210 2380 1217 2388; x_wconf 97' lang='grc'><strong><em>.</em></strong></span> <span class='ocrx_word' id='word_1_244' title='bbox 1252 2379 1261 2387; x_wconf 92' lang='grc'><strong><em>.</em></strong></span> <span class='ocrx_word' id='word_1_245' title='bbox 1292 2345 1346 2399; x_wconf 85' lang='grc' dir='ltr'><strong><em>μὴ</em></strong></span> <span class='ocrx_word' id='word_1_246' title='bbox 1377 2346 1596 2399; x_wconf 78' lang='grc' dir='ltr'><strong><em>καταγελᾶν</em></strong></span> <span class='ocrx_word' id='word_1_247' title='bbox 1625 2348 1694 2395; x_wconf 82' lang='grc' dir='ltr'><strong><em>τῆς</em></strong></span> 
     </span>
     <span class='ocr_line' id='line_1_35' title="bbox 124 2403 1363 2469; baseline -0.01 -12"><span class='ocrx_word' id='word_1_248' title='bbox 124 2413 375 2469; x_wconf 81' lang='grc' dir='ltr'><strong><em>ἀποφράδος,</em></strong></span> <span class='ocrx_word' id='word_1_249' title='bbox 405 2413 432 2468; x_wconf 81' lang='grc' dir='ltr'><em>ἥ</em></span> <span class='ocrx_word' id='word_1_250' title='bbox 463 2426 525 2454; x_wconf 91' lang='grc' dir='ltr'><strong><em>σοι</em></strong></span> <span class='ocrx_word' id='word_1_251' title='bbox 554 2410 773 2466; x_wconf 88' lang='grc' dir='ltr'><strong><em>ἀποφράδα</em></strong></span> <span class='ocrx_word' id='word_1_252' title='bbox 804 2405 874 2451; x_wconf 83' lang='grc' dir='ltr'><strong><em>τὸν</em></strong></span> <span class='ocrx_word' id='word_1_253' title='bbox 903 2409 994 2463; x_wconf 90' lang='grc' dir='ltr'><strong><em>βίον</em></strong></span> <span class='ocrx_word' id='word_1_254' title='bbox 1026 2406 1118 2448; x_wconf 82' lang='grc' dir='ltr'><strong><em>ὅλον</em></strong></span> <span class='ocrx_word' id='word_1_255' title='bbox 1149 2403 1363 2459; x_wconf 82' lang='grc' dir='ltr'><strong><em>ἐργάσεται.</em></strong></span> 
     </span>
    </p>
   </div>
   <div class='ocr_carea' id='block_1_11' title="bbox 338 2533 1376 2745">
    <p class='ocr_par' dir='ltr' id='par_1_12' title="bbox 338 2533 1376 2745">
     <span class='ocr_line' id='line_1_36' title="bbox 868 2533 953 2578; baseline -0.035 0"><span class='ocrx_word' id='word_1_256' title='bbox 868 2533 953 2578; x_wconf 86' lang='grc'><strong><em>310</em></strong></span> 
     </span>
     <span class='ocr_line' id='line_1_37' title="bbox 1007 2609 1376 2664; baseline -0.016 -10"><span class='ocrx_word' id='word_1_257' title='bbox 1007 2611 1084 2654; x_wconf 84' lang='grc' dir='ltr'><strong><em>καὶ</em></strong></span> <span class='ocrx_word' id='word_1_258' title='bbox 1114 2609 1300 2664; x_wconf 82' lang='grc' dir='ltr'><strong><em>λέγουσί</em></strong></span> <span class='ocrx_word' id='word_1_259' title='bbox 1326 2621 1376 2661; x_wconf 80' lang='grc' dir='ltr'><strong><em>γε</em></strong></span> 
     </span>
     <span class='ocr_line' id='line_1_38' title="bbox 338 2675 1359 2745; baseline -0.016 -13"><span class='ocrx_word' id='word_1_260' title='bbox 338 2686 393 2731; x_wconf 81' lang='grc' dir='ltr'><strong><em>τά</em></strong></span> <span class='ocrx_word' id='word_1_261' title='bbox 423 2686 634 2745; x_wconf 84' lang='grc' dir='ltr'><strong><em>μειράκια</em></strong></span> <span class='ocrx_word' id='word_1_262' title='bbox 666 2683 971 2741; x_wconf 81' lang='grc' dir='ltr'><strong><em>προϊστάμενα</em></strong></span> <span class='ocrx_word' id='word_1_263' title='bbox 1001 2686 1093 2730; x_wconf 80' lang='grc' dir='ltr'><strong><em>τοῖς</em></strong></span> <span class='ocrx_word' id='word_1_264' title='bbox 1123 2675 1359 2731; x_wconf 84' lang='grc' dir='ltr'><strong><em>ἀνδράσιν.</em></strong></span> 
     </span>
    </p>
   </div>
   <div class='ocr_carea' id='block_1_12' title="bbox 126 2754 1697 2944">
    <p class='ocr_par' dir='ltr' id='par_1_13' title="bbox 126 2754 1697 2944">
     <span class='ocr_line' id='line_1_39' title="bbox 196 2754 1695 2817; baseline -0.017 -1"><span class='ocrx_word' id='word_1_265' title='bbox 196 2760 198 2763; x_wconf 75' lang='grc'>’</span> <span class='ocrx_word' id='word_1_266' title='bbox 242 2774 458 2814; x_wconf 83' lang='lat' dir='ltr'>Herodian.</span> <span class='ocrx_word' id='word_1_267' title='bbox 490 2774 535 2812; x_wconf 76' lang='lat' dir='ltr'><strong><em>in</em></strong></span> <span class='ocrx_word' id='word_1_268' title='bbox 564 2771 724 2811; x_wconf 72' lang='lat' dir='ltr'>viuois.</span> <span class='ocrx_word' id='word_1_269' title='bbox 755 2768 909 2808; x_wconf 74' lang='grc' dir='ltr'><strong><em>Αοοοᾱ.</em></strong></span> <span class='ocrx_word' id='word_1_270' title='bbox 941 2765 1058 2805; x_wconf 81' lang='grc'>1188</span> <span class='ocrx_word' id='word_1_271' title='bbox 1089 2760 1187 2817; x_wconf 66' lang='grc' dir='ltr'><strong><em>(τοῖς</em></strong></span> <span class='ocrx_word' id='word_1_272' title='bbox 1209 2755 1447 2811; x_wconf 69' lang='grc' dir='ltr'><strong><em>οὐδετέροις)</em></strong></span> <span class='ocrx_word' id='word_1_273' title='bbox 1478 2754 1695 2807; x_wconf 70' lang='grc' dir='ltr'><strong><em>διαφόρους</em></strong></span> 
     </span>
     <span class='ocr_line' id='line_1_40' title="bbox 126 2812 1694 2885; baseline -0.013 -12"><span class='ocrx_word' id='word_1_274' title='bbox 126 2828 408 2885; x_wconf 77' lang='grc' dir='ltr'><strong><em>πληθυντικὰς</em></strong></span> <span class='ocrx_word' id='word_1_275' title='bbox 439 2826 647 2878; x_wconf 81' lang='grc' dir='ltr'><strong><em>συντάξεις</em></strong></span> <span class='ocrx_word' id='word_1_276' title='bbox 679 2824 895 2879; x_wconf 79' lang='grc' dir='ltr'><strong><em>ἐπάγουσιν</em></strong></span> <span class='ocrx_word' id='word_1_277' title='bbox 924 2822 965 2862; x_wconf 83' lang='grc' dir='ltr'><strong><em>οἷ</em></strong></span> <span class='ocrx_word' id='word_1_278' title='bbox 977 2818 1156 2871; x_wconf 81' lang='grc' dir='ltr'><strong><em>Ἀττικοί,</em></strong></span> <span class='ocrx_word' id='word_1_279' title='bbox 1187 2813 1242 2864; x_wconf 78' lang='grc' dir='ltr'><strong><em>ὦς</em></strong></span> <span class='ocrx_word' id='word_1_280' title='bbox 1264 2813 1442 2862; x_wconf 73' lang='grc' dir='ltr'><strong><em>Εὔπολις</em></strong></span> <span class='ocrx_word' id='word_1_281' title='bbox 1473 2812 1539 2852; x_wconf 83' lang='grc' dir='ltr'><strong><em>καὶ</em></strong></span> <span class='ocrx_word' id='word_1_282' title='bbox 1559 2815 1596 2880; x_wconf 37' lang='grc' dir='ltr'><strong><em>λζ</em></strong></span> <span class='ocrx_word' id='word_1_283' title='bbox 1614 2813 1694 2853; x_wconf 83' lang='grc' dir='ltr'><strong><em>κτλ.</em></strong></span> 
     </span>
     <span class='ocr_line' id='line_1_41' title="bbox 126 2873 1697 2944; baseline -0.015 -15"><span class='ocrx_word' id='word_1_284' title='bbox 126 2887 305 2944; x_wconf 79' lang='grc' dir='ltr'><strong><em>λέγουσι]</em></strong></span> <span class='ocrx_word' id='word_1_285' title='bbox 338 2885 520 2941; x_wconf 83' lang='grc' dir='ltr'><strong><em>λέγονται</em></strong></span> <span class='ocrx_word' id='word_1_286' title='bbox 550 2886 636 2927; x_wconf 88' lang='lat' dir='ltr'>cod.</span> <span class='ocrx_word' id='word_1_287' title='bbox 667 2886 758 2926; x_wconf 87' lang='lat' dir='ltr'>Par.</span> <span class='ocrx_word' id='word_1_288' title='bbox 791 2897 856 2934; x_wconf 88' lang='lat' dir='ltr'><strong><em>ap.</em></strong></span> <span class='ocrx_word' id='word_1_289' title='bbox 879 2881 1004 2920; x_wconf 85' lang='lat' dir='ltr'><strong>Walz.</strong></span> <span class='ocrx_word' id='word_1_290' title='bbox 1035 2878 1152 2917; x_wconf 77' lang='lat' dir='ltr'><strong>Rhet.</strong></span> <span class='ocrx_word' id='word_1_291' title='bbox 1183 2874 1284 2914; x_wconf 90' lang='lat' dir='ltr'>VIII</span> <span class='ocrx_word' id='word_1_292' title='bbox 1306 2873 1400 2912; x_wconf 90' lang='lat'><strong>583.</strong></span> <span class='ocrx_word' id='word_1_293' title='bbox 1432 2875 1697 2923; x_wconf 86' lang='grc' dir='ltr'><strong><em>προϊσταμενα</em></strong></span> 
     </span>
    </p>
   </div>
  </div>
 </body>
</html>
