1872 3224
215 183 300 226 324
846 177 1146 213 ΕΤΠΟΛΙΔΟΣ

330 287 523 338 Aspasius
553 286 724 326 Aristot.
755 285 849 324 Eth.
881 284 1039 326 Nicom.
1072 283 1112 329 4,
1145 283 1170 322 6
1202 279 1384 333 σύνηθες
1421 279 1467 321 ἐν
1501 279 1691 336 κωμωδία
1719 292 1812 321 πα..

217 344 497 399 ραπετοῖσματα
527 340 677 396 δέρρεις
708 345 849 391 ποιεῖν,
881 337 928 380 οὐ
950 338 1218 393 πορφυρίδας.
1247 338 1455 393 Μυρτίλος
1486 337 1531 379 ἐν
1555 335 1800 379 Τιτανόπασι
1837 385 1840 388 ,

217 402 259 442 τὸ
291 402 425 453 δεινῆς
455 399 936 451 κτλ.111131Ῥ11113311(111111
965 400 1061 450 post
1084 395 1798 449 Ttvavdnam.cf.My1-til.1.quse

219 462 441 511 sequuntur
486 459 699 509 Eupolidis
745 471 792 497 ex
837 456 1074 508 Prospaltiis
1121 468 1207 496 3333
1255 455 1372 495 (10031
1418 455 1549 495 Schol.
1590 453 1797 506 Aristoph.

218 518 336 568 Vesp.
370 518 421 556 58
453 512 507 562 ὦς
538 530 619 554 των
650 511 877 567 Μεγαρέων
906 509 1113 566 γελώντων
1142 510 1210 552 καὶ
1238 510 1369 559 ἄλλως
1409 511 1610 564 φορτικῶς
1647 512 1798 564 γελοια-
1850 523 1853 562 2

216 572 378 622 ζόντων.
439 571 617 619 Εὔπολις
649 571 964 625 Προσπαλτίοις·
997 568 1040 610 τὸ
1073 566 1228 622 σκῶμμ’
1263 565 1427 622 ασελγὲς
1457 567 1526 608 καὶ
1556 565 1799 622 Μεγαρικὸν

215 627 382 682 σφόδρα.
458 631 508 670 cf.
546 630 674 670 Arist.
715 630 820 671 Nub.
860 630 941 668 541
982 624 1077 667 ουδὲ
1117 625 1345 681 πρεσβύτης
1381 623 1403 666 ὁ
1441 624 1568 680 λέγων
1604 624 1711 677 τᾶπη
1748 629 1799 681 τῇ
1850 634 1854 635 ’

214 686 409 757 βακτηρία
440 686 577 726 τύπτει
607 684 678 726 τὸν
705 681 872 738 παρόντ’
904 680 1115 735 ἀφανίζων
1142 682 1299 737 πονηρα
1322 682 1552 736 σκωμματα.
1582 684 1653 724 ubi
1673 683 1797 724 schol.

215 742 271 785 ὦσ
302 742 481 792 Εὔπολις
503 741 547 783 ἐν
568 747 648 792 τοῖς
676 742 980 812 Προσπαλτίοις
1046 746 1081 782 1.
1115 741 1269 812 δεινῆς]
1299 741 1442 789 δεινῶς
1463 742 1550 782 cod.
1574 754 1648 782 ms.
1670 740 1798 783 Gaisf.
1867 766 1872 787 :

215 804 433 854 Hephaest.
456 816 496 852 p.
520 804 571 842 97
596 815 696 842 corr.
719 798 762 840 τὸ
785 797 888 841 δεῖν’
911 802 975 841 vel
995 796 1016 840 ὁ
1040 796 1142 839 δεῖν’
1167 799 1431 840 Μ311131(.τοῦ
1452 798 1584 847 δεῖνος
1599 798 1797 840 Fritzsoh.
1863 812 1872 826 ⁸

215 861 307 900 Act.
338 873 418 901 soc.
450 873 510 911 gr.
542 860 562 898 I
596 860 673 899 131
718 861 983 910 spectatorem
1022 859 1091 909 qui
1129 871 1230 908 quae
1268 859 1493 908 sequuntur
1532 857 1641 897 dicat
1676 856 1798 909 313111-
1866 860 1872 870 ⁴

215 918 323 957 ficari
361 930 542 957 monens.
647 918 685 958 2.
720 913 958 969 Μεγαρικὸν
988 913 1074 969 καὶ]
1118 913 1350 968 μαγειρικὸν
1394 914 1529 954 Bentl.
1569 915 1612 954 at
1657 913 1798 966 coquis

215 979 301 1015 tum
345 975 524 1014 nondum
569 974 787 1014 utebantur
827 973 1108 1014 Athenienses.
1221 974 1260 1012 3.
1299 974 1470 1025 γελῶσιν
1508 971 1634 1012 1)ο1)1·.
1680 971 1796 1012 Pors.

216 1033 329 1072 Misc.
363 1033 457 1071 384.
488 1033 584 1086 γελᾷ
615 1027 761 1083 σφόδρ’
795 1033 860 1071 vel
888 1030 982 1085 γελᾷ
1012 1026 1051 1069 δ’
1086 1044 1162 1069 ουν
1192 1026 1794 1084 Ὲ111130111113.ψυχρὸνγελᾷς.

216 1085 378 1153 γελῶσ’,
427 1085 524 1143 ὁρᾷς
562 1090 642 1127 κτλ.
703 1089 850 1140 Bergk.
898 1089 943 1129 R.
982 1101 1013 1128 0.
1056 1088 1144 1128 Α11.
1178 1088 1260 1127 359
1306 1100 1425 1127 versu
1463 1088 1651 1138 pessimo.
1700 1087 1800 1142 γελᾶ

215 1161 304 1198 γαρ,
335 1137 389 1193 ὥς
419 1148 498 1188 κτλ.
531 1146 669 1186 Cobet.
700 1146 751 1185 N.
783 1146 809 1187 l.
845 1147 939 1186 160.
987 1146 1085 1185 1(133
1116 1146 1158 1185 111
1197 1158 1338 1185 scaena
1376 1146 1589 1185 versantur
1625 1145 1794 1194 actores,

217 1217 386 1254 quorum
418 1216 508 1243 cum
537 1216 641 1243 unus
671 1203 876 1243 inficetum
907 1204 948 1242 in
980 1203 1143 1243 modum
1174 1203 1328 1242 iocatus
1358 1205 1478 1251 esset,
1501 1203 1604 1242 111131·
1633 1201 1683 1242 ad
1714 1203 1794 1242 ter-

216 1262 316 1300 tium
349 1273 564 1301 conversus
596 1262 723 1300 audin
751 1261 885 1311 inquit
915 1272 1014 1310 quae
1043 1264 1114 1300 iste
1152 1260 1343 1311 nuyatur’
1385 1260 1624 1299 Meinekius.
1688 1260 1732 1299 at
1761 1258 1798 1299 ei

218 1319 443 1357 sententiae
473 1331 602 1368 neque
634 1315 676 1356 τὸ
707 1317 822 1357 δεῖνα
854 1318 962 1369 quod
993 1318 1078 1357 eius
1108 1319 1171 1357 est
1200 1318 1268 1368 qui
1299 1330 1385 1356 rem
1417 1317 1494 1357 sibi
1521 1317 1727 1369 cognitam
1754 1316 1799 1357 in

217 1376 450 1415 memoriam
480 1388 667 1415 revocare
698 1388 779 1415 non
809 1377 963 1426 potest,
996 1388 1124 1425 neque
1155 1370 1176 1413 ὁ
1207 1373 1320 1414 δεῖνα
1360 1375 1569 1423 convenit,
1608 1386 1688 1426 quo
1727 1373 1799 1414 ali-

219 1433 309 1483 quis
339 1434 506 1472 vocatur
537 1433 605 1483 qui
643 1436 714 1472 aut
754 1435 964 1472 vocantem
1006 1435 1123 1472 antea
1159 1445 1241 1471 non
1279 1431 1384 1472 vidit
1421 1434 1492 1471 aut
1530 1445 1572 1472 se
1608 1434 1799 1472 vocatum

217 1490 266 1528 iri
286 1502 366 1529 non
388 1490 647 1540 exspectavit.
670 1490 808 1540 itaque
829 1503 910 1529 non
930 1490 1069 1540 liquet.
1102 1489 1401 1528 Wilamowitzii
1422 1490 1799 1540 interpretationem

219 1546 355 1585 Herm.
388 1545 508 1585 VIIII
539 1547 620 1586 328
655 1559 701 1585 ex
732 1548 847 1597 parte
877 1547 956 1586 iam
989 1559 1012 1586 a
1042 1535 1259 1586 Fritzschio
1289 1547 1492 1597 prolatam
1523 1546 1675 1586 refellit
1703 1546 1799 1586 Mei-

219 1604 374 1645 nekius.
407 1604 492 1642 sine
523 1603 647 1642 dubio
678 1603 848 1654 Eupolis
878 1616 959 1643 non
990 1605 1036 1642 ut
1064 1603 1239 1655 Bergkio
1271 1603 1483 1643 videbatur
1514 1600 1628 1657 (359.
1650 1599 1725 1657 60)
1755 1615 1798 1644 se

218 1660 303 1711 ipse
334 1661 507 1711 castigat
535 1660 617 1700 illis
648 1661 843 1710 versibus,
877 1661 947 1701 sed
969 1662 1016 1699 ut
1033 1660 1357 1711 Aristophanes
1347 1674 1388 1700 1n
1411 1660 1614 1701 Ranarum
1635 1660 1799 1701 exordio

220 1718 468 1757 aemulorum
499 1718 633 1758 nescio
666 1730 766 1768 quos
797 1718 966 1770 frigidos
996 1718 1104 1758 iocos
1134 1718 1298 1757 inridet.

970 1863 1055 1907 245

426 1944 471 1985 τί
499 1944 818 1998 κατακροᾶσθέ
845 1959 934 1999 μου
964 1940 1018 1986 τὰ
1047 1943 1449 2000 μουσοδονήματα;

332 2037 557 2078 Priscianus
590 2038 654 2085 18,
677 2039 758 2077 225
789 2038 910 2079 Attici
938 2041 1244 2091 κατακροοῖσθαι
1273 2037 1416 2078 τούτου
1447 2036 1516 2078 καὶ
1535 2043 1690 2079 τοῦτον.
1712 2036 1795 2078 Ec-

220 2096 332 2141 πολις
355 2093 648 2146 Προσπαλτίοις
670 2097 751 2135 κτλ.
775 2098 1054 2147 κατακροᾶσθε
1075 2097 1138 2136 ed.
1162 2096 1276 2147 Scap.
1295 2095 1389 2150 Ox]
1413 2105 1800 2141 ΚΑΤΔΚΡΟΑΟΘΑῙ

221 2151 305 2192 VR.
339 2161 664 2197 KATAKPOACb
668 2162 717 2195 Al
748 2153 801 2192 M.
834 2154 1167 2205 Euthyphronem
1196 2155 1307 2205 loqui
1339 2155 1560 2194 arbitratur
1598 2153 1799 2206 Bergkius

221 2210 304 2248 360
333 2210 434 2249 00111.
465 2209 566 2248 Plat.
600 2210 750 2261 Cratyl.
783 2211 895 2250 3960
932 2208 1107 2262 ἀτεχνῶς
1144 2209 1188 2264 γε’
1216 2224 1283 2263 μοι
1312 2209 1446 2259 δοκεῖς
1485 2208 1618 2264 ὥσπερ
1657 2210 1700 2250 οἱ
1735 2207 1798 2250 ἕν·

220 2265 464 2311 θουσιῶντες
494 2266 756 2321 χρησμῳδεῖν.
790 2277 935 2312 ΣΩΚΡ.
965 2266 1034 2307 καὶ
1071 2267 1262 2320 αἰτιῶμαί
1287 2282 1330 2321 γε
1364 2300 1372 2308 .
1396 2266 1640 2320 ..μάλιστα
1669 2261 1799 2319 αὐτὴν

219 2318 299 2375 ἆπό
329 2319 605 2380 Εὐθύφρονος
636 2327 708 2362 τοῦ
739 2324 1022 2376 Προσπαλτίου
1060 2323 1414 2396 προσπεπτωκέναι
1450 2339 1517 2377 μοι
1547 2355 1556 2364 .
1580 2355 1589 2365 .
1615 2357 1623 2366 .
1655 2323 1797 2365 κινδυ-

222 2376 329 2418 νεύει
365 2380 441 2419 οὐν
478 2378 707 2421 ἐνθουσιῶν
743 2377 791 2421 οὐ
822 2381 949 2432 μόνον
977 2397 1025 2421 τα
1061 2397 1143 2422 ωτα
1169 2396 1247 2435 μου
1276 2380 1474 2434 ἐμπλῆσαι
1495 2387 1565 2435 τῆς
1586 2381 1795 2435 δαιμονίας

221 2435 387 2486 σοφίας
426 2433 524 2476 αλλὰ
561 2436 628 2477 καὶ
667 2442 737 2490 τῆς
782 2444 918 2491 ψυχῆς
963 2437 1219 2492 ἐπειλῆφθαι.
1263 2441 1313 2480 of.
1345 2442 1473 2480 399a.
1505 2439 1794 2480 4081140911

220 2492 450 2533 κινδυνεύει
487 2491 512 2546 ἡ
551 2500 624 2535 τοῦ
654 2492 928 2563 Εὐθύφρονός
966 2511 1014 2549 με
1050 2498 1180 2549 μοῦσα
1218 2494 1517 2536 ἐπιλελοιπέναι.
1576 2499 1797 2548 potuerunt

221 2552 355 2590 tamen
385 2552 454 2590 illa
484 2554 603 2592 etiam
636 2567 659 2592 a
689 2554 831 2604 quovis
862 2555 1076 2606 Agathone
1108 2555 1198 2594 dici.

962 2700 1046 2742 246

427 2776 573 2825 πάντα
603 2777 690 2834 γὰρ
721 2778 873 2834 τυχών
903 2775 1018 2821 ἄπει.

335 2858 562 2899 Priscianus
596 2862 660 2910 18,
696 2863 778 2902 190
806 2864 968 2912 impetro
997 2863 1108 2903 illam
1136 2874 1219 2902 rem
1248 2863 1433 2912 dicimus,
1465 2864 1566 2903 sicut
1595 2866 1630 2903 et
1658 2862 1792 2904 Attici.
