1872 3224
606 171 752 207 ΦΙΛΟΙ
792 173 1032 210 ΧΡΤΣΟΤΝ
1056 177 1220 212 muoz
1607 182 1690 224 333

871 276 955 321 275

324 327 776 386 ἀνακογχυλίσασθαι

232 409 322 467 οὐχὶ
350 409 767 468 ἆναγαργαρίσασθαι.
798 415 977 466 Εὔπολις
1009 417 1053 458 ἐν
1082 419 1234 469 Φίλοις.
1266 423 1515 464 Herodianus
1546 423 1689 463 Philet.

86 489 87 492 ¹
116 473 201 513 453
231 471 361 512 Piers.
393 473 629 523 Harpocrat.
653 475 739 514 cod.
762 475 884 517 Marc.
907 477 989 515 444
1012 491 1052 528 p.
1076 479 1126 518 35
1150 479 1275 519 Bekk.
1297 475 1692 533 ἆνακογχυλίσασθαι

117 526 182 569 ἐπὶ
219 529 290 570 τοῦ
327 527 372 569 ἐν
410 534 464 585 τῷ
502 529 577 585 βίῳ
617 530 791 583 (vulgari
830 534 1132 586 consuetudine)
1173 534 1382 588 λεγομένου
1422 534 1687 591 ἅναγαργαρί-

29 603 45 635 j
117 589 287 628 σασθαι.
319 584 501 635 Εὔπολις
534 586 578 627 ἐν
606 588 757 636 Φίλοις.
789 591 960 631 fortasse
991 592 1068 631 huc
1098 595 1301 642 pertinent
1330 609 1428 646 quae
1457 595 1690 636 Gaisfordus

28 679 33 682 .
115 646 160 686 in
189 645 329 698 Etym.
361 659 415 685 m.
446 660 485 697 p.
520 647 602 686 266
635 644 750 698 (suae
780 646 861 698 ed.)
903 663 950 688 ex
986 650 1070 688 cod.
1113 650 1172 688 Va
1208 653 1481 703 transscripsit
1517 649 1690 705 ἀνακογ-

33 707 39 710 ’
116 701 276 755 χυλίσαι
305 700 419 756 ὕδωρ
451 701 520 742 καὶ
540 701 674 756 ὕδατι,
697 699 801 744 οἷον·
834 702 966 752 ’ὕδωρ
997 705 1083 757 μοί
1110 721 1181 755 τις
1212 706 1335 747 δότω
1371 710 1378 762 l
1412 703 1689 762 ἀνακογχυ-

29 783 34 799 -,
116 759 256 801 λίσαι
287 757 768 818 (ἆνακογχῠλίσασθαιῖ).
817 761 882 802 καὶ
912 761 1051 803 πάλιν·
1093 760 1117 802 ἆ
1128 779 1186 803 να
1197 779 1220 803 κ
1231 779 1314 818 ογχ
1326 765 1383 805 ύλ
1396 781 1409 804 ι
1420 777 1471 805 σο
1483 782 1505 806 v
1534 764 1627 807 ῧδα
1638 781 1691 805 τι.

117 831 288 871 quorum
319 820 519 870 posterius
550 834 598 859 ex
628 820 810 861 Platonis
843 821 1054 872 Symposio
1088 822 1202 861 185d
1242 823 1492 875 desumptum
1522 825 1692 877 videtur,

116 877 189 917 ubi
219 877 419 917 editiones
450 874 568 916 ὕδατι
600 873 960 931 ἆνακογχυλίασον.

231 935 302 974 Ad
341 935 504 975 Amicos
541 936 767 977 Meinekius
803 937 966 976 rettulit
1003 938 1052 976 fr.
1092 938 1196 990 407,
1235 938 1566 979 Wilamowitzius
1597 938 1693 979 obs.

117 992 209 1033 crit.
240 993 311 1033 49.
343 994 398 1034 50
428 993 478 1032 fr.
511 994 608 1033 321.
641 995 738 1034 328.
771 995 867 1045 344,
898 994 968 1034 ubi
999 996 1048 1035 cf.
1079 1008 1181 1046 quae
1212 996 1502 1037 adnotavimus.

695 1131 935 1165 ΧΡΤΣΟΤΝ
960 1131 1126 1166 ΓΕΝΟΣ

233 1214 532 1266 Argumentum
563 1214 722 1254 fabulae
760 1227 864 1253 unus
902 1214 1079 1253 omnium
1115 1216 1223 1253 recte
1252 1215 1504 1264 perspexisse
1537 1215 1694 1254 videtur

117 1271 374 1320 wolckerus,
415 1285 535 1322 quem
565 1272 897 1311 Wilamowitzius
930 1271 1025 1311 Obs.
1058 1272 1145 1311 crit.
1178 1272 1231 1310 54
1262 1271 1353 1310 adn.
1386 1273 1440 1310 44
1478 1274 1615 1311 narrat
1645 1271 1693 1310 ad

118 1329 310 1369 Runkelii
349 1330 410 1369 ed.
442 1343 479 1380 p.
514 1331 596 1369 160
636 1343 707 1369 sua
747 1342 870 1368 manu
906 1330 1118 1385 adnotasse
1157 1329 1229 1368 ‘de
1260 1331 1369 1369 statu
1398 1330 1571 1380 pessimo
1604 1342 1691 1368 cum

117 1387 304 1427 irrisione
338 1390 543 1438 tamquam
577 1388 743 1437 aureo'„
762 1400 901 1426 aureae
932 1389 1038 1429 certe
1078 1387 1222 1426 aetatis
1261 1387 1490 1427 felicitatem
1522 1399 1544 1425 a
1574 1388 1693 1436 poeta

115 1457 200 1484 non
229 1445 355 1485 fuisse
387 1445 629 1495 descriptam
661 1447 768 1484 recte
791 1444 1122 1484 Wilamowitzius
1153 1457 1200 1483 ex
1231 1457 1276 1483 eo
1307 1445 1483 1495 conlegit
1514 1443 1622 1494 quod
1643 1443 1692 1481 ab

117 1503 326 1542 Athenaeo
357 1515 441 1542 non
471 1504 807 1542 commemoratur
838 1503 875 1551 6,
910 1503 989 1541 267
1001 1502 1218 1541 e—270a.
1252 1504 1339 1540 acta
1368 1503 1430 1541 est
1459 1503 1551 1540 ante
1582 1499 1691 1539 Cleo·
1730 1543 1748 1559 .

115 1560 180 1600 nis
210 1562 395 1609 mortem,
427 1562 522 1611 post
553 1560 827 1610 Sphacteriam
859 1562 1125 1611 expugnatam
1150 1558 1293 1611 (Mein.
1315 1559 1335 1597 I
1366 1559 1443 1597 145
1455 1571 1513 1608 sq.
1546 1557 1692 1607 Bergk.

117 1618 165 1657 R.
198 1631 231 1658 c.
265 1618 353 1658 Att.
393 1619 488 1660 361.
535 1618 727 1658 Fritzsch.
767 1616 813 1664 Q.·
847 1617 972 1656 Arist.
1009 1618 1088 1656 145
1129 1616 1219 1655 adn.
1255 1614 1319 1667 1),
1365 1629 1446 1655 non
1482 1617 1528 1654 ut
1564 1615 1694 1654 voluit

117 1675 335 1716 Muellerus
365 1675 675 1726 strubingensis
706 1689 744 1726 p.
779 1675 860 1714 164
900 1675 1106 1726 Dionysiis
1138 1672 1199 1713 Ol.
1233 1674 1299 1722 88,
1332 1674 1376 1722 3,
1416 1673 1485 1712 sed
1524 1672 1692 1711 fortasse

122 1733 332 1785 Dionysiis
364 1732 428 1773 Ol.
462 1735 530 1786 89,
563 1734 602 1772 2.
634 1733 860 1772 Wilamow.
896 1732 991 1774 Obs.
1023 1732 1112 1771 crit.
1145 1731 1266 1781 52sq.

873 1844 956 1886 276

294 1926 546 1976 δωδέκατος
579 1924 602 1969 6
635 1923 826 1981 τυφλός,
858 1925 1006 1978 τρίτος
1036 1921 1059 1965 6
1090 1920 1172 1978 τὴν
1203 1921 1348 1977 κοίλην
1379 1923 1508 1976 ἔχων,

293 1993 317 2040 6
351 1996 613 2052 στιγματίας
642 1994 852 2049 τέταρτός
883 1990 1008 2035 ἐστιν
1040 1992 1114 2034 ἐπὶ
1144 1989 1268 2045 δέκα,

293 2065 493 2121 πέμπτος
524 2061 565 2105 δ’
598 2060 622 2106 6
653 2062 850 2119 πυρρός,
882 2060 1010 2110 ἕκτος
1040 2057 1064 2103 6
1095 2059 1467 2115 διεστραμμένος·

292 2127 449 2190 χοῦτοι
479 2131 564 2188 μέν
595 2129 680 2175 εἰσ’
713 2127 936 2174 ἑκκαίδεκ’
971 2130 1032 2180 εἰς
1057 2126 1391 2184 Ἀρχέστρατον.

244 2212 264 2244 5
297 2201 342 2254 ἐς
372 2202 453 2245 τὸν
484 2201 534 2244 δὲ
565 2198 807 2257 φαλακρὸν
838 2196 1138 2242 ἑπτακαίδεκ’.
1198 2199 1246 2240 Β.
1281 2200 1378 2252 ἴσχε
1409 2195 1475 2251 δή.

296 2276 350 2319 Α.
383 2269 545 2327 ὄγδοος
575 2267 599 2312 6
628 2267 679 2312 τὸ
709 2267 954 2325 τριβώνιον
984 2269 1113 2323 ἔχων.

235 2356 485 2408 Porphyrius
517 2354 649 2395 Schol.
682 2353 783 2392 Ven.
816 2352 935 2392 Hom.
966 2351 1015 2390 Il.
1053 2352 1117 2403 10,
1149 2351 1230 2389 252
1262 2346 1438 2394 Εὔπολίς
1470 2361 1509 2386 τε
1541 2346 1693 2400 Χρυσῷ

120 2411 247 2467 γένει·
280 2411 504 2460 δωδέκατος
543 2413 625 2451 κτλ.
720 2413 756 2450 1.
789 2406 1011 2455 δωδέκατος
1051 2404 1288 2459 Runkelius]
1332 2402 1505 2451 δέκατος.
1567 2400 1694 2452 κάλην

120 2474 249 2512 multo
288 2475 382 2511 ante
420 2470 616 2511 Cobetum
646 2469 696 2507 V.
728 2464 776 2508 l.²
806 2469 886 2508 399
920 2466 966 2508 Ο.
1006 2465 1268 2504 Schneiderus
1307 2463 1412 2512 apud
1451 2461 1622 2500 Meinek.
1655 2459 1692 2497 V

122 2544 163 2581 p.
195 2527 419 2582 LXXXIV]
458 2525 600 2579 καλὴν.
690 2528 727 2566 3.
759 2521 908 2576 πυρρός
947 2521 1136 2572 Runkel.]
1169 2519 1331 2573 πύργος.
1382 2516 1507 2569 πηρός
1547 2518 1687 2557 Cobet.

123 2588 164 2627 4.
197 2581 332 2640 χοῦτοι
361 2583 438 2638 μέν
467 2581 540 2625 εἰσ’
567 2607 620 2612 -
642 2583 697 2631 εἰς
728 2579 922 2633 Runkel.]
954 2578 1019 2618 καὶ
1051 2569 1156 2617 οὗτοι
1178 2575 1252 2629 μὲν
1281 2575 1336 2623 εἰς
1361 2599 1414 2604 -
1437 2572 1490 2622 ἐς.
1580 2575 1618 2614 5.
1651 2571 1690 2638 ἐς

122 2642 196 2685 τὸν
233 2641 279 2684 δὲ
318 2641 511 2696 Runkel.]
545 2640 585 2689 ἐς
624 2638 668 2680 δὲ
700 2634 779 2680 τὸν.
829 2650 1087 2690 personarum
1123 2635 1371 2674 notationem
1410 2633 1556 2671 adiecit
1595 2631 1688 2695 Mei-

122 2703 281 2743 nekius.
312 2715 484 2754 quorum
513 2700 720 2739 hominum
757 2698 878 2738 index
916 2695 1163 2746 proponatur
1192 2692 1432 2742 ignoramus.
1493 2689 1540 2727 de
1571 2701 1688 2727 comi·

125 2761 181 2801 cis
212 2760 345 2811 poetis
375 2761 481 2799 certe
510 2771 594 2798 non
622 2757 784 2797 videtur
814 2753 1070 2806 cogitandum
1102 2762 1197 2789 esse.
1229 2760 1355 2798 neque
1378 2747 1426 2785 de
1445 2746 1692 2811 Archestrato

124 2820 300 2864 constat,
332 2818 403 2869 qui
443 2815 670 2866 complures
699 2812 870 2853 Athenis
901 2811 1070 2850 fuerunt.
1115 2807 1170 2845 eis
1209 2818 1308 2856 quos
1346 2804 1568 2843 Meinekius
1592 2814 1690 2867 'enu-

126 2876 298 2916 meravit
327 2875 369 2915 in
390 2875 450 2914 ed.
473 2874 580 2921 mai„
604 2871 697 2911 addi
716 2870 890 2921 possunt
908 2868 942 2907 is
962 2865 1256 2911 Archestratus,
1277 2862 1347 2912 qui
1366 2863 1526 2912 praetor
1546 2860 1622 2898 fuit
1643 2858 1691 2897 ad
