1872 3224
218 211 273 254 30
435 175 437 177 ’
559 203 561 205 ·
855 194 1106 229 KPATINOT

217 316 306 362 ζειν.
338 313 452 351 Phot.
482 303 810 355 πόλεις-παίζειν·
842 298 910 347 τὰς
949 303 1028 337 νῦν
1055 293 1177 348 χαρὰς
1211 295 1302 346 (sor.
1333 292 1481 346 χώρας)
1515 289 1782 354 καλουμένας,

220 370 262 410 ἐν
291 372 373 415 ταῖς
410 365 446 414 ζ’
477 363 578 417 (cod.
610 362 647 412 ξ)
679 358 844 411 ψήφοις.
879 379 927 385 -
960 355 1125 405 βασιλεῦ
1144 353 1279 392 Bentl.
1301 352 1429 402 Epist.
1461 351 1511 390 ad
1532 349 1764 390 Hemsterh.

220 425 290 479 84]
321 420 518 477 βασιλέως.
550 414 801 471 ἐριβώλακος]
835 412 1081 466 ἵεροκόλακος
1112 412 1160 451 Α.
1365 467 1373 474 ⁸

328 480 455 526 πόλεις
485 478 548 518 vel
578 477 696 526 χῶραι
724 476 817 512 sunt
844 471 994 521 figurae
1031 467 1325 519 quadrangulae
1363 465 1572 531 1n·tabula
1606 476 1695 533 qua!
1714 462 1764 504 ad

217 538 525 580 latrunculorum
553 533 691 571 ludum
720 529 935 568 utebantur
964 526 1137 566 diversis«
1160 522 1360 564 coloribus
1382 523 1607 588 distinctae,
1641 533 1766 589 κυνες

217 594 427 636 latrunculi
454 592 540 642 ipsi.
560 591 725 628 formam
755 586 925 625 doricam
947 580 1197 620 Πανδιονίδα
1226 582 1268 620 in
1290 582 1516 630 anapaestis
1536 577 1766 645 sine-dublo

217 666 296 693 mm
324 653 487 691 cantatis
516 647 611 686 ferri
639 657 753 696 posse
781 655 895 692 nego.
935 639 1127 690 adpellari
1157 639 1318 679 videtur
1345 637 1538 702 Pericles,
1575 648 1646 702 qui
1675 647 1767 676 cum

217 709 415 750 Pandione
442 718 521 744 non
542 704 731 754 cognatus
761 713 840 739 non
861 697 1147 747 Pandionides,
1178 695 1247 735 sed
1275 695 1521 762 Pandioniae
1557 693 1669 734 urbis
1696 702 1768 735 rex

216 769 305 817 apte
335 764 548 803 dicebatur.
605 761 739 808 itaque
769 755 1021 796 scribendum
1067 751 1366 805 Πανδιονίδος
1407 752 1556 798 πολεως
1585 749 1768 802 βασιλεῦ.

217 825 416 873 praeterea
451 820 540 869 post
575 813 734 867 λέγομεν
770 811 1045 870 interrogandi
1081 811 1241 861 signum
1278 809 1508 860 ponendum
1546 809 1622 848 est.
1673 815 1768 873 nam

217 882 288 919 hoc
316 878 410 917 dicit
430 877 587 916 chorus:
618 886 705 911 cum
726 870 967 910 Pandioniae
997 871 1036 907 te
1058 867 1167 906 urbis
1188 879 1324 918 regem
1345 866 1578 914 salutamus,
1606 866 1768 917 nostine

216 937 353 975 urbem
384 946 501 984 quam
531 928 720 969 dicimus?
749 941 835 966 eam
868 939 966 977 quae
1003 926 1045 964 in
1082 925 1398 969 latrunculorum
1435 923 1531 962 ludo
1570 921 1798 974 significa-¹

217 996 295 1041 tur,
326 992 408 1030 sive
437 985 538 1027 κύνα
567 988 647 1026 sive
677 983 792 1023 πόλιν
821 984 982 1031 dixeris,
1022 983 1064 1020 in
1094 995 1170 1032 qua
1199 984 1269 1020 tua
1299 974 1415 1031 culpa
1445 979 1578 1020 omnia
1617 979 1770 1019 ineerta.

218 1052 258 1088 et
285 1046 548 1088 inconstantia
577 1045 669 1083 sunt
694 1044 739 1080 ut
768 1041 908 1081 calculi
938 1040 1025 1090 ipsi.
1056 1039 1190 1089 itaque
1212 1051 1306 1078 cave
1336 1051 1386 1077 ne
1416 1040 1487 1077 tua
1507 1049 1670 1088 quoque
1697 1048 1768 1088 po-

216 1106 340 1144 tentia
391 1104 439 1142 ab
489 1100 717 1140 adversariis
767 1099 979 1138 evertatur.
1024 1093 1260 1152 -ἕριβώλακα
1301 1108 1379 1135 ,cur
1433 1096 1540 1135 dicat
1583 1093 1767 1134 Atticm

216 1156 443 1210 neutiquam
471 1159 639 1197 fertilem
670 1155 808 1207 (Thuc.
842 1157 877 1203 1,
911 1150 954 1207 2)
983 1154 1130 1193 nescio.

894 1265 962 1307 57.
1020 1249 1076 1307 ‘58

328 1347 571 1404 Λάμπωνα,
602 1345 680 1389 τὸν
710 1343 764 1388 οὐ
792 1344 986 1400 βροτῶν

327 1415 473 1472 ψῆφος
502 1417 689 1458 δύναται
720 1410 924 1470 φλεγυρὰ
955 1414 1143 1456 δείπνου
1175 1414 1324 1467 φίλων
1354 1410 1600 1467 ἀπείργειν.

782 1484 802 1506 ³1⁶
1165 1483 1186 1505 *

974 1515 994 1537 ³3

326 1555 412 1595 νῦν
442 1551 482 1594 δ’
516 1545 649 1602 αὖθις
680 1549 936 1607 ἐρυγγάνει·

325 1620 481 1677 βρύκει
510 1618 593 1675 γὰρ
624 1618 746 1661 ἅπαν
774 1615 824 1661 τὸ
854 1617 1017 1673 παρόν,
1048 1620 1207 1675 τρίγλῃ
1240 1618 1289 1661 δὲ
1321 1616 1408 1661 κᾶν
1439 1618 1638 1675 μάχοιτο.

326 1704 547 1742 Athenaeus
592 1703 636 1751 8,
677 1704 789 1741 344e
834 1703 1031 1753 Κρατῖνος
1069 1698 1106 1739 δ’
1148 1699 1193 1740 ἐν
1235 1699 1477 1753 Δραπέτισιν
1515 1698 1642 1742 εἰπών
1679 1698 1770 1755 περὶ

217 1754 336 1798 αὑτοῦ
366 1756 572 1810 Λάμπωνα
602 1780 656 1788 —-
684 1755 901 1811 ἀπείργειν,
933 1756 1084 1810 ἐπάγει·
1119 1759 1194 1797 νῦν
1224 1755 1264 1796 δ’
1297 1753 1423 1806 αὖθις
1453 1761 1535 1799 κτλ.
1565 1761 1606 1799 3.
1637 1751 1768 1807 αὖθις

219 1814 413 1869 Dindorfi]
445 1810 569 1863 αὖτις.
601 1819 773 1855 metrum
803 1822 866 1856 est

632 1894 671 1926 Ξ,
697 1895 721 1916 ,Δ
743 1899 768 1916 υ
791 1898 816 1916 υ
839 1912 863 1916 -
886 1899 911 1916 υ
935 1912 958 1917 .-

632 1940 1382 1975 -,-ὐυ-υυ-,ῦ-Ιυ-.υ..ῦ,

219 1992 376 2030 alterius
396 2005 531 2032 versus
561 1993 662 2031 idem
685 1993 791 2043 quod
821 1994 862 2031 in
883 1992 1106 2042 Vesparum
1137 1993 1260 2032 exodo
1292 1995 1332 2032 et
1354 1992 1505 2033 Cratin.
1527 1994 1625 2035 323.
1674 2006 1767 2034 cum

220 2048 442 2087 Athenaeus
476 2049 638 2088 eandem
675 2051 827 2099 partem
863 2052 904 2088 et
941 2050 1128 2099 strophae
1159 2052 1200 2088 et
1229 2050 1502 2101 antistrophae
1534 2051 1766 2100 servaverit,

218 2104 368 2154 integro
398 2107 565 2144 carmine
595 2106 749 2145 chorico
788 2106 1035 2156 Lamponem
1066 2120 1089 2144 a
1128 2106 1290 2146 Cratino
1321 2107 1552 2146 traductum
1583 2121 1668 2148 esse
1698 2108 1768 2148 ad·

220 2163 338 2209 paret.
367 2161 534 2211 Hesych.
566 2161 761 2214 φλεγυρά·
795 2159 1017 2214 ὑβριστική.
1050 2164 1199 2214 ‘itaque
1229 2177 1278 2203 ne
1316 2164 1502 2204 ludibriis
1532 2165 1695 2215 quidem
1725 2167 1768 2205 et

220 2218 459 2257 contumeliis
497 2219 737 2269 Lamponem
773 2233 796 2258 a
834 2221 1026 2259 conviviis
1064 2221 1263 2270 prohiberi
1302 2221 1427 2261 dicit?
1478 2222 1649 2262 Meinek.
1692 2234 1768 2274 ego
1834 2231 1837 2233 '

220 2285 343 2322 neque
371 2275 462 2323 quid
491 2275 625 2326 ψῆφος
654 2275 827 2329 φλεγυρά
859 2275 946 2327 (pro
977 2281 1100 2328 φῆμις
1122 2275 1319 2332 φλεγυρά)
1349 2291 1479 2329 neque
1510 2279 1608 2330 qnid
1628 2277 1768 2334 τρίγλῃ

221 2327 262 2366 δὲ
291 2325 365 2367 κᾶν
393 2327 547 2381 μάχοιτο
577 2334 798 2384 significent
827 2334 1027 2385 intellego.
1070 2347 1162 2373 nam
1193 2336 1289 2375 haec
1319 2336 1482 2386 quidem
1510 2333 1768 2388 nequaquam

220 2385 475 2425 inlustrantur
509 2401 634 2439 neque
674 2391 722 2429 fr.
757 2392 835 2429 163
872 2388 961 2442 περὶ
998 2389 1182 2443 σιαγόνος
1220 2390 1357 2442 βοείας
1394 2390 1616 2444 μαχόμενος
1655 2390 1769 2448 (nam
1844 2399 1850 2408 ’

220 2454 376 2490 prorsus
407 2443 557 2484 diversa
585 2449 677 2485 sunt
705 2443 904 2497 μάχεσθαί
937 2461 1016 2486 τινι
1053 2452 1093 2487 et
1121 2447 1323 2500 μάχεσθαι
1360 2449 1455 2502 περί
1479 2453 1606 2500 τινος)
1634 2462 1767 2502 neque

222 2510 266 2535 eo
296 2500 466 2549 exemplo
498 2503 600 2551 quod
630 2504 847 2543 Meinekius
876 2504 913 2541 V
946 2507 997 2544 16
1028 2506 1159 2545 adfert
1187 2506 1295 2546 Plut.
1327 2508 1430 2546 Mor.
1463 2508 1585 2547 995d
1627 2504 1766 2560 Διογέ-

224 2568 292 2603 νης
322 2584 330 2593 .
355 2585 362 2593 .
386 2585 394 2594 .
424 2552 514 2611 ὠμῷ
542 2558 733 2598 πολύποδι
762 2557 1059 2611 διαμαχόμενος.
1101 2576 1195 2602 nam
1226 2564 1392 2603 crudum
1422 2565 1618 2616 polypum
1647 2564 1766 2605 edere

221 2611 479 2659 periculosum
508 2617 579 2666 est,
608 2618 772 2655 mullum
802 2631 881 2657 non
907 2619 1014 2658 item.

960 2729 1016 2772 59

335 2802 458 2843 Schol.
480 2806 652 2848 Platonis
681 2810 803 2849 Bekk.
826 2812 906 2850 382
939 2808 959 2850 ὁ
984 2814 1144 2862 μῦθος
1174 2790 1429 2855 ἀποίητος
1445 2814 1571 2871 τούτῳ
1591 2821 1766 2870 χρῶνται

223 2863 274 2911 τῷ
303 2857 401 2913 λόγῳ
430 2861 470 2899 οῖ
493 2860 663 2914 λέγοντές
683 2880 718 2904 τι
737 2864 834 2919 πρὸς
865 2866 958 2916 τοὺς
977 2866 1030 2920 μὴ
1061 2868 1336 2923 προσέχοντας.
1357 2871 1554 2925 μέμνηται
1573 2871 1619 2913 δὲ
1639 2870 1765 2929 αὐτῆς
