1872 3224
809 242 968 276 ΔΗΜοῙ
1584 249 1659 292 291

94 359 201 403 >f
256 373 266 383 .
305 341 417 382 Suid.
459 341 684 402 Θεαγένους
729 344 927 398 χρήματα·
975 342 1089 397 οὗτος
1127 347 1171 389 δὲ
1215 349 1339 403 πένης
1385 349 1445 392 ὢν
1480 353 1665 407 μεγαλέμ-

28 454 31 458 ⁴
84 417 134 459 sy
157 426 158 429 =
186 408 190 410 “
242 396 430 460 ἐβούλετο
460 402 579 452 εἰναι,
610 399 780 451 ἀλαζών,
811 402 1137 454 ψευδόπλουτος·
1170 406 1344 448 ἐκαλεῖτο
1374 408 1418 450 δὲ
1449 433 1503 440 —-
1535 410 1664 453 ἐτέλει.

85 458 346 509 ι
375 472 448 510 pro
485 459 676 500 Aeschine
712 464 911 502 nominari
949 467 1066 516 atque
1105 479 1195 504 eum
1236 468 1363 507 solum
1402 468 1572 508 Καπνόν
1601 471 1667 510 ad-

61 515 290 575 “silatum
337 530 426 557 esse
472 517 676 558 Nauckius
715 522 920 561 contendit
958 522 1103 563 Philol.
1143 523 1225 563 IIII
1257 527 1350 565 546.
1390 526 1449 565 VI
1478 528 1574 569 413.
1626 532 1668 567 at

85 571 250 623 ἧὲἁπνός
265 575 399 626 quivis
419 570 577 622 ἀλαζών
596 579 705 616 recte
729 578 949 618 dicebatur.
980 581 1170 632 περαΐτης
1193 583 1403 623 manifesto
1425 588 1664 635 corruptum.

43 630 268 686 {suein-ak.
288 632 351 671 III
373 633 455 672 358
489 630 652 684 ἐπαίτης
684 636 748 674 vel
779 635 1008 686 προσαίτης.
1040 651 1140 688 quae
1172 640 1369 689 quomodo
1400 641 1564 692 reliquis
1586 644 1667 693 epi-

51 687 213 731 ‚dietis
242 691 535 753 accommodari
571 693 731 742 possint
760 706 841 732 non
871 695 1000 734 video.
1052 696 1219 736 fortasse
1255 695 1448 749 Θεογένης
1478 698 1666 751 μεγαλέμ-

33 750 228 802 ζβωρος,
255 747 262 800 Ι
286 761 526 800 κρακτης,
566 745 738 800 ἀλαζών,
779 747 1078 799 ψευδόπλουτος
1117 751 1183 792 καὶ
1213 753 1379 802 καπνός.
1429 769 1664 807 quamquam

40 804 167 860 {²300
197 809 422 846 extremum
455 819 680 858 cognomen
710 808 831 847 etiam
863 810 1017 848 ex'alia
1045 813 1160 861 parte
1190 812 1346 851 fabulae
1376 817 1509 863 potest
1539 827 1665 853 excer-

49 864 210 915 >ptum
241 876 342 904 esse.
375 864 427 903 cf.
460 877 561 915 quae
592 865 873 906 adnotavimus
904 867 952 906 ad
983 867 1189 919 Aristoph.
1223 870 1298 909 Av.
1331 870 1425 908 822.

852 968 930 1010 123

208 1047 340 1088 Schol.
372 1049 582 1100 Aristoph.
617 1049 788 1089 Acharn.
813 1052 864 1090 61
897 1049 1078 1099 Εὔπολις
1109 1049 1154 1091 δὲ
1185 1050 1229 1091 ἐν
1252 1049 1401 1104 Δήμοις
1432 1050 1579 1106 εἰσάγει
1599 1052 1669 1093 τὸν

82 1104 463 1156 «Πεισίστρατον
492 1104 715 1158 βασιλέα.
748 1108 928 1158 disputat
960 1110 1008 1148 de
1039 1110 1268 1149 discrimine
1289 1112 1395 1161 quod
1429 1112 1589 1151 intersit
1609 1113 1665 1151 in-

35 1171 39 1173 ’
88 1166 153 1204 ter
181 1161 346 1216 βασιλέα
377 1166 419 1203 et
440 1162 655 1216 τύραννον.
702 1165 891 1205 Ammon.
918 1167 999 1206 138
1021 1164 1087 1206 καὶ
1108 1165 1311 1218 τύραννον
1331 1165 1495 1219 βασιλέα
1516 1166 1668 1221 ἔλεγον,

18 1214 22 1235 ³
89 1217 145 1269 ὥς
185 1218 367 1269 Εὔπολις
406 1219 452 1260 ἕν
490 1220 643 1273 Δήμοις
681 1219 746 1261 ἐπὶ
786 1221 1089 1276 Πεισιστράτου.
1143 1225 1255 1264 Suid,
1300 1223 1487 1276 βασιλεὺς
1525 1223 1666 1278 μέγας·

15 1275 26 1305 ἶ
87 1275 158 1318 καὶ
187 1276 368 1326 Εὔπολις
391 1278 660 1330 Πεισίσρατον
689 1277 855 1332 βασιλέα
884 1283 1007 1323 καλεῖ.

846 1381 928 1424 124

206 1463 338 1505 Schol.
378 1464 587 1516 Aristoph.
627 1464 820 1504 Av.1877
860 1461 915 1511 ὥς
955 1464 1168 1517 γυναικίας
1206 1464 1273 1505 καὶ
1310 1465 1489 1514 κίναιδος
1526 1481 1685 1522 κωμῳ-,

89 1518 216 1561 δεῖται
236 1518 587 1576 (Κλεόκριτος)
612 1552 621 1561 .
647 1552 656 1559 .
682 1554 690 1563 .
715 1552 723 1560 .
747 1519 815 1560 καὶ
846 1520 944 1569 ἴσως
967 1519 1094 1575 ἕτερος
1125 1521 1180 1562 οἲν
1201 1521 1264 1574 εἴη
1295 1528 1364 1562 τοῦ
1394 1521 1490 1576 παρ’
1524 1521 1664 1563 Εὐπό-

88 1578 169 1619 λιδι
200 1577 244 1618 ἐν
270 1577 424 1631 Δήμοις
456 1578 522 1618 καὶ
552 1575 716 1626 Κόλαξι.
750 1579 874 1618 verba
903 1579 1114 1631 γυναικίας
1145 1579 1212 1619 καὶ
1242 1582 1390 1622 desunt
1419 1583 1461 1621 in
1492 1582 1536 1622 R.
1582 1578 1664 1621 Εὐ-

87 1631 225 1675 πόλιδι
244 1634 402 1690 Dindf.]
425 1634 667 1683 Εὐπόλιδος.
709 1634 881 1689 Δήμοις]
907 1636 1032 1692 Δήμῳ
1057 1638 1103 1676 V.
1128 1639 1176 1678 cf.
1199 1638 1406 1689 Aristoph.
1428 1639 1529 1679 Ran.
1560 1640 1662 1678 1437

89 1707 181 1734 cum
201 1695 371 1746 interpr.
403 1695 547 1746 ‘neque
576 1694 679 1733 alius
701 1707 787 1733 esse
808 1695 969 1734 videtur
989 1696 1022 1734 is
1053 1709 1170 1746 quem
1200 1696 1422 1746 Xenophon
1444 1696 1550 1735 Hell.
1569 1697 1605 1745 2,
1626 1699 1664 1746 4,

89 1752 145 1792 20
173 1755 402 1803 mystarum
431 1765 671 1803 praeconem
702 1751 826 1791 fuisse
857 1753 993 1801 tradit,
1025 1754 1094 1803 qui
1132 1766 1227 1791 num
1259 1754 1364 1792 idem
1394 1754 1515 1792 fuerit
1544 1767 1661 1803 quem

89 1808 154 1850 Ol.
187 1810 257 1860 91,
289 1811 314 1847 4
345 1810 578 1849 archontem
610 1809 735 1848 fuisse
768 1811 940 1859 constat,
972 1810 1166 1849 incertum
1198 1811 1287 1850 est.’
1321 1811 1490 1849 Meinek.

846 1922 927 1964 125

204 2004 337 2043 Schol.
369 2005 577 2056 Aristoph
611 2005 716 2045 Nub.
754 2005 863 2043 1022
903 2001 1082 2054 τέταρτος
1124 1999 1451 2054 (Ἀντίμαχος)
1484 1999 1506 2042 ὁ
1547 2018 1661 2056 τρα-

88 2061 309 2112 πεζίτης,
340 2055 391 2099 οὗ
420 2058 614 2112 μέμνηται
645 2059 824 2107 Εὔπολις
842 2058 901 2103 ,ἐν
931 2057 1102 2111 Δήμοις.
1136 2061 1281 2100 desunt
1309 2061 1405 2100 haec
1434 2062 1475 2100 in
1506 2061 1590 2100 RV.

842 2171 921 2214 126

204 2255 339 2295 Schol.
371 2255 577 2312 Aristoph.
610 2256 699 2298 Pac.
725 2257 806 2295 347
840 2252 1013 2306 πέμπτος
1043 2252 1318 2310 (Φορμίων)
1349 2251 1509 2307 ἀρχαῖος
1537 2252 1660 2305 Ἀθη-

89 2315 215 2364 ναῐος,
259 2309 356 2364 μετὰ
387 2309 556 2352 Σόλωνα
586 2310 720 2366 ἄρξας.
772 2311 952 2359 Εὔπολις
992 2310 1036 2351 ἐν
1074 2310 1241 2363 Δήμοις.
1293 2325 1419 2363 neque
1460 2313 1507 2352 de
1545 2312 1662 2352 Anti-

87 2371 224 2411 macho
254 2371 302 2410 fr.
329 2371 408 2409 125
440 2383 568 2421 neque
597 2371 646 2410 de
675 2371 748 2411 hoc
776 2371 1014 2410 Phormione
1040 2371 1253 2420 quicquam
1282 2372 1423 2408 notum
1452 2373 1524 2409 est.

845 2481 923 2524 127

202 2564 335 2605 Schol.
369 2565 536 2605 Luciani
566 2566 680 2606 Alex.
713 2566 739 2603 4
770 2560 956 2610 ὡσαύτως
996 2561 1063 2602 καὶ
1093 2558 1113 2601 ὁ
1152 2557 1460 2614 Φρυνώνδας
1492 2559 1555 2601 ἐπὶ
1584 2576 1657 2600 πο-

87 2620 206 2676 νηρίᾳ
236 2622 380 2674 βοᾶται
410 2618 607 2662 Εὐπόλιδι
639 2620 683 2666 ἐν
710 2618 1018 2675 Ἀστρατεύτοις,
1054 2617 1216 2671 Δήμοις.
1249 2620 1297 2658 of.
1331 2619 1380 2657 fr.
1412 2620 1479 2659 39.

844 2733 923 2775 128

294 2789 384 2843 ὅτι;
417 2789 468 2834 τὸ
499 2789 816 2846 πυριατήριον.

200 2874 347 2914 Pollux
378 2876 423 2923 9,
456 2872 510 2913 43
549 2870 616 2912 καὶ
655 2866 735 2925 μὴν
772 2870 844 2912 οὐκ
882 2870 1008 2920 ἄδοξα
1045 2868 1142 2922 μέρη
1173 2875 1242 2921 τῆς
1273 2868 1426 2917 πόλεως
1456 2868 1657 2922 γυμνάσια

86 2928 156 2969 καὶ
184 2930 402 2983 βαλανεῖα,
435 2930 534 2978 ἴσως
564 2927 609 2969 δὲ
638 2929 707 2970 καὶ
735 2928 989 2983 πυριατήρια,
1022 2924 1249 2974 Εὐπόλιδος
1290 2922 1471 2974 εἰπόντος
1503 2925 1548 2966 ἕν
1581 2924 1660 2976 Δή-

1322 2993 1391 3027 19*
