1872 3224
259 189 338 231 192
869 175 1235 213 ΦΕΡΕΚΡΑΤΟΤΣ

368 293 593 331 Athenaeus
627 288 689 335 14,
714 286 826 326 6536
856 279 877 323 ὁ
908 279 952 321 δὲ
983 279 1053 321 τὸν
1082 278 1269 333 Χείρωνα
1299 271 1528 329 πεποιηκώς
1555 273 1631 318 τὸν
1659 275 1716 326 εἰς
1745 267 1833 318 <vs-'-

255 336 450 399 ρεκράτην
478 341 779 398 ἀναφερόμενόν
808 350 935 392 φησιν
964 333 1197 391 ἀμυγδάλας
1227 337 1309 376 κτλ.
1341 333 1410 375 καὶ
1437 331 1606 389 μυελόν]
1643 332 1825 388 κᾶμυλον

255 407 462 457 Bergkius,
492 404 598 454 quod
627 413 851 441 mensarum
890 397 1151 438 secundarum
1188 396 1324 446 partes
1364 394 1585 433 enumeret.
1645 394 1688 433 at
1714 393 1829 435 roob

255 463 473 503 Meinekius
502 462 692 511 provocat
730 458 778 496 ad
813 455 1073 496 Plutarchum
1113 454 1214 492 Mor.
1248 452 1380 499 349a‚
1414 451 1484 490 ubi
1521 447 1667 503 μυελός
1696 462 1823 502 aequo

255 523 370 570 atque
401 515 569 571 ἐγχέλεια
599 514 665 555 καὶ
694 511 886 566 θριδάκια
907 510 974 551 καὶ
995 509 1167 562 σχελίδες
1189 511 1296 549 inter
1312 508 1564 548 delicatiores
1586 506 1697 549 eibos
1717 519 1825 549 com·

254 578 522 616 memorantur
551 587 647 625 quos
679 572 836 623 choregi
867 569 1064 610 choreutis
1095 569 1294 619 adponere
1316 566 1512 606 solebant.
1542 566 1679 617 itaque
1701 565 1826 607 afim
1851 583 1854 587 ·

254 635 302 673 ad
331 646 486 672 mensas
517 631 707 672 secundas
738 630 935 680 pertinere
965 628 1137 678 poterat..
1177 626 1226 664 de
1265 625 1432 664 accentu
1466 622 1576 664 vocis
1611 617 1851 676 ἄμυγδᾶλη’

256 692 333 730 iam
364 690 584 740 antiquitus
614 701 696 727 non
726 686 945 727 constabat.
976 685 1025 724 cf.
1058 684 1206 724 Athen.
1239 683 1277 731 2,
1300 681 1391 721 52f.
1423 680 1644 721 Herodian.
1674 679 1694 720 1
1725 679 1824 727 321,

255 749 306 787 32
337 748 473 787 Lentz.
505 747 650 797 Phryn.
681 758 779 785 com.
812 745 878 784 60.
1860 711 1872 807 ξ

1003 853 1084 896 149

525 936 660 980 δώσει
691 935 742 978 δέ
769 947 840 978 σοι
869 940 1090 990 γυναῖκας
1121 930 1231 977 ἑπτὰ
1261 933 1502 989 Λεσβίδας.

527 1009 576 1047 Β.
608 1004 749 1047 καλόν
777 1019 828 1058 γε
859 1003 1011 1058 δῶρον
1040 1000 1137 1045 ἕπτ’
1170 1003 1289 1058 ἔχειν
1319 1001 1625 1058 λαικαστρίας.
1666 1026 1673 1031 -

372 1102 500 1141 Schol.
532 1101 786 1150 Aristophan.
816 1099 915 1138 Rau.
950 1099 1057 1138 1308
1095 1095 1351 1150 διεβάλλοντο
1390 1094 1455 1136 ἐπὶ
1495 1093 1621 1151 τούτῳ
1650 1092 1693 1134 οἰ
1723 1089 1828 1133 Λέσ-

257 1160 336 1211 βιοι
367 1157 432 1211 (αἱ
449 1156 650 1210 Λέσβιαι).
681 1155 748 1196 καὶ
777 1154 821 1195 ἐν
851 1160 904 1210 τῷ
935 1155 990 1202 εἰς
1021 1153 1277 1207 Φερεκράτην
1306 1150 1595 1208 ἀναφερομένῳ
1626 1149 1830 1204 Χείρωνι·

259 1214 377 1254 δώσει
407 1212 451 1254 δὲ
481 1217 561 1254 κτλ.
592 1215 823 1254 Eustathius
856 1214 950 1262 741,
983 1214 1036 1251 22
1074 1208 1375 1265 παραγαγόντες
1407 1211 1468 1262 (ot
1493 1206 1674 1264 παλαιοὶ)
1704 1208 1827 1262 Φερε-

258 1272 424 1322 κράτους
454 1272 591 1325 χρῆσιν
611 1269 654 1310 ἐν
680 1268 807 1325 ἰάμβῳ
836 1268 892 1322 τό,
921 1265 1041 1309 δώσει
1064 1291 1119 1299 -
1142 1268 1337 1322 Λεσβίας,
1369 1265 1588 1322 ἐπάγουσιν
1615 1262 1832 1320 ἆμοιβαῖον

258 1327 320 1382 τό,
366 1329 490 1371 καλόν
527 1343 568 1380 γε
607 1328 737 1381 δῶρον
772 1330 854 1368 κτλ.
895 1323 949 1375 ὥς
987 1325 1179 1366 τοιούτων
1222 1322 1357 1367 οὐσῶν
1401 1326 1483 1366 τῶν
1520 1323 1715 1376 Λεσβίων
1759 1337 1830 1378 γυ·

261 1392 424 1429 ναικῶν.
489 1389 523 1425 1.
557 1396 616 1424 σοι
646 1385 849 1438 Eustath]
883 1399 941 1424 τοι
970 1383 1046 1424 V&
1076 1385 1198 1425 schol.
1230 1398 1288 1431 τις
1317 1385 1414 1424 Ald.
1447 1381 1652 1437 Λεσβίδας
1682 1377 1826 1435 schol]

262 1443 438 1496 Λεσβίας
476 1445 587 1485 Eust.
665 1445 703 1483 2.
742 1458 785 1495 γε
822 1441 955 1496 Eust]
998 1439 1040 1482 τὸ
1081 1443 1203 1483 schol.
1242 1439 1513 1495 λαικαστρίας]
1552 1437 1743 1493 καστρίας
1777 1437 1830 1480 V.

261 1504 420 1552 propter
461 1501 759 1540 similitudinem
798 1501 964 1540 Homeri
994 1501 1041 1540 Il.
1075 1502 1114 1550 9,
1147 1501 1230 1541 270
1261 1498 1385 1539 δώσει
1415 1492 1452 1538 δ’
1496 1495 1594 1538 ἔπτὰ
1631 1498 1831 1551 γυναῖκας

261 1555 442 1609 άμύμονα
474 1555 564 1609 ἔργα
596 1556 727 1604 ἰδυίας
758 1556 963 1609 Λεσβίδας
995 1557 1217 1597 Meinekius
1239 1557 1397 1597 Ulixem
1431 1570 1522 1596 cum
1553 1555 1710 1596 Achille
1739 1566 1832 1595 oon·

262 1616 368 1665 loqui
400 1615 582 1654 coniecit.

1005 1727 1088 1770 150

532 1804 694 1856 ἔξεισιν
725 1804 850 1849 ἄκων
881 1807 1021 1862 δεῦρο
1051 1807 1264 1862 πέρδικος
1293 1805 1479 1863 τρόπον.

374 1901 602 1940 Athenaeus
640 1903 685 1949 9,
718 1902 835 1941 388f
865 1895 967 1941 πολὺ
1006 1899 1051 1941 δέ
1090 1899 1171 1941 ἔστι
1207 1899 1251 1941 τὸ
1289 1899 1564 1951 ἐκτεινόμενον
1603 1895 1712 1951 παρὰ
1750 1900 1840 1946 τοῖς

260 1953 445 2004 Ἀττικοῖς
484 1955 543 2008 (τὸ
580 1955 734 2009 πέρδιξ)
767 1988 777 1998 .
801 1989 810 1998 .
833 1989 843 1998 .
875 1957 1128 2011 Φερεκράτης
1163 1957 1192 2011 ἢ
1222 1955 1243 1999 ὁ
1273 1956 1501 2010 πεποιηκώς
1538 1954 1609 1997 τὸν
1646 1954 1832 2007 Χείρωνα

264 2011 403 2061 ἔξεισιν
423 2017 501 2056 κτλ.
530 2011 659 2068 ἄκων]
691 2014 815 2054 οἴκων
844 2017 1035 2068 Meinek.;
1067 2018 1172 2057 idem
1195 2018 1311 2057 Anal.
1343 2017 1432 2056 crit.
1456 2016 1551 2056 Ath.
1578 2016 1659 2055 170
1688 2011 1834 2064 ἔξεισιν-

265 2074 492 2121 corruptum
516 2085 597 2111 esse
618 2074 744 2122 putat.
776 2074 1015 2114 Fritzschius
1047 2074 1120 2121 Qu.
1144 2075 1269 2115 Arist.
1292 2075 1312 2114 I
1335 2076 1386 2114 77
1421 2070 1620 2125 Πέρδικος
1649 2070 1831 2113 scribens

265 2128 460 2168 Perdicem
490 2128 714 2182 (Aristoph.
746 2131 821 2170 Av.
857 2133 964 2171 1292
997 2145 1086 2171 cum
1118 2130 1305 2183 interpr.)
1337 2130 1558 2183 significari
1589 2131 1738 2170 censet.

1003 2279 1076 2321 151

737 2364 828 2406 τοῖς
859 2358 966 2400 δέκα
996 2357 1236 2408 ταλάντοις
1265 2357 1546 2413 προστιθείς,
1577 2356 1681 2412 ἔφη,

538 2419 639 2466 ἄλλ’
671 2422 780 2467 ἅττα
811 2424 1105 2481 πεντήκοντα.

277 2567 287 2582 ‚
382 2515 509 2555 Schol.
531 2518 632 2558 Plat.
658 2521 735 2558 371
760 2520 927 2562 Bekkcr.
951 2523 992 2560 et
1015 2521 1195 2560 Philemo
1216 2534 1388 2573 gramm.
1412 2521 1464 2560 32
1487 2517 1610 2559 ἐνίοτε
1631 2515 1676 2558 δὲ
1697 2513 1834 2571 (ἅττα)

270 2583 311 2607 εκ
334 2576 399 2609 τοῦ
416 2579 598 2638 περιττοῦ
614 2575 877 2630 προστίθεται,
906 2574 960 2624 ὥς
983 2575 1025 2615 εἰν
1046 2577 1100 2632 τῷ
1121 2577 1295 2631 Χείρωνι
1316 2574 1608 2630 Φερεκράτους·
1634 2572 1835 2623 τοῖς-δέκα

270 2629 351 2665 κτλ.
376 2626 500 2694 ὀυδὲν
528 2628 603 2683 γάρ
633 2632 814 2684 σημαίνει
844 2632 1025 2674 ἐνταῦθα
1056 2633 1099 2673 τὸ
1129 2633 1241 2674 ἄττα.
1301 2635 1438 2686 Etym.
1469 2648 1524 2674 m.
1558 2634 1653 2683 167,
1675 2633 1730 2672 45
1759 2631 1835 2672 Φε-

270 2697 455 2751 ρξκρᾱτης
485 2683 526 2724 δὲ
557 2686 598 2726 ἐκ
627 2690 767 2742 χειρῶν
796 2694 876 2738 τοῖς
908 2690 1107 2744 (Sylburg
1133 2691 1176 2732 ἐν
1198 2691 1392 2744 Χείρωνι)
1424 2687 1487 2731 ἐπ’
1518 2686 1721 2742 άριθμοῢ·
1753 2691 1836 2736 τοῖς

270 2739 366 2808 δεκα
404 2744 481 2783 κτλ.
518 2746 764 2799 προστιθείς]
802 2750 961 2801 προθῇς
998 2749 1134 2799 Etym.
1166 2749 1341 2789 Cobetus
1371 2749 1423 2788 N.
1455 2749 1482 2787 l.
1515 2748 1597 2787 278
1627 2749 1709 2794 τοῖς
1738 2743 1836 2785 δέκα

270 2799 472 2845 ταλαντοις
503 2801 631 2846 τοῖσδε
666 2804 910 2855 προστιθείς,
941 2803 1031 2855 ἔφη,
1059 2805 1065 2857 Ι
1091 2802 1178 2844 ἄλλ’
1211 2804 1309 2845 ι’ίττα
1340 2804 1600 2856 πεντήκοντα.
1631 2804 1717 2843 ‘Ubi
1746 2814 1835 2854 per·

270 2867 386 2902 quam
428 2857 574 2896 urbana
614 2859 739 2899 ironia
775 2862 880 2901 inest
915 2862 957 2900 in
993 2862 1126 2902 verbis
1163 2860 1252 2902 ἄλλ’
1292 2861 1391 2902 ἄττα
1427 2857 1695 2913 πεντήκοντα,
1733 2873 1836 2910 quae
