1872 3224
216 204 299 248 578
808 199 1191 236 ΑΡΙΣΤΟΦΑΝΟΤΣ

456 344 458 347 ,
968 303 1053 345 804

422 364 675 418 λεγωνῆσαι

329 443 417 484 ἀντὶ
438 450 508 484 τοῦ
528 447 681 483 παῖσαι.
714 441 841 491 οὕτως
858 437 1160 495 Ἀριστοφάνης.
1192 444 1371 483 Photius.
1410 445 1558 483 lemma
1576 443 1790 484 manifesto

215 506 462 553 corruptum.
520 503 566 541 L.
609 502 843 541 Dindorfius
891 502 932 540 in
971 502 1085 540 Thes,
1134 501 1286 540 confert
1325 501 1496 552 Hesyeh.
1551 503 1789 552 λετωνῆσαι·

212 558 391 609 άφειὸώς
417 562 558 598 παῖσαι
579 555 677 597 κατὰ
700 559 778 597 τών
800 557 949 609 ἰσχίων,
981 559 1049 597 ubi
1071 557 1277 610 λαγονίσαι
1299 557 1363 608 (ut
1390 555 1588 611 πυγίζειν)
1619 558 1791 597 scriben-

214 619 309 656 dum
341 620 484 656 censet.
525 617 579 655 M.
612 616 858 655 Schmidtius
892 616 1063 667 Hesych.
1094 620 1363 666 μοττωνῆσαι·
1403 620 1453 670 τῇ
1482 612 1632 669 πτέρνῃ
1661 612 1790 666 τύψαι

216 677 441 727 comparat,
472 687 551 723 quo
581 674 682 712 nihil
713 673 935 723 proficitur.

960 773 1044 815 805

419 832 696 885 λεκανίσκην

324 910 629 984 Ἀριστοφάνης.
670 914 813 953 Pollux
846 915 882 962 6,
915 914 984 953 86.
1024 913 1191 952 Photius
1225 914 1319 961 213,
1357 913 1405 950 14
1435 910 1621 951 λεκάνιον
1649 909 1694 950 δὲ
1723 909 1791 952 καὶ

212 971 402 1012 λεκανίδα
431 967 570 1024 άγγεῐα
592 985 673 1009 ωτα
696 969 834 1021 ἔχοντα
855 967 954 1023 πρὸς
985 966 1190 1021 ὑποδοχὴν
1210 968 1330 1019 ὄψων
1350 967 1418 1008 και
1438 967 1629 1008 τοιούτων
1649 974 1787 1009 τινῶν.

213 1027 339 1076 ου’τως
368 1025 670 1100 Ἀριστοφάνης.
720 1041 765 1067 ac
796 1026 980 1066 λεκάνιον
1010 1028 1170 1078 quidem
1202 1027 1455 1068 Ach.1.108
1496 1027 1599 1066 idem
1637 1027 1784 1076 214,1

213 1085 324 1134 λέκος
354 1085 423 1125 καὶ
452 1085 669 1125 λεκίσκιον·
702 1083 769 1124 καὶ
798 1083 946 1136 λεκάνη
975 1083 1043 1124 καὶ
1072 1083 1258 1130 λεκανίς·
1297 1082 1342 1122 τὰ
1375 1081 1567 1122 ἐκπέταλα
1605 1081 1785 1136 τρύβλια.
1793 1094 1806 1104 ·

215 1141 266 1183 οὕ
269 1158 343 1191 τως
371 1141 676 1196 Ἀριστοφάνης.

733 1241 737 1243 μ
964 1208 1047 1250 806

417 1265 710 1320 λεπτόφωνος

328 1350 470 1388 Pollux
500 1351 539 1399 4,
572 1350 638 1388 64.
671 1349 721 1391 ef.
753 1349 802 1389 fr.
837 1349 930 1387 644.
965 1349 1061 1387 753.

417 1518 812 1571 λιβανωτοπωλεῖν
963 1459 1044 1502 807

324 1595 610 1653 Ἀριστοφάνης
642 1597 732 1650 ἔφη.
766 1599 910 1638 Pollux
942 1601 978 1648 7,
1015 1601 1107 1639 196.

958 1710 1041 1753 808

419 1768 681 1819 λιποταξίου

327 1851 502 1891 Cramer.
534 1852 686 1890 Anecd.
719 1850 793 1890 Ox.
815 1850 855 1889 II
877 1851 972 1899 239,
999 1852 1046 1889 11
1081 1846 1102 1888 ὁ
1132 1847 1176 1889 δὲ
1202 1846 1411 1903 Ὠριγένης
1442 1843 1508 1889 δια
1538 1855 1609 1889 τοῦ
1639 1865 1652 1889 ι
1682 1848 1784 1903 λέγει

210 1905 459 1962 γράφεσθαι,
491 1903 577 1947 οἷον
609 1939 617 1946 .
654 1940 660 1947 .
696 1939 704 1946 .
735 1921 816 1960 παρ
866 1904 1101 1960 Εὕφορίωνι
1140 1906 1443 1946 λιποκτενίασσα
1474 1904 1782 1962 (λιποκτέανος),

211 1970 470 2015 λιποναῦται,
501 1964 727 2012 λιποταξίου
758 1962 865 2015 παρὰ
893 1961 1179 2016 Ἀριστοφάνει.
1211 1966 1257 2004 ad
1291 1965 1532 2015 Antiphanis
1563 1965 1612 2004 sr.
1639 1966 1734 2017 128,
1759 1967 1783 2004 9

213 2025 370 2062 rettulit
403 2024 626 2061 Meinekius
649 2023 709 2061 III
734 2024 800 2061 72.
832 2023 938 2072 quod
970 2035 1218 2073 nequaquam
1249 2023 1516 2062 necessarium
1548 2024 1621 2061 est.
1661 2023 1783 2061 immo

211 2082 417 2134 quaelimr
462 2093 513 2118 an
557 2082 591 2117 λι
598 2084 795 2117 ποναῦται
840 2077 1136 2133 (λιποναυτίου)
1180 2093 1338 2130 quoque
1383 2080 1432 2118 ad
1478 2079 1783 2129 Aristophanem

211 2138 425 2187 pertineat.

960 2201 1044 2243 809

417 2261 621 2314 λίστριον

325 2342 536 2391 Phrynioh.
560 2342 667 2392 Epit.
690 2342 769 2380 321
799 2337 1046 2409 κοχλιάριον·
1078 2345 1194 2379 τοῦτο
1223 2339 1426 2393 λίστρον
1442 2335 1729 2392 Ἀριστοφάνης
1760 2335 1781 2379 ὅ

210 2394 495 2466 κωμῳδοποιὸς
520 2395 632 2450 λέγει.
665 2396 732 2436 καὶ
763 2395 813 2436 σὺ
846 2394 888 2436 61¹:-
918 2395 1021 2436 ου’τω
1051 2395 1149 2450 λέγε.
1189 2398 1358 2438 Bekker.
1389 2398 1540 2437 Anecd.
1575 2398 1641 2444 51,
1673 2399 1697 2436 9
1727 2396 1781 2436 λί-

212 2466 366 2508 στριον·
399 2453 442 2494 τὸ
473 2452 554 2494 ὑπὸ
584 2453 665 2494 τῶν
693 2456 852 2494 πολλῶν
880 2451 1126 2505 καλούμενον
1145 2450 1383 2522 κοχλιάριον.
1422 2454 1528 2493 unde
1547 2454 1780 2494 Dindorfius

210 2512 396 2560 λίστριον.
428 2513 651 2564 Hesychius
680 2511 872 2580 λίστριον·
905 2509 947 2551 τὸ
978 2507 1054 2561 ὑφ’
1077 2507 1193 2563 ἡμῶν
1212 2501 1422 2563 λεγόμενον
1441 2507 1779 2563 τηγανόστροφον.

213 2569 254 2608 οἷ
287 2567 331 2607 δὲ
368 2567 509 2620 μέτρον
545 2584 602 2622 τι,
637 2564 732 2620 μεθ’
771 2570 819 2608 οὐ
861 2567 924 2608 επὶ
962 2567 1004 2607 τὸ
1042 2582 1218 2621 τηγανον
1253 2566 1423 2620 ἄλευρον
1461 2565 1700 2618 ἐπιχέουσιν.
1738 2570 1779 2607 et

211 2625 388 2677 λίστρον·
421 2625 609 2679 ξυστήρ.
643 2655 653 2665 .
683 2625 812 2665 πτύον
841 2625 1049 2678 σιδηροῦν.
1080 2627 1130 2665 cf.
1163 2626 1281 2666 Hom.
1314 2625 1388 2664 Od.
1421 2626 1487 2674 22,
1519 2627 1618 2664 455.

955 2736 1040 2779 810

416 2794 606 2849 λογάρια

324 2874 366 2913 οἷ
389 2873 507 2926 λόγοι.
552 2871 855 2928 Ἀριστοφάνης.
900 2875 1054 2915 Suidas.
1099 2875 1349 2926 Bernhardyi
1379 2875 1628 2915 dubitatione
1658 2887 1776 2916 nemo
