<?xml version="1.0" encoding="UTF-8"?>
<!DOCTYPE html PUBLIC "-//W3C//DTD XHTML 1.0 Transitional//EN"
    "http://www.w3.org/TR/xhtml1/DTD/xhtml1-transitional.dtd">
<html xmlns="http://www.w3.org/1999/xhtml" xml:lang="en" lang="en">
 <head>
  <title>
</title>
<meta http-equiv="Content-Type" content="text/html;charset=utf-8" />
  <meta name='ocr-system' content='tesseract 3.04.00' />
  <meta name='ocr-capabilities' content='ocr_page ocr_carea ocr_par ocr_line ocrx_word'/>
</head>
<body>
  <div class='ocr_page' id='page_1' title='image "./comicorumatticor01kockuoft_0333.png"; bbox 0 0 1872 3224; ppageno 0'>
   <div class='ocr_carea' id='block_1_1' title="bbox 0 0 198 1279">
    <p class='ocr_par' dir='ltr' id='par_1_1' title="bbox 0 0 198 1279">
     <span class='ocr_line' id='line_1_1' title="bbox 0 0 198 400; baseline 0 0"><span class='ocrx_word' id='word_1_1' title='bbox 0 0 198 400; x_wconf 95' lang='lat' dir='ltr'><strong><em>   </em></strong></span> 
     </span>
     <span class='ocr_line' id='line_1_2' title="bbox 0 400 120 1279; baseline 0 0"><span class='ocrx_word' id='word_1_2' title='bbox 0 400 120 1279; x_wconf 95' lang='lat' dir='ltr'><strong><em>    </em></strong></span> 
     </span>
    </p>
   </div>
   <div class='ocr_carea' id='block_1_2' title="bbox 752 198 1664 250">
    <p class='ocr_par' dir='ltr' id='par_1_2' title="bbox 752 198 1664 250">
     <span class='ocr_line' id='line_1_3' title="bbox 752 198 1664 250; baseline 0.007 -19"><span class='ocrx_word' id='word_1_3' title='bbox 752 198 991 236; x_wconf 70' lang='lat' dir='ltr'><strong>KOAAKm:</strong></span> <span class='ocrx_word' id='word_1_4' title='bbox 1573 207 1629 250; x_wconf 90' lang='lat'><strong><em>30</em></strong></span> <span class='ocrx_word' id='word_1_5' title='bbox 1638 207 1664 250; x_wconf 88' lang='lat'><strong>3</strong></span> 
     </span>
    </p>
   </div>
   <div class='ocr_carea' id='block_1_3' title="bbox 5 286 1660 428">
    <p class='ocr_par' dir='ltr' id='par_1_3' title="bbox 5 283 1660 428">
     <span class='ocr_line' id='line_1_4' title="bbox 119 286 1660 362; baseline 0.008 -21.615"><span class='ocrx_word' id='word_1_6' title='bbox 119 302 159 362; x_wconf 6' lang='grc' dir='ltr'><strong><em>ρ’</em></strong></span> <span class='ocrx_word' id='word_1_7' title='bbox 195 299 245 341; x_wconf 81' lang='grc' dir='ltr'><strong><em>Β.</em></strong></span> <span class='ocrx_word' id='word_1_8' title='bbox 277 286 434 341; x_wconf 59' lang='lat' dir='ltr'><strong><em>mm.</em></strong></span> <span class='ocrx_word' id='word_1_9' title='bbox 466 301 564 340; x_wconf 80' lang='lat'><strong>416.</strong></span> <span class='ocrx_word' id='word_1_10' title='bbox 598 305 693 342; x_wconf 80' lang='lat' dir='ltr'><strong><em>sunt</em></strong></span> <span class='ocrx_word' id='word_1_11' title='bbox 724 303 859 344; x_wconf 67' lang='lat' dir='ltr'>auizer&#39;n</span> <span class='ocrx_word' id='word_1_12' title='bbox 891 309 1075 358; x_wconf 77' lang='lat' dir='ltr'>excerpta</span> <span class='ocrx_word' id='word_1_13' title='bbox 1106 321 1152 347; x_wconf 87' lang='lat' dir='ltr'>ex</span> <span class='ocrx_word' id='word_1_14' title='bbox 1183 312 1419 360; x_wconf 79' lang='lat' dir='ltr'>posterioris</span> <span class='ocrx_word' id='word_1_15' title='bbox 1451 314 1660 362; x_wconf 79' lang='lat' dir='ltr'>parabasis</span> 
     </span>
     <span class='ocr_line' id='line_1_5' title="bbox 5 357 1168 428; baseline 0.009 -34"><span class='ocrx_word' id='word_1_16' title='bbox 5 394 8 404; x_wconf 69' lang='grc'><strong><em>,</em></strong></span> <span class='ocrx_word' id='word_1_17' title='bbox 51 357 357 398; x_wconf 45' lang='lat' dir='ltr'>’arthemate</span> <span class='ocrx_word' id='word_1_18' title='bbox 380 359 442 428; x_wconf 76' lang='lat' dir='ltr'><strong><em>ef.</em></strong></span> <span class='ocrx_word' id='word_1_19' title='bbox 476 360 682 410; x_wconf 78' lang='lat' dir='ltr'>Aristoph.</span> <span class='ocrx_word' id='word_1_20' title='bbox 716 361 838 413; x_wconf 89' lang='lat' dir='ltr'>Vesp.</span> <span class='ocrx_word' id='word_1_21' title='bbox 875 365 1168 405; x_wconf 81' lang='lat'>1275—1291.</span> 
     </span>
    </p>
   </div>
   <div class='ocr_carea' id='block_1_4' title="bbox 282 487 1443 756">
    <p class='ocr_par' dir='ltr' id='par_1_4' title="bbox 282 487 1443 756">
     <span class='ocr_line' id='line_1_6' title="bbox 835 487 912 529; baseline 0 0"><span class='ocrx_word' id='word_1_22' title='bbox 835 487 912 529; x_wconf 88' lang='grc'><strong><em>161</em></strong></span> 
     </span>
     <span class='ocr_line' id='line_1_7' title="bbox 491 564 1393 627; baseline 0.01 -21"><span class='ocrx_word' id='word_1_23' title='bbox 491 564 616 619; x_wconf 84' lang='grc' dir='ltr'><strong><em>παρὰ</em></strong></span> <span class='ocrx_word' id='word_1_24' title='bbox 647 565 764 622; x_wconf 78' lang='grc' dir='ltr'><strong><em>τῷδε</em></strong></span> <span class='ocrx_word' id='word_1_25' title='bbox 795 568 971 623; x_wconf 80' lang='grc' dir='ltr'><em>Καλλίᾳ</em></span> <span class='ocrx_word' id='word_1_26' title='bbox 1002 567 1145 625; x_wconf 83' lang='grc' dir='ltr'><strong><em>πολλὴ</em></strong></span> <span class='ocrx_word' id='word_1_27' title='bbox 1175 572 1393 627; x_wconf 77' lang='grc' dir='ltr'><em>θυμηδία,</em></span> 
     </span>
     <span class='ocr_line' id='line_1_8' title="bbox 282 631 1443 699; baseline 0.009 -26"><span class='ocrx_word' id='word_1_28' title='bbox 282 631 359 674; x_wconf 85' lang='grc' dir='ltr'><strong><em>ἳνα</em></strong></span> <span class='ocrx_word' id='word_1_29' title='bbox 389 631 516 688; x_wconf 74' lang='grc' dir='ltr'><strong><em>πάρα</em></strong></span> <span class='ocrx_word' id='word_1_30' title='bbox 544 633 631 689; x_wconf 77' lang='grc' dir='ltr'><strong><em>μὲν</em></strong></span> <span class='ocrx_word' id='word_1_31' title='bbox 661 634 854 690; x_wconf 80' lang='grc' dir='ltr'><em>κάραβοι</em></span> <span class='ocrx_word' id='word_1_32' title='bbox 886 634 960 678; x_wconf 83' lang='grc' dir='ltr'><strong><em>καὶ</em></strong></span> <span class='ocrx_word' id='word_1_33' title='bbox 990 638 1170 692; x_wconf 81' lang='grc' dir='ltr'><strong><em>βατίδες</em></strong></span> <span class='ocrx_word' id='word_1_34' title='bbox 1201 639 1274 681; x_wconf 83' lang='grc' dir='ltr'><strong><em>καὶ</em></strong></span> <span class='ocrx_word' id='word_1_35' title='bbox 1305 641 1443 699; x_wconf 72' lang='grc' dir='ltr'><strong><em>λαγῴ,</em></strong></span> 
     </span>
     <span class='ocr_line' id='line_1_9' title="bbox 285 700 880 756; baseline 0.007 -13"><span class='ocrx_word' id='word_1_36' title='bbox 285 700 362 743; x_wconf 86' lang='grc' dir='ltr'><strong><em>καὶ</em></strong></span> <span class='ocrx_word' id='word_1_37' title='bbox 392 709 610 756; x_wconf 82' lang='grc' dir='ltr'><strong><em>γυναῖκες</em></strong></span> <span class='ocrx_word' id='word_1_38' title='bbox 641 702 880 754; x_wconf 79' lang='grc' dir='ltr'><strong><em>εἱλίποδες.</em></strong></span> 
     </span>
    </p>
   </div>
   <div class='ocr_carea' id='block_1_5' title="bbox 1 783 1673 2163">
    <p class='ocr_par' dir='ltr' id='par_1_5' title="bbox 1 783 1673 2163">
     <span class='ocr_line' id='line_1_10' title="bbox 188 783 1673 844; baseline 0.008 -21"><span class='ocrx_word' id='word_1_39' title='bbox 188 784 421 825; x_wconf 79' lang='lat' dir='ltr'><strong>Athenaeus</strong></span> <span class='ocrx_word' id='word_1_40' title='bbox 454 787 490 834; x_wconf 83' lang='lat'><strong><em>7,</em></strong></span> <span class='ocrx_word' id='word_1_41' title='bbox 514 788 634 827; x_wconf 82' lang='lat' dir='ltr'>286b</span> <span class='ocrx_word' id='word_1_42' title='bbox 665 784 849 835; x_wconf 77' lang='grc' dir='ltr'><strong><em>Εὔπολις</em></strong></span> <span class='ocrx_word' id='word_1_43' title='bbox 880 783 920 826; x_wconf 89' lang='grc' dir='ltr'><strong><em>δ’</em></strong></span> <span class='ocrx_word' id='word_1_44' title='bbox 954 786 998 827; x_wconf 85' lang='grc' dir='ltr'><strong><em>ἕν</em></strong></span> <span class='ocrx_word' id='word_1_45' title='bbox 1027 788 1178 839; x_wconf 82' lang='grc' dir='ltr'><strong><em>Κόλαξι</em></strong></span> <span class='ocrx_word' id='word_1_46' title='bbox 1207 790 1312 844; x_wconf 76' lang='grc' dir='ltr'><strong><em>παρὰ</em></strong></span> <span class='ocrx_word' id='word_1_47' title='bbox 1345 795 1425 833; x_wconf 83' lang='grc' dir='ltr'><strong><em>κτλ.</em></strong></span> <span class='ocrx_word' id='word_1_48' title='bbox 1467 797 1505 844; x_wconf 89' lang='grc'><strong><em>9,</em></strong></span> <span class='ocrx_word' id='word_1_49' title='bbox 1537 796 1673 835; x_wconf 83' lang='lat' dir='ltr'>400a·</span> 
     </span>
     <span class='ocr_line' id='line_1_11' title="bbox 61 838 1658 901; baseline 0.008 -21"><span class='ocrx_word' id='word_1_50' title='bbox 61 838 180 896; x_wconf 74' lang='grc' dir='ltr'><strong><em>-λαγῴ</em></strong></span> <span class='ocrx_word' id='word_1_51' title='bbox 201 838 299 895; x_wconf 87' lang='grc' dir='ltr'><strong><em>παρ’</em></strong></span> <span class='ocrx_word' id='word_1_52' title='bbox 333 839 535 883; x_wconf 76' lang='grc' dir='ltr'><em>Εὐπόλιδι</em></span> <span class='ocrx_word' id='word_1_53' title='bbox 557 842 602 883; x_wconf 84' lang='grc' dir='ltr'><strong><em>ἐν</em></strong></span> <span class='ocrx_word' id='word_1_54' title='bbox 624 843 817 893; x_wconf 81' lang='grc' dir='ltr'><strong><em>Κόλαξιν·</em></strong></span> <span class='ocrx_word' id='word_1_55' title='bbox 840 843 908 884; x_wconf 81' lang='grc' dir='ltr'><strong><em>ἴνα</em></strong></span> <span class='ocrx_word' id='word_1_56' title='bbox 930 848 1010 885; x_wconf 91' lang='grc' dir='ltr'><strong><em>κτλ.</em></strong></span> <span class='ocrx_word' id='word_1_57' title='bbox 1043 846 1221 887; x_wconf 84' lang='lat' dir='ltr'>Gramm.</span> <span class='ocrx_word' id='word_1_58' title='bbox 1246 850 1418 901; x_wconf 75' lang='lat' dir='ltr'><strong><em>August.</em></strong></span> <span class='ocrx_word' id='word_1_59' title='bbox 1442 852 1658 892; x_wconf 79' lang='lat' dir='ltr'><strong>Hermann.</strong></span> 
     </span>
     <span class='ocr_line' id='line_1_12' title="bbox 74 899 1655 958; baseline 0.006 -20"><span class='ocrx_word' id='word_1_60' title='bbox 74 899 310 942; x_wconf 69' lang='lat' dir='ltr'>Doemend.</span> <span class='ocrx_word' id='word_1_61' title='bbox 337 914 372 940; x_wconf 91' lang='lat' dir='ltr'><strong><em>r.</em></strong></span> <span class='ocrx_word' id='word_1_62' title='bbox 395 915 456 953; x_wconf 88' lang='lat' dir='ltr'><strong><em>gr.</em></strong></span> <span class='ocrx_word' id='word_1_63' title='bbox 477 915 541 954; x_wconf 86' lang='lat' dir='ltr'><strong><em>gr.</em></strong></span> <span class='ocrx_word' id='word_1_64' title='bbox 564 917 603 954; x_wconf 93' lang='lat' dir='ltr'><strong><em>p.</em></strong></span> <span class='ocrx_word' id='word_1_65' title='bbox 625 903 710 943; x_wconf 85' lang='lat'><strong><em>320</em></strong></span> <span class='ocrx_word' id='word_1_66' title='bbox 730 900 798 942; x_wconf 81' lang='grc' dir='ltr'><strong><em>καὶ</em></strong></span> <span class='ocrx_word' id='word_1_67' title='bbox 819 900 890 942; x_wconf 87' lang='grc' dir='ltr'><strong><em>τὸν</em></strong></span> <span class='ocrx_word' id='word_1_68' title='bbox 909 901 1032 957; x_wconf 90' lang='grc' dir='ltr'><strong><em>λαγὸν</em></strong></span> <span class='ocrx_word' id='word_1_69' title='bbox 1051 904 1184 958; x_wconf 85' lang='grc' dir='ltr'><strong><em>λαγών</em></strong></span> <span class='ocrx_word' id='word_1_70' title='bbox 1199 906 1338 957; x_wconf 90' lang='grc' dir='ltr'><strong><em>φασίν.</em></strong></span> <span class='ocrx_word' id='word_1_71' title='bbox 1370 907 1436 947; x_wconf 83' lang='grc' dir='ltr'><strong><em>καὶ</em></strong></span> <span class='ocrx_word' id='word_1_72' title='bbox 1457 907 1655 956; x_wconf 78' lang='grc' dir='ltr'><strong><em>Εὔπολις·</em></strong></span> 
     </span>
     <span class='ocr_line' id='line_1_13' title="bbox 30 955 1652 1019; baseline 0.006 -24"><span class='ocrx_word' id='word_1_73' title='bbox 30 975 31 978; x_wconf 45' lang='grc'><strong>“</strong></span> <span class='ocrx_word' id='word_1_74' title='bbox 72 955 233 1010; x_wconf 81' lang='grc' dir='ltr'><strong><em>βατίδες</em></strong></span> <span class='ocrx_word' id='word_1_75' title='bbox 264 960 347 998; x_wconf 85' lang='grc' dir='ltr'><strong><em>κτλ.</em></strong></span> <span class='ocrx_word' id='word_1_76' title='bbox 378 959 619 1000; x_wconf 80' lang='lat' dir='ltr'>Eustathius</span> <span class='ocrx_word' id='word_1_77' title='bbox 654 961 778 1010; x_wconf 87' lang='lat'>1534,</span> <span class='ocrx_word' id='word_1_78' title='bbox 812 963 863 1000; x_wconf 90' lang='lat'><strong><em>15</em></strong></span> <span class='ocrx_word' id='word_1_79' title='bbox 895 961 936 1000; x_wconf 80' lang='grc' dir='ltr'><strong><em>οἵ</em></strong></span> <span class='ocrx_word' id='word_1_80' title='bbox 961 955 1066 1017; x_wconf 73' lang='grc' dir='ltr'><strong><em>λαγῴ</em></strong></span> <span class='ocrx_word' id='word_1_81' title='bbox 1096 961 1196 1003; x_wconf 79' lang='grc' dir='ltr'><strong><em>κατὰ</em></strong></span> <span class='ocrx_word' id='word_1_82' title='bbox 1231 963 1411 1005; x_wconf 80' lang='grc' dir='ltr'><strong><em>Εὔπολιν</em></strong></span> <span class='ocrx_word' id='word_1_83' title='bbox 1421 997 1431 1019; x_wconf 79' lang='lat'><em>‚</em></span> <span class='ocrx_word' id='word_1_84' title='bbox 1469 961 1556 1005; x_wconf 84' lang='grc' dir='ltr'><strong><em>οἷον</em></strong></span> <span class='ocrx_word' id='word_1_85' title='bbox 1584 967 1652 1018; x_wconf 89' lang='grc' dir='ltr'><strong><em>βα-</em></strong></span> 
     </span>
     <span class='ocr_line' id='line_1_14' title="bbox 73 1012 1660 1075; baseline 0.006 -21.578"><span class='ocrx_word' id='word_1_86' title='bbox 73 1012 179 1065; x_wconf 84' lang='grc' dir='ltr'><strong><em>τίδες</em></strong></span> <span class='ocrx_word' id='word_1_87' title='bbox 209 1017 291 1058; x_wconf 85' lang='grc' dir='ltr'><strong><em>κτλ.</em></strong></span> <span class='ocrx_word' id='word_1_88' title='bbox 322 1017 494 1057; x_wconf 82' lang='lat' dir='ltr'><strong><em>Pausan.</em></strong></span> <span class='ocrx_word' id='word_1_89' title='bbox 533 1018 639 1069; x_wconf 84' lang='lat' dir='ltr'><strong><em>apud</em></strong></span> <span class='ocrx_word' id='word_1_90' title='bbox 676 1018 939 1058; x_wconf 77' lang='lat' dir='ltr'>Eustathium</span> <span class='ocrx_word' id='word_1_91' title='bbox 973 1021 1100 1069; x_wconf 89' lang='grc'>1394,</span> <span class='ocrx_word' id='word_1_92' title='bbox 1132 1023 1189 1062; x_wconf 90' lang='grc'><strong><em>40</em></strong></span> <span class='ocrx_word' id='word_1_93' title='bbox 1224 1026 1421 1075; x_wconf 89' lang='grc' dir='ltr'><strong><em>γυναῖκας</em></strong></span> <span class='ocrx_word' id='word_1_94' title='bbox 1460 1022 1660 1072; x_wconf 86' lang='grc' dir='ltr'><strong><em>εἰλίποδας</em></strong></span> 
     </span>
     <span class='ocr_line' id='line_1_15' title="bbox 73 1070 1658 1132; baseline 0.006 -21.583"><span class='ocrx_word' id='word_1_95' title='bbox 73 1070 142 1112; x_wconf 75' lang='grc' dir='ltr'><strong><em>διὰ</em></strong></span> <span class='ocrx_word' id='word_1_96' title='bbox 173 1073 250 1127; x_wconf 80' lang='grc' dir='ltr'><strong><em>τὴν</em></strong></span> <span class='ocrx_word' id='word_1_97' title='bbox 287 1071 448 1114; x_wconf 81' lang='grc' dir='ltr'><strong><em>ἔνδεσιν</em></strong></span> <span class='ocrx_word' id='word_1_98' title='bbox 481 1074 670 1130; x_wconf 89' lang='grc' dir='ltr'><strong><em>(εἴλησιν)</em></strong></span> <span class='ocrx_word' id='word_1_99' title='bbox 702 1080 784 1115; x_wconf 79' lang='grc' dir='ltr'><strong><em>τῶν</em></strong></span> <span class='ocrx_word' id='word_1_100' title='bbox 812 1081 963 1129; x_wconf 78' lang='grc' dir='ltr'><strong><em>μηρῶν.</em></strong></span> <span class='ocrx_word' id='word_1_101' title='bbox 998 1077 1142 1118; x_wconf 85' lang='lat' dir='ltr'>Suidas</span> <span class='ocrx_word' id='word_1_102' title='bbox 1161 1078 1367 1132; x_wconf 76' lang='grc' dir='ltr'><strong><em>μυσάχνη·</em></strong></span> <span class='ocrx_word' id='word_1_103' title='bbox 1399 1079 1578 1128; x_wconf 72' lang='grc' dir='ltr'><strong><em>Εὔπολις</em></strong></span> <span class='ocrx_word' id='word_1_104' title='bbox 1609 1082 1658 1121; x_wconf 88' lang='grc' dir='ltr'><strong><em>εἰ-</em></strong></span> 
     </span>
     <span class='ocr_line' id='line_1_16' title="bbox 3 1128 1658 1191; baseline 0.005 -22"><span class='ocrx_word' id='word_1_105' title='bbox 3 1154 6 1175; x_wconf 82' lang='grc'><em>;</em></span> <span class='ocrx_word' id='word_1_106' title='bbox 71 1128 232 1183; x_wconf 61' lang='lat' dir='ltr'><strong><em>ahtoda,</em></strong></span> <span class='ocrx_word' id='word_1_107' title='bbox 264 1129 308 1171; x_wconf 79' lang='grc' dir='ltr'><strong><em>ἐκ</em></strong></span> <span class='ocrx_word' id='word_1_108' title='bbox 340 1137 410 1184; x_wconf 87' lang='grc' dir='ltr'><strong><em>τῆς</em></strong></span> <span class='ocrx_word' id='word_1_109' title='bbox 431 1132 620 1184; x_wconf 83' lang='grc' dir='ltr'><strong><em>εἰλήσεως</em></strong></span> <span class='ocrx_word' id='word_1_110' title='bbox 641 1132 722 1172; x_wconf 79' lang='grc' dir='ltr'><strong><em>τῶν</em></strong></span> <span class='ocrx_word' id='word_1_111' title='bbox 740 1132 880 1173; x_wconf 82' lang='grc' dir='ltr'><strong><em>ποδῶν</em></strong></span> <span class='ocrx_word' id='word_1_112' title='bbox 899 1131 997 1173; x_wconf 78' lang='grc' dir='ltr'><strong><em>κατὰ</em></strong></span> <span class='ocrx_word' id='word_1_113' title='bbox 1018 1128 1092 1186; x_wconf 78' lang='grc' dir='ltr'><strong><em>τὴν</em></strong></span> <span class='ocrx_word' id='word_1_114' title='bbox 1111 1139 1234 1188; x_wconf 78' lang='grc' dir='ltr'><strong><em>μῖξιν.</em></strong></span> <span class='ocrx_word' id='word_1_115' title='bbox 1265 1138 1437 1189; x_wconf 85' lang='lat' dir='ltr'>Hesyeh.</span> <span class='ocrx_word' id='word_1_116' title='bbox 1469 1141 1658 1191; x_wconf 85' lang='grc' dir='ltr'><strong><em>γυναῖκες</em></strong></span> 
     </span>
     <span class='ocr_line' id='line_1_17' title="bbox 1 1185 1659 1247; baseline 0.005 -20"><span class='ocrx_word' id='word_1_117' title='bbox 1 1217 17 1221; x_wconf 26' lang='lat'><em>⁷</em></span> <span class='ocrx_word' id='word_1_118' title='bbox 72 1187 291 1239; x_wconf 75' lang='grc' dir='ltr'><strong><em>εἱλίποδες·</em></strong></span> <span class='ocrx_word' id='word_1_119' title='bbox 330 1188 399 1229; x_wconf 79' lang='grc' dir='ltr'><strong><em>διὰ</em></strong></span> <span class='ocrx_word' id='word_1_120' title='bbox 439 1185 514 1242; x_wconf 86' lang='grc' dir='ltr'><strong><em>τὴν</em></strong></span> <span class='ocrx_word' id='word_1_121' title='bbox 549 1189 661 1231; x_wconf 85' lang='grc' dir='ltr'><strong><em>δέσιν</em></strong></span> <span class='ocrx_word' id='word_1_122' title='bbox 699 1195 780 1230; x_wconf 79' lang='grc' dir='ltr'><strong><em>τῶν</em></strong></span> <span class='ocrx_word' id='word_1_123' title='bbox 825 1193 980 1231; x_wconf 80' lang='grc' dir='ltr'><strong><em>σκελῶν</em></strong></span> <span class='ocrx_word' id='word_1_124' title='bbox 1022 1191 1093 1232; x_wconf 85' lang='grc' dir='ltr'><strong><em>καὶ</em></strong></span> <span class='ocrx_word' id='word_1_125' title='bbox 1130 1192 1284 1246; x_wconf 87' lang='grc' dir='ltr'><strong><em>πλοκὴν</em></strong></span> <span class='ocrx_word' id='word_1_126' title='bbox 1330 1193 1403 1246; x_wconf 84' lang='grc' dir='ltr'><strong><em>τὴν</em></strong></span> <span class='ocrx_word' id='word_1_127' title='bbox 1446 1192 1545 1234; x_wconf 74' lang='grc' dir='ltr'><strong><em>κατὰ</em></strong></span> <span class='ocrx_word' id='word_1_128' title='bbox 1585 1194 1659 1247; x_wconf 86' lang='grc' dir='ltr'><strong><em>τὴν</em></strong></span> 
     </span>
     <span class='ocr_line' id='line_1_18' title="bbox 73 1247 1656 1304; baseline 0.004 -19"><span class='ocrx_word' id='word_1_129' title='bbox 73 1247 311 1288; x_wconf 84' lang='grc' dir='ltr'><strong><em>συνουσίαν.</em></strong></span> <span class='ocrx_word' id='word_1_130' title='bbox 351 1247 529 1291; x_wconf 82' lang='lat' dir='ltr'>Cramer.</span> <span class='ocrx_word' id='word_1_131' title='bbox 570 1249 720 1289; x_wconf 88' lang='lat' dir='ltr'>Anecd.</span> <span class='ocrx_word' id='word_1_132' title='bbox 760 1249 850 1288; x_wconf 83' lang='lat' dir='ltr'>Par.</span> <span class='ocrx_word' id='word_1_133' title='bbox 882 1250 966 1289; x_wconf 92' lang='lat' dir='ltr'>IIII</span> <span class='ocrx_word' id='word_1_134' title='bbox 1012 1252 1116 1300; x_wconf 84' lang='lat'>245,</span> <span class='ocrx_word' id='word_1_135' title='bbox 1158 1253 1210 1291; x_wconf 84' lang='lat'><strong><em>26</em></strong></span> <span class='ocrx_word' id='word_1_136' title='bbox 1250 1249 1450 1300; x_wconf 72' lang='grc' dir='ltr'><strong><em>Εὔπολις·</em></strong></span> <span class='ocrx_word' id='word_1_137' title='bbox 1488 1252 1656 1304; x_wconf 85' lang='grc' dir='ltr'><strong><em>βλιτίδες</em></strong></span> 
     </span>
     <span class='ocr_line' id='line_1_19' title="bbox 72 1303 1659 1363; baseline 0.003 -19"><span class='ocrx_word' id='word_1_138' title='bbox 72 1303 144 1345; x_wconf 79' lang='grc' dir='ltr'><strong><em>καὶ</em></strong></span> <span class='ocrx_word' id='word_1_139' title='bbox 180 1303 289 1359; x_wconf 76' lang='grc' dir='ltr'><strong><em>λαγώ</em></strong></span> <span class='ocrx_word' id='word_1_140' title='bbox 327 1303 396 1345; x_wconf 80' lang='grc' dir='ltr'><strong><em>καὶ</em></strong></span> <span class='ocrx_word' id='word_1_141' title='bbox 425 1309 617 1359; x_wconf 88' lang='grc' dir='ltr'><strong><em>γυναῖκες</em></strong></span> <span class='ocrx_word' id='word_1_142' title='bbox 660 1305 868 1354; x_wconf 80' lang='grc' dir='ltr'><strong><em>εἱλίποδες.</em></strong></span> <span class='ocrx_word' id='word_1_143' title='bbox 958 1309 996 1346; x_wconf 90' lang='grc'><strong><em>2.</em></strong></span> <span class='ocrx_word' id='word_1_144' title='bbox 1030 1306 1113 1361; x_wconf 79' lang='grc' dir='ltr'><strong><em>ἵνα]</em></strong></span> <span class='ocrx_word' id='word_1_145' title='bbox 1154 1307 1246 1347; x_wconf 83' lang='grc' dir='ltr'><strong><em>κινὰ</em></strong></span> <span class='ocrx_word' id='word_1_146' title='bbox 1282 1309 1315 1348; x_wconf 90' lang='grc' dir='ltr'>Β</span> <span class='ocrx_word' id='word_1_147' title='bbox 1350 1315 1442 1349; x_wconf 84' lang='grc' dir='ltr'><strong><em>κϊνα</em></strong></span> <span class='ocrx_word' id='word_1_148' title='bbox 1481 1311 1512 1349; x_wconf 89' lang='grc' dir='ltr'><strong>Ρ</strong></span> <span class='ocrx_word' id='word_1_149' title='bbox 1551 1308 1659 1363; x_wconf 79' lang='grc' dir='ltr'><strong><em>πάρα</em></strong></span> 
     </span>
     <span class='ocr_line' id='line_1_20' title="bbox 7 1359 1654 1420; baseline 0.002 -18"><span class='ocrx_word' id='word_1_150' title='bbox 7 1390 11 1402; x_wconf 61' lang='lat'>2</span> <span class='ocrx_word' id='word_1_151' title='bbox 73 1359 263 1420; x_wconf 67' lang='lat' dir='ltr'><strong><em>Casaub]</em></strong></span> <span class='ocrx_word' id='word_1_152' title='bbox 294 1361 420 1416; x_wconf 76' lang='grc' dir='ltr'><strong><em>παρὰ.</em></strong></span> <span class='ocrx_word' id='word_1_153' title='bbox 451 1387 508 1393; x_wconf 91' lang='lat'><strong>—</strong></span> <span class='ocrx_word' id='word_1_154' title='bbox 545 1378 685 1405; x_wconf 90' lang='lat' dir='ltr'>versus</span> <span class='ocrx_word' id='word_1_155' title='bbox 715 1367 810 1404; x_wconf 73' lang='lat' dir='ltr'><strong><em>sunt</em></strong></span> <span class='ocrx_word' id='word_1_156' title='bbox 844 1365 1068 1416; x_wconf 85' lang='lat' dir='ltr'>Eupolidei.</span> <span class='ocrx_word' id='word_1_157' title='bbox 1107 1366 1325 1407; x_wconf 87' lang='lat' dir='ltr'>Hermann.</span> <span class='ocrx_word' id='word_1_158' title='bbox 1362 1368 1499 1409; x_wconf 79' lang='lat' dir='ltr'>Doctr.</span> <span class='ocrx_word' id='word_1_159' title='bbox 1537 1370 1654 1407; x_wconf 82' lang='lat' dir='ltr'>metr.</span> 
     </span>
     <span class='ocr_line' id='line_1_21' title="bbox 73 1418 1658 1479; baseline 0.002 -19"><span class='ocrx_word' id='word_1_160' title='bbox 73 1422 156 1462; x_wconf 82' lang='lat'><strong><em>582</em></strong></span> <span class='ocrx_word' id='word_1_161' title='bbox 187 1418 298 1474; x_wconf 78' lang='grc' dir='ltr'><strong><em>παρὰ</em></strong></span> <span class='ocrx_word' id='word_1_162' title='bbox 320 1420 433 1476; x_wconf 79' lang='grc' dir='ltr'><strong><em>τῷδε,</em></strong></span> <span class='ocrx_word' id='word_1_163' title='bbox 455 1422 623 1472; x_wconf 87' lang='grc' dir='ltr'><strong><em>Καλλία,</em></strong></span> <span class='ocrx_word' id='word_1_164' title='bbox 646 1419 769 1473; x_wconf 86' lang='grc' dir='ltr'><strong><em>πολλὴ</em></strong></span> <span class='ocrx_word' id='word_1_165' title='bbox 791 1419 842 1474; x_wconf 90' lang='grc' dir='ltr'><strong><em>δὴ</em></strong></span> <span class='ocrx_word' id='word_1_166' title='bbox 863 1422 1059 1474; x_wconf 80' lang='grc' dir='ltr'><strong><em>θυμηδία.</em></strong></span> <span class='ocrx_word' id='word_1_167' title='bbox 1092 1423 1323 1464; x_wconf 86' lang='lat' dir='ltr'>Dindorfius</span> <span class='ocrx_word' id='word_1_168' title='bbox 1345 1437 1481 1465; x_wconf 85' lang='lat' dir='ltr'>vocem</span> <span class='ocrx_word' id='word_1_169' title='bbox 1504 1424 1658 1479; x_wconf 74' lang='grc' dir='ltr'><strong><em>Καλλίᾳ</em></strong></span> 
     </span>
     <span class='ocr_line' id='line_1_22' title="bbox 71 1478 1656 1534; baseline 0.003 -16"><span class='ocrx_word' id='word_1_170' title='bbox 71 1481 119 1518; x_wconf 69' lang='lat' dir='ltr'><strong><em>ut</em></strong></span> <span class='ocrx_word' id='word_1_171' title='bbox 148 1479 351 1531; x_wconf 79' lang='lat' dir='ltr'>glossema</span> <span class='ocrx_word' id='word_1_172' title='bbox 371 1480 518 1520; x_wconf 84' lang='lat' dir='ltr'>eiciens</span> <span class='ocrx_word' id='word_1_173' title='bbox 547 1492 574 1523; x_wconf 64' lang='grc' dir='ltr'><strong>ξ</strong></span> <span class='ocrx_word' id='word_1_174' title='bbox 596 1514 622 1532; x_wconf 64' lang='grc' dir='ltr'><strong>υ</strong></span> <span class='ocrx_word' id='word_1_175' title='bbox 645 1494 671 1521; x_wconf 80' lang='lat'><strong><em>&gt;.&lt;</em></strong></span> <span class='ocrx_word' id='word_1_176' title='bbox 693 1501 758 1531; x_wconf 43' lang='lat' dir='ltr'><strong><em>0ss</em></strong></span> <span class='ocrx_word' id='word_1_177' title='bbox 792 1478 898 1533; x_wconf 75' lang='grc' dir='ltr'><strong><em>παρὰ</em></strong></span> <span class='ocrx_word' id='word_1_178' title='bbox 931 1479 1030 1534; x_wconf 78' lang='grc' dir='ltr'><strong><em>τῷδε</em></strong></span> <span class='ocrx_word' id='word_1_179' title='bbox 1061 1478 1183 1532; x_wconf 85' lang='grc' dir='ltr'><strong><em>πολλὴ</em></strong></span> <span class='ocrx_word' id='word_1_180' title='bbox 1213 1481 1411 1533; x_wconf 79' lang='grc' dir='ltr'><strong><em>θυμηδία.</em></strong></span> <span class='ocrx_word' id='word_1_181' title='bbox 1449 1483 1656 1522; x_wconf 86' lang='lat' dir='ltr'>Dobraeus</span> 
     </span>
     <span class='ocr_line' id='line_1_23' title="bbox 71 1535 1658 1594; baseline 0.001 -18"><span class='ocrx_word' id='word_1_182' title='bbox 71 1536 260 1577; x_wconf 84' lang='lat' dir='ltr'>Addend.</span> <span class='ocrx_word' id='word_1_183' title='bbox 298 1538 506 1588; x_wconf 79' lang='lat' dir='ltr'>Aristoph.</span> <span class='ocrx_word' id='word_1_184' title='bbox 550 1539 630 1576; x_wconf 85' lang='lat'><strong><em>121</em></strong></span> <span class='ocrx_word' id='word_1_185' title='bbox 670 1536 739 1577; x_wconf 86' lang='grc' dir='ltr'><strong><em>ἴνα</em></strong></span> <span class='ocrx_word' id='word_1_186' title='bbox 777 1536 886 1590; x_wconf 80' lang='grc' dir='ltr'><strong><em>πάρα</em></strong></span> <span class='ocrx_word' id='word_1_187' title='bbox 921 1535 996 1589; x_wconf 82' lang='grc' dir='ltr'><strong><em>μὲν</em></strong></span> <span class='ocrx_word' id='word_1_188' title='bbox 1041 1536 1107 1577; x_wconf 85' lang='grc' dir='ltr'><strong><em>καὶ</em></strong></span> <span class='ocrx_word' id='word_1_189' title='bbox 1143 1538 1302 1591; x_wconf 79' lang='grc' dir='ltr'><strong><em>βατίδες</em></strong></span> <span class='ocrx_word' id='word_1_190' title='bbox 1339 1537 1406 1578; x_wconf 81' lang='grc' dir='ltr'><strong><em>καὶ</em></strong></span> <span class='ocrx_word' id='word_1_191' title='bbox 1443 1537 1549 1594; x_wconf 71' lang='grc' dir='ltr'><strong><em>λαγῴ</em></strong></span> <span class='ocrx_word' id='word_1_192' title='bbox 1589 1537 1658 1578; x_wconf 84' lang='grc' dir='ltr'><strong><em>καὶ</em></strong></span> 
     </span>
     <span class='ocr_line' id='line_1_24' title="bbox 71 1589 1653 1650; baseline 0.001 -17"><span class='ocrx_word' id='word_1_193' title='bbox 71 1589 255 1647; x_wconf 76' lang='grc' dir='ltr'><strong><em>κάραβοι.</em></strong></span> <span class='ocrx_word' id='word_1_194' title='bbox 287 1595 536 1636; x_wconf 75' lang='lat' dir='ltr'>Fritzsehius</span> <span class='ocrx_word' id='word_1_195' title='bbox 567 1595 674 1645; x_wconf 83' lang='lat' dir='ltr'><strong><em>apud</em></strong></span> <span class='ocrx_word' id='word_1_196' title='bbox 705 1596 970 1646; x_wconf 84' lang='lat' dir='ltr'>Toeppelium</span> <span class='ocrx_word' id='word_1_197' title='bbox 1001 1610 1039 1646; x_wconf 92' lang='lat' dir='ltr'><strong><em>p.</em></strong></span> <span class='ocrx_word' id='word_1_198' title='bbox 1074 1597 1125 1635; x_wconf 84' lang='lat'><strong><em>67</em></strong></span> <span class='ocrx_word' id='word_1_199' title='bbox 1157 1594 1265 1647; x_wconf 76' lang='grc' dir='ltr'><strong><em>παρὰ</em></strong></span> <span class='ocrx_word' id='word_1_200' title='bbox 1304 1594 1348 1635; x_wconf 83' lang='grc' dir='ltr'><strong><em>δὲ</em></strong></span> <span class='ocrx_word' id='word_1_201' title='bbox 1389 1600 1444 1650; x_wconf 74' lang='grc' dir='ltr'><strong><em>τῷ</em></strong></span> <span class='ocrx_word' id='word_1_202' title='bbox 1472 1611 1515 1648; x_wconf 93' lang='grc' dir='ltr'><strong><em>γε</em></strong></span> <span class='ocrx_word' id='word_1_203' title='bbox 1545 1598 1653 1636; x_wconf 87' lang='grc' dir='ltr'><strong><em>Καλ-</em></strong></span> 
     </span>
     <span class='ocr_line' id='line_1_25' title="bbox 72 1646 1656 1706; baseline 0.001 -15"><span class='ocrx_word' id='word_1_204' title='bbox 72 1649 215 1692; x_wconf 75' lang='grc' dir='ltr'><strong><em>λιάδου</em></strong></span> <span class='ocrx_word' id='word_1_205' title='bbox 259 1650 385 1703; x_wconf 84' lang='grc' dir='ltr'><strong><em>πολλὴ</em></strong></span> <span class='ocrx_word' id='word_1_206' title='bbox 430 1649 481 1703; x_wconf 88' lang='grc' dir='ltr'><strong><em>δὴ</em></strong></span> <span class='ocrx_word' id='word_1_207' title='bbox 527 1651 726 1703; x_wconf 85' lang='grc' dir='ltr'><strong><em>θυμηδία,</em></strong></span> <span class='ocrx_word' id='word_1_208' title='bbox 764 1651 941 1706; x_wconf 78' lang='grc' dir='ltr'><strong><em>Ιῖναπερ</em></strong></span> <span class='ocrx_word' id='word_1_209' title='bbox 973 1650 1061 1706; x_wconf 82' lang='grc' dir='ltr'><strong><em>(ἴνα</em></strong></span> <span class='ocrx_word' id='word_1_210' title='bbox 1106 1646 1199 1705; x_wconf 77' lang='grc' dir='ltr'><strong><em>παρ’</em></strong></span> <span class='ocrx_word' id='word_1_211' title='bbox 1242 1655 1415 1693; x_wconf 88' lang='lat' dir='ltr'>Meinek.</span> <span class='ocrx_word' id='word_1_212' title='bbox 1455 1654 1517 1697; x_wconf 81' lang='lat' dir='ltr'>ed,</span> <span class='ocrx_word' id='word_1_213' title='bbox 1558 1655 1656 1696; x_wconf 89' lang='lat' dir='ltr'>min.</span> 
     </span>
     <span class='ocr_line' id='line_1_26' title="bbox 73 1707 1656 1765; baseline 0.001 -17"><span class='ocrx_word' id='word_1_214' title='bbox 73 1709 130 1749; x_wconf 88' lang='lat' dir='ltr'><strong><em>IX</em></strong></span> <span class='ocrx_word' id='word_1_215' title='bbox 171 1712 212 1750; x_wconf 79' lang='lat' dir='ltr'>et</span> <span class='ocrx_word' id='word_1_216' title='bbox 248 1710 445 1750; x_wconf 76' lang='lat' dir='ltr'>Fritzseh.</span> <span class='ocrx_word' id='word_1_217' title='bbox 479 1710 639 1761; x_wconf 73' lang='lat' dir='ltr'><strong>Fmgm.</strong></span> <span class='ocrx_word' id='word_1_218' title='bbox 671 1711 774 1762; x_wconf 89' lang='lat' dir='ltr'><strong>Eup.</strong></span> <span class='ocrx_word' id='word_1_219' title='bbox 811 1707 882 1764; x_wconf 88' lang='lat'><strong><em>10)</em></strong></span> <span class='ocrx_word' id='word_1_220' title='bbox 913 1707 1011 1762; x_wconf 77' lang='grc' dir='ltr'><strong><em>ἡμῖν</em></strong></span> <span class='ocrx_word' id='word_1_221' title='bbox 1041 1708 1108 1749; x_wconf 84' lang='grc' dir='ltr'><strong><em>καὶ</em></strong></span> <span class='ocrx_word' id='word_1_222' title='bbox 1146 1710 1306 1762; x_wconf 80' lang='grc' dir='ltr'><strong><em>βατίδες</em></strong></span> <span class='ocrx_word' id='word_1_223' title='bbox 1345 1709 1413 1750; x_wconf 84' lang='grc' dir='ltr'><strong><em>καὶ</em></strong></span> <span class='ocrx_word' id='word_1_224' title='bbox 1449 1708 1553 1765; x_wconf 71' lang='grc' dir='ltr'><strong><em>λαγῴ</em></strong></span> <span class='ocrx_word' id='word_1_225' title='bbox 1589 1709 1656 1749; x_wconf 83' lang='grc' dir='ltr'><strong><em>καὶ</em></strong></span> 
     </span>
     <span class='ocr_line' id='line_1_27' title="bbox 71 1765 1655 1821; baseline 0 -15"><span class='ocrx_word' id='word_1_226' title='bbox 71 1765 243 1820; x_wconf 79' lang='grc' dir='ltr'><strong><em>κάραβοι</em></strong></span> <span class='ocrx_word' id='word_1_227' title='bbox 276 1765 282 1819; x_wconf 86' lang='grc' dir='ltr'>Ι</span> <span class='ocrx_word' id='word_1_228' title='bbox 316 1769 399 1807; x_wconf 85' lang='grc' dir='ltr'><strong><em>κτλ.</em></strong></span> <span class='ocrx_word' id='word_1_229' title='bbox 439 1765 546 1819; x_wconf 84' lang='grc' dir='ltr'><strong><em>παρὰ</em></strong></span> <span class='ocrx_word' id='word_1_230' title='bbox 586 1766 644 1821; x_wconf 78' lang='grc' dir='ltr'><strong><em>τῷ</em></strong></span> <span class='ocrx_word' id='word_1_231' title='bbox 685 1766 916 1807; x_wconf 76' lang='grc' dir='ltr'><strong><em>Καλλιάδου</em></strong></span> <span class='ocrx_word' id='word_1_232' title='bbox 960 1769 1062 1807; x_wconf 90' lang='lat' dir='ltr'>nihil</span> <span class='ocrx_word' id='word_1_233' title='bbox 1099 1769 1207 1807; x_wconf 86' lang='lat' dir='ltr'>aliud</span> <span class='ocrx_word' id='word_1_234' title='bbox 1247 1782 1331 1808; x_wconf 88' lang='lat' dir='ltr'>esse</span> <span class='ocrx_word' id='word_1_235' title='bbox 1369 1769 1655 1818; x_wconf 74' lang='lat' dir='ltr'>interpretatur</span> 
     </span>
     <span class='ocr_line' id='line_1_28' title="bbox 71 1822 1653 1879; baseline 0 -15"><span class='ocrx_word' id='word_1_236' title='bbox 71 1838 192 1876; x_wconf 83' lang='lat' dir='ltr'><strong>quam</strong></span> <span class='ocrx_word' id='word_1_237' title='bbox 223 1822 333 1878; x_wconf 72' lang='grc' dir='ltr'><strong><em>παρὰ</em></strong></span> <span class='ocrx_word' id='word_1_238' title='bbox 366 1830 420 1879; x_wconf 73' lang='grc' dir='ltr'><strong><em>τῷ</em></strong></span> <span class='ocrx_word' id='word_1_239' title='bbox 451 1823 624 1878; x_wconf 71' lang='grc' dir='ltr'><strong><em>Καλλίας</em></strong></span> <span class='ocrx_word' id='word_1_240' title='bbox 657 1826 834 1876; x_wconf 87' lang='lat' dir='ltr'>Eupolin</span> <span class='ocrx_word' id='word_1_241' title='bbox 864 1826 969 1865; x_wconf 90' lang='lat' dir='ltr'>enim</span> <span class='ocrx_word' id='word_1_242' title='bbox 1002 1825 1150 1864; x_wconf 83' lang='lat' dir='ltr'>Galliae</span> <span class='ocrx_word' id='word_1_243' title='bbox 1180 1828 1335 1876; x_wconf 76' lang='lat' dir='ltr'>patrem</span> <span class='ocrx_word' id='word_1_244' title='bbox 1373 1825 1532 1865; x_wconf 87' lang='lat' dir='ltr'>finxisse</span> <span class='ocrx_word' id='word_1_245' title='bbox 1565 1825 1653 1865; x_wconf 80' lang='lat' dir='ltr'>Cal-</span> 
     </span>
     <span class='ocr_line' id='line_1_29' title="bbox 71 1882 1652 1923; baseline -0.001 -2"><span class='ocrx_word' id='word_1_246' title='bbox 71 1882 232 1922; x_wconf 82' lang='lat' dir='ltr'>liadem.</span> <span class='ocrx_word' id='word_1_247' title='bbox 265 1895 350 1922; x_wconf 89' lang='lat' dir='ltr'><strong><em>non</em></strong></span> <span class='ocrx_word' id='word_1_248' title='bbox 370 1882 501 1922; x_wconf 86' lang='lat' dir='ltr'>credo.</span> <span class='ocrx_word' id='word_1_249' title='bbox 535 1882 729 1922; x_wconf 82' lang='lat' dir='ltr'>Calliades</span> <span class='ocrx_word' id='word_1_250' title='bbox 758 1896 898 1923; x_wconf 88' lang='lat' dir='ltr'>verum</span> <span class='ocrx_word' id='word_1_251' title='bbox 928 1896 1076 1921; x_wconf 89' lang='lat' dir='ltr'>nomen</span> <span class='ocrx_word' id='word_1_252' title='bbox 1106 1885 1167 1921; x_wconf 75' lang='lat' dir='ltr'><strong><em>est</em></strong></span> <span class='ocrx_word' id='word_1_253' title='bbox 1196 1882 1299 1921; x_wconf 78' lang='lat' dir='ltr'><strong>Plat.</strong></span> <span class='ocrx_word' id='word_1_254' title='bbox 1322 1883 1453 1921; x_wconf 85' lang='lat' dir='ltr'>Aleib.</span> <span class='ocrx_word' id='word_1_255' title='bbox 1478 1883 1499 1921; x_wconf 95' lang='lat' dir='ltr'>I</span> <span class='ocrx_word' id='word_1_256' title='bbox 1530 1884 1608 1921; x_wconf 93' lang='grc'><strong><em>119</em></strong></span> <span class='ocrx_word' id='word_1_257' title='bbox 1619 1895 1652 1921; x_wconf 80' lang='lat' dir='ltr'><strong><em>a.</em></strong></span> 
     </span>
     <span class='ocr_line' id='line_1_30' title="bbox 71 1936 1651 1991; baseline -0.001 -12"><span class='ocrx_word' id='word_1_258' title='bbox 71 1939 188 1985; x_wconf 78' lang='lat' dir='ltr'><strong>Phot.</strong></span> <span class='ocrx_word' id='word_1_259' title='bbox 210 1938 416 1991; x_wconf 78' lang='grc' dir='ltr'><strong><em>θυμηδία·</em></strong></span> <span class='ocrx_word' id='word_1_260' title='bbox 439 1936 593 1990; x_wconf 80' lang='grc' dir='ltr'><strong><em>τέρψις,</em></strong></span> <span class='ocrx_word' id='word_1_261' title='bbox 615 1937 765 1990; x_wconf 81' lang='grc' dir='ltr'><strong><em>τρυφή,</em></strong></span> <span class='ocrx_word' id='word_1_262' title='bbox 789 1936 1003 1987; x_wconf 79' lang='grc' dir='ltr'><strong><em>εὖφρασία.</em></strong></span> <span class='ocrx_word' id='word_1_263' title='bbox 1035 1938 1311 1987; x_wconf 79' lang='grc' dir='ltr'><strong><em>εἱλίποδες,</em></strong></span> <span class='ocrx_word' id='word_1_264' title='bbox 1342 1952 1421 1989; x_wconf 92' lang='lat' dir='ltr'><strong><em>quo</em></strong></span> <span class='ocrx_word' id='word_1_265' title='bbox 1444 1939 1492 1977; x_wconf 89' lang='lat' dir='ltr'>de</span> <span class='ocrx_word' id='word_1_266' title='bbox 1523 1939 1651 1978; x_wconf 87' lang='lat' dir='ltr'><strong>bubus</strong></span> 
     </span>
     <span class='ocr_line' id='line_1_31' title="bbox 71 1996 1651 2048; baseline -0.001 -13"><span class='ocrx_word' id='word_1_267' title='bbox 71 2010 169 2038; x_wconf 87' lang='lat' dir='ltr'><strong><em>usus</em></strong></span> <span class='ocrx_word' id='word_1_268' title='bbox 200 2002 263 2036; x_wconf 76' lang='lat' dir='ltr'>est</span> <span class='ocrx_word' id='word_1_269' title='bbox 292 1997 493 2036; x_wconf 87' lang='lat' dir='ltr'>Homerus</span> <span class='ocrx_word' id='word_1_270' title='bbox 524 1996 716 2048; x_wconf 78' lang='lat' dir='ltr'>epitheto,</span> <span class='ocrx_word' id='word_1_271' title='bbox 750 1997 799 2035; x_wconf 86' lang='lat' dir='ltr'><strong><em>ad</em></strong></span> <span class='ocrx_word' id='word_1_272' title='bbox 830 1997 1016 2035; x_wconf 86' lang='lat' dir='ltr'>mulieres</span> <span class='ocrx_word' id='word_1_273' title='bbox 1047 1997 1238 2035; x_wconf 79' lang='lat' dir='ltr'>obscaeno</span> <span class='ocrx_word' id='word_1_274' title='bbox 1270 1996 1438 2035; x_wconf 74' lang='lat' dir='ltr'>detorsit</span> <span class='ocrx_word' id='word_1_275' title='bbox 1473 1996 1651 2046; x_wconf 81' lang='lat' dir='ltr'>Eupolis.</span> 
     </span>
     <span class='ocr_line' id='line_1_32' title="bbox 71 2053 1652 2105; baseline -0.001 -12"><span class='ocrx_word' id='word_1_276' title='bbox 71 2054 312 2105; x_wconf 74' lang='lat' dir='ltr'><strong><em>loquuntur,</em></strong></span> <span class='ocrx_word' id='word_1_277' title='bbox 353 2054 395 2092; x_wconf 90' lang='lat' dir='ltr'>in</span> <span class='ocrx_word' id='word_1_278' title='bbox 426 2054 610 2104; x_wconf 80' lang='lat' dir='ltr'>parabasi</span> <span class='ocrx_word' id='word_1_279' title='bbox 649 2056 697 2092; x_wconf 76' lang='lat' dir='ltr'><strong><em>ut</em></strong></span> <span class='ocrx_word' id='word_1_280' title='bbox 734 2054 922 2104; x_wconf 80' lang='lat' dir='ltr'>videntur</span> <span class='ocrx_word' id='word_1_281' title='bbox 952 2066 1053 2103; x_wconf 80' lang='lat' dir='ltr'>quae</span> <span class='ocrx_word' id='word_1_282' title='bbox 1083 2054 1244 2104; x_wconf 88' lang='lat' dir='ltr'>proprie</span> <span class='ocrx_word' id='word_1_283' title='bbox 1282 2054 1448 2100; x_wconf 81' lang='lat' dir='ltr'>dieitur,</span> <span class='ocrx_word' id='word_1_284' title='bbox 1488 2053 1652 2103; x_wconf 75' lang='lat' dir='ltr'>parasiti</span> 
     </span>
     <span class='ocr_line' id='line_1_33' title="bbox 72 2102 1652 2163; baseline -0.002 -12"><span class='ocrx_word' id='word_1_285' title='bbox 72 2112 186 2162; x_wconf 82' lang='lat' dir='ltr'>quasi</span> <span class='ocrx_word' id='word_1_286' title='bbox 199 2111 364 2162; x_wconf 80' lang='lat' dir='ltr'>quidam</span> <span class='ocrx_word' id='word_1_287' title='bbox 380 2102 601 2163; x_wconf 78' lang='grc' dir='ltr'><strong><em>ὀψοφάγοι,</em></strong></span> <span class='ocrx_word' id='word_1_288' title='bbox 619 2109 916 2162; x_wconf 82' lang='grc' dir='ltr'><strong><em>βατιδοσκόποι,</em></strong></span> <span class='ocrx_word' id='word_1_289' title='bbox 935 2110 1178 2161; x_wconf 83' lang='grc' dir='ltr'><strong><em>ἰχθυολῦμαι</em></strong></span> <span class='ocrx_word' id='word_1_290' title='bbox 1197 2109 1422 2161; x_wconf 78' lang='lat' dir='ltr'>(Aristoph.</span> <span class='ocrx_word' id='word_1_291' title='bbox 1437 2106 1652 2163; x_wconf 79' lang='lat' dir='ltr'><strong>Pac.810).</strong></span> 
     </span>
    </p>
   </div>
   <div class='ocr_carea' id='block_1_6' title="bbox 511 2245 1152 2519">
    <p class='ocr_par' dir='ltr' id='par_1_6' title="bbox 511 2245 1152 2519">
     <span class='ocr_line' id='line_1_34' title="bbox 827 2245 908 2287; baseline 0 0"><span class='ocrx_word' id='word_1_292' title='bbox 827 2245 908 2287; x_wconf 81' lang='lat'><strong><em>162</em></strong></span> 
     </span>
     <span class='ocr_line' id='line_1_35' title="bbox 555 2319 1092 2381; baseline 0 -14"><span class='ocrx_word' id='word_1_293' title='bbox 555 2323 611 2367; x_wconf 85' lang='grc' dir='ltr'><strong><em>οὐ</em></strong></span> <span class='ocrx_word' id='word_1_294' title='bbox 642 2327 735 2380; x_wconf 86' lang='grc' dir='ltr'><strong><em>πῦρ</em></strong></span> <span class='ocrx_word' id='word_1_295' title='bbox 767 2319 876 2367; x_wconf 78' lang='grc' dir='ltr'><strong><em>οὐδὲ</em></strong></span> <span class='ocrx_word' id='word_1_296' title='bbox 907 2324 1092 2381; x_wconf 88' lang='grc' dir='ltr'><strong><em>σίδηρος</em></strong></span> 
     </span>
     <span class='ocr_line' id='line_1_36' title="bbox 511 2390 1095 2448; baseline -0.002 -13"><span class='ocrx_word' id='word_1_297' title='bbox 511 2417 515 2422; x_wconf 90' lang='grc'>-</span> <span class='ocrx_word' id='word_1_298' title='bbox 558 2390 666 2436; x_wconf 82' lang='grc' dir='ltr'><strong><em>οὐδὲ</em></strong></span> <span class='ocrx_word' id='word_1_299' title='bbox 697 2393 862 2448; x_wconf 84' lang='grc' dir='ltr'><strong><em>χαλκὸς</em></strong></span> <span class='ocrx_word' id='word_1_300' title='bbox 892 2392 1095 2448; x_wconf 73' lang='grc' dir='ltr'><strong><em>ἀπείργει</em></strong></span> 
     </span>
     <span class='ocr_line' id='line_1_37' title="bbox 555 2460 1152 2519; baseline -0.002 -15"><span class='ocrx_word' id='word_1_301' title='bbox 555 2460 614 2519; x_wconf 83' lang='grc' dir='ltr'><strong><em>μὴ</em></strong></span> <span class='ocrx_word' id='word_1_302' title='bbox 646 2463 814 2518; x_wconf 73' lang='grc' dir='ltr'><strong><em>φοιτᾶν</em></strong></span> <span class='ocrx_word' id='word_1_303' title='bbox 845 2461 918 2504; x_wconf 83' lang='grc' dir='ltr'><strong><em>ἐπὶ</em></strong></span> <span class='ocrx_word' id='word_1_304' title='bbox 949 2462 1152 2504; x_wconf 77' lang='grc' dir='ltr'><strong><em>δεῖπνον.</em></strong></span> 
     </span>
    </p>
   </div>
   <div class='ocr_carea' id='block_1_7' title="bbox 72 2538 1650 2941">
    <p class='ocr_par' dir='ltr' id='par_1_7' title="bbox 72 2538 1650 2941">
     <span class='ocr_line' id='line_1_38' title="bbox 187 2538 1649 2598; baseline -0.004 -12"><span class='ocrx_word' id='word_1_305' title='bbox 187 2547 427 2586; x_wconf 75' lang='lat' dir='ltr'><strong><em>Plutarchus</em></strong></span> <span class='ocrx_word' id='word_1_306' title='bbox 436 2546 665 2586; x_wconf 82' lang='lat' dir='ltr'>Mor.778e</span> <span class='ocrx_word' id='word_1_307' title='bbox 681 2538 912 2598; x_wconf 72' lang='grc' dir='ltr'><strong><em>ὥσπεροῦν</em></strong></span> <span class='ocrx_word' id='word_1_308' title='bbox 932 2542 1016 2583; x_wconf 82' lang='grc' dir='ltr'><strong><em>τοὺ</em></strong></span> <span class='ocrx_word' id='word_1_309' title='bbox 1029 2559 1048 2591; x_wconf 87' lang='grc' dir='ltr'><strong><em>ς</em></strong></span> <span class='ocrx_word' id='word_1_310' title='bbox 1070 2542 1289 2582; x_wconf 86' lang='grc' dir='ltr'><strong><em>Καλλίου</em></strong></span> <span class='ocrx_word' id='word_1_311' title='bbox 1310 2539 1649 2596; x_wconf 82' lang='grc' dir='ltr'><strong><em>κωμῳδουμένους</em></strong></span> 
     </span>
     <span class='ocr_line' id='line_1_39' title="bbox 72 2597 1649 2657; baseline -0.004 -14"><span class='ocrx_word' id='word_1_312' title='bbox 72 2600 293 2652; x_wconf 86' lang='grc' dir='ltr'><strong><em>κόλακας</em></strong></span> <span class='ocrx_word' id='word_1_313' title='bbox 324 2600 511 2657; x_wconf 84' lang='grc' dir='ltr'><strong><em>λέγουσιν</em></strong></span> <span class='ocrx_word' id='word_1_314' title='bbox 538 2599 586 2642; x_wconf 83' lang='grc' dir='ltr'><strong><em>οὐ</em></strong></span> <span class='ocrx_word' id='word_1_315' title='bbox 605 2607 700 2654; x_wconf 90' lang='grc' dir='ltr'><strong><em>πῦρ,</em></strong></span> <span class='ocrx_word' id='word_1_316' title='bbox 733 2598 780 2641; x_wconf 83' lang='grc' dir='ltr'><strong><em>οὐ</em></strong></span> <span class='ocrx_word' id='word_1_317' title='bbox 803 2601 978 2654; x_wconf 85' lang='grc' dir='ltr'><strong><em>σίδηρος,</em></strong></span> <span class='ocrx_word' id='word_1_318' title='bbox 1010 2597 1104 2640; x_wconf 81' lang='grc' dir='ltr'><strong><em>οὐδὲ</em></strong></span> <span class='ocrx_word' id='word_1_319' title='bbox 1125 2598 1266 2651; x_wconf 83' lang='grc' dir='ltr'><strong><em>χαλκὸς</em></strong></span> <span class='ocrx_word' id='word_1_320' title='bbox 1287 2598 1408 2652; x_wconf 78' lang='grc' dir='ltr'><strong><em>εἴργει</em></strong></span> <span class='ocrx_word' id='word_1_321' title='bbox 1427 2597 1480 2651; x_wconf 80' lang='grc' dir='ltr'><strong><em>μὴ</em></strong></span> <span class='ocrx_word' id='word_1_322' title='bbox 1502 2604 1649 2650; x_wconf 75' lang='grc' dir='ltr'><strong><em>φοιτᾶν</em></strong></span> 
     </span>
     <span class='ocr_line' id='line_1_40' title="bbox 74 2653 1650 2708; baseline -0.004 -8"><span class='ocrx_word' id='word_1_323' title='bbox 74 2659 138 2700; x_wconf 77' lang='grc' dir='ltr'><strong><em>ἐπὶ</em></strong></span> <span class='ocrx_word' id='word_1_324' title='bbox 169 2660 347 2708; x_wconf 83' lang='grc' dir='ltr'><strong><em>δεῖπνον,</em></strong></span> <span class='ocrx_word' id='word_1_325' title='bbox 378 2659 479 2700; x_wconf 73' lang='grc' dir='ltr'><strong><em>κατὰ</em></strong></span> <span class='ocrx_word' id='word_1_326' title='bbox 511 2658 581 2700; x_wconf 90' lang='grc' dir='ltr'><strong><em>τὸν</em></strong></span> <span class='ocrx_word' id='word_1_327' title='bbox 611 2658 807 2699; x_wconf 75' lang='grc' dir='ltr'><strong><em>Εὔπολιν.</em></strong></span> <span class='ocrx_word' id='word_1_328' title='bbox 838 2660 944 2699; x_wconf 88' lang='lat' dir='ltr'>idem</span> <span class='ocrx_word' id='word_1_329' title='bbox 974 2659 1064 2699; x_wconf 84' lang='lat' dir='ltr'><strong><em>50d</em></strong></span> <span class='ocrx_word' id='word_1_330' title='bbox 1095 2654 1188 2696; x_wconf 82' lang='grc' dir='ltr'><strong><em>οὐδὲ</em></strong></span> <span class='ocrx_word' id='word_1_331' title='bbox 1209 2654 1302 2704; x_wconf 84' lang='grc' dir='ltr'><strong><em>τοὺς</em></strong></span> <span class='ocrx_word' id='word_1_332' title='bbox 1329 2653 1433 2707; x_wconf 78' lang='grc' dir='ltr'><strong><em>ἀμφὶ</em></strong></span> <span class='ocrx_word' id='word_1_333' title='bbox 1455 2655 1650 2695; x_wconf 85' lang='grc' dir='ltr'><strong><em>πλουσίαν</em></strong></span> 
     </span>
     <span class='ocr_line' id='line_1_41' title="bbox 73 2710 1647 2771; baseline -0.004 -14"><span class='ocrx_word' id='word_1_334' title='bbox 73 2715 271 2771; x_wconf 78' lang='grc' dir='ltr'><strong><em>τράπεζαν</em></strong></span> <span class='ocrx_word' id='word_1_335' title='bbox 301 2715 655 2771; x_wconf 79' lang='grc' dir='ltr'><strong><em>ἐγκυκλουμένους,</em></strong></span> <span class='ocrx_word' id='word_1_336' title='bbox 689 2714 762 2765; x_wconf 72' lang='grc' dir='ltr'><strong><em>οὓς</em></strong></span> <span class='ocrx_word' id='word_1_337' title='bbox 792 2713 840 2755; x_wconf 82' lang='grc' dir='ltr'><strong><em>οὐ</em></strong></span> <span class='ocrx_word' id='word_1_338' title='bbox 870 2721 967 2768; x_wconf 78' lang='grc' dir='ltr'><strong><em>πῦρ,</em></strong></span> <span class='ocrx_word' id='word_1_339' title='bbox 998 2712 1046 2754; x_wconf 82' lang='grc' dir='ltr'><strong><em>οὐ</em></strong></span> <span class='ocrx_word' id='word_1_340' title='bbox 1077 2714 1252 2766; x_wconf 88' lang='grc' dir='ltr'><strong><em>σίδαρος,</em></strong></span> <span class='ocrx_word' id='word_1_341' title='bbox 1274 2710 1368 2752; x_wconf 80' lang='grc' dir='ltr'><strong><em>οὐδὲ</em></strong></span> <span class='ocrx_word' id='word_1_342' title='bbox 1396 2711 1540 2764; x_wconf 87' lang='grc' dir='ltr'><strong><em>χαλκὸς</em></strong></span> <span class='ocrx_word' id='word_1_343' title='bbox 1572 2713 1647 2763; x_wconf 86' lang='grc' dir='ltr'><strong><em>εἴρ-</em></strong></span> 
     </span>
     <span class='ocr_line' id='line_1_42' title="bbox 72 2767 1647 2828; baseline -0.004 -14"><span class='ocrx_word' id='word_1_344' title='bbox 72 2789 133 2828; x_wconf 88' lang='grc' dir='ltr'><strong><em>γει</em></strong></span> <span class='ocrx_word' id='word_1_345' title='bbox 161 2773 216 2828; x_wconf 81' lang='grc' dir='ltr'><strong><em>μὴ</em></strong></span> <span class='ocrx_word' id='word_1_346' title='bbox 247 2781 394 2826; x_wconf 78' lang='grc' dir='ltr'><strong><em>φοιτᾶν</em></strong></span> <span class='ocrx_word' id='word_1_347' title='bbox 423 2773 488 2815; x_wconf 77' lang='grc' dir='ltr'><strong><em>ἐπὶ</em></strong></span> <span class='ocrx_word' id='word_1_348' title='bbox 517 2775 699 2814; x_wconf 83' lang='grc' dir='ltr'><strong><em>δεῖπνον.</em></strong></span> <span class='ocrx_word' id='word_1_349' title='bbox 724 2775 896 2814; x_wconf 78' lang='lat' dir='ltr'>correxit</span> <span class='ocrx_word' id='word_1_350' title='bbox 917 2773 1152 2812; x_wconf 87' lang='lat' dir='ltr'>Meinekius.</span> <span class='ocrx_word' id='word_1_351' title='bbox 1173 2767 1227 2810; x_wconf 74' lang='grc' dir='ltr'><strong><em>οἲν</em></strong></span> <span class='ocrx_word' id='word_1_352' title='bbox 1247 2769 1372 2823; x_wconf 82' lang='grc' dir='ltr'><strong><em>εἴργοι</em></strong></span> <span class='ocrx_word' id='word_1_353' title='bbox 1393 2771 1647 2821; x_wconf 81' lang='lat' dir='ltr'>Toeppelius.</span> 
     </span>
     <span class='ocr_line' id='line_1_43' title="bbox 74 2827 1646 2878; baseline -0.005 -5"><span class='ocrx_word' id='word_1_354' title='bbox 74 2846 213 2873; x_wconf 85' lang='lat' dir='ltr'>versus</span> <span class='ocrx_word' id='word_1_355' title='bbox 244 2836 340 2874; x_wconf 64' lang='lat' dir='ltr'><strong><em>sunt,</em></strong></span> <span class='ocrx_word' id='word_1_356' title='bbox 369 2834 634 2873; x_wconf 75' lang='lat' dir='ltr'>Pherecratei.</span> <span class='ocrx_word' id='word_1_357' title='bbox 668 2833 717 2872; x_wconf 86' lang='lat' dir='ltr'><strong><em>ef.</em></strong></span> <span class='ocrx_word' id='word_1_358' title='bbox 750 2831 898 2872; x_wconf 74' lang='lat' dir='ltr'>Cratet.</span> <span class='ocrx_word' id='word_1_359' title='bbox 922 2833 988 2870; x_wconf 88' lang='lat'><strong><em>33.</em></strong></span> <span class='ocrx_word' id='word_1_360' title='bbox 1021 2830 1204 2870; x_wconf 86' lang='lat' dir='ltr'>Phereer.</span> <span class='ocrx_word' id='word_1_361' title='bbox 1229 2830 1295 2867; x_wconf 82' lang='lat'><strong><em>79.</em></strong></span> <span class='ocrx_word' id='word_1_362' title='bbox 1328 2829 1375 2867; x_wconf 89' lang='lat' dir='ltr'>de</span> <span class='ocrx_word' id='word_1_363' title='bbox 1406 2827 1646 2878; x_wconf 83' lang='lat' dir='ltr'>proverbiali</span> 
     </span>
     <span class='ocr_line' id='line_1_44' title="bbox 74 2885 1646 2941; baseline -0.005 -11"><span class='ocrx_word' id='word_1_364' title='bbox 74 2891 234 2930; x_wconf 79' lang='lat' dir='ltr'>dicendi</span> <span class='ocrx_word' id='word_1_365' title='bbox 263 2903 412 2941; x_wconf 84' lang='lat' dir='ltr'>genere</span> <span class='ocrx_word' id='word_1_366' title='bbox 450 2890 676 2930; x_wconf 88' lang='lat' dir='ltr'>Meinekius</span> <span class='ocrx_word' id='word_1_367' title='bbox 715 2889 872 2930; x_wconf 80' lang='lat' dir='ltr'>confert</span> <span class='ocrx_word' id='word_1_368' title='bbox 910 2889 1007 2927; x_wconf 86' lang='lat' dir='ltr'>Hor.</span> <span class='ocrx_word' id='word_1_369' title='bbox 1040 2887 1166 2926; x_wconf 86' lang='lat' dir='ltr'>Serm.</span> <span class='ocrx_word' id='word_1_370' title='bbox 1202 2888 1244 2935; x_wconf 87' lang='grc'><strong><em>1,</em></strong></span> <span class='ocrx_word' id='word_1_371' title='bbox 1279 2889 1326 2937; x_wconf 88' lang='lat'><strong><em>1,</em></strong></span> <span class='ocrx_word' id='word_1_372' title='bbox 1359 2886 1425 2926; x_wconf 86' lang='grc'><strong><em>39.</em></strong></span> <span class='ocrx_word' id='word_1_373' title='bbox 1463 2885 1646 2934; x_wconf 81' lang='lat' dir='ltr'>Propert.</span> 
     </span>
    </p>
   </div>
  </div>
 </body>
</html>
