1872 3224
749 142 1060 203 ΒΑΒΤΛῼΝῙΟΙ
1603 174 1683 218 411

893 270 948 313 74

329 343 475 400 μέσην
506 346 652 401 ἔρειδε
683 346 796 405 πρὸς
825 348 875 393 τὰ
908 351 1055 406 σιμόν.

235 427 366 472 Sobel.
406 428 578 481 Lysistr.
614 432 695 471 288
735 431 867 484 σιμός·
907 432 949 474 τὸ
986 434 1104 487 σιμὸν
1142 434 1269 486 ὄνομα
1307 438 1451 492 χωρίου
1487 438 1577 493 περὶ
1616 440 1691 494 τὴν

72 516 74 518 .
118 482 352 538 ἀκρόπολιν.
386 483 431 525 τὸ
462 485 580 539 σιμὸν
608 484 698 528 ἀντὶ
728 496 800 529 τοῦ
820 490 1040 543 πρόσαντες
1064 523 1071 532 .
1096 524 1105 533 .
1128 524 1137 534 .
1161 492 1227 533 καὶ
1249 492 1292 534 ἐν
1314 497 1586 549 Βαβυλωνίοις
1607 502 1687 539 κτλ.

121 543 267 585 Suidas
298 541 432 597 σιμός·
464 540 733 599 ὅπροσάντης
763 546 894 596 τόπος.
926 548 993 589 καὶ
1013 549 1127 602 σιμὸν
1148 547 1374 602 οὐδετέρως.
1404 550 1689 608 Ἀριστοφάνης

121 599 167 642 ἐν
196 601 492 655 Βαβυλωνίοις·
522 599 649 655 μέσην
679 607 760 645 κτλ.
793 606 958 647 Photius
991 609 1085 658 512,
1118 611 1142 649 8
1187 612 1228 648 et
1266 610 1506 651 Bachmann.
1541 615 1687 656 Anecd.

118 659 140 700 I
170 660 267 710 364,
300 661 353 700 22
385 658 523 712 σιμόν·
553 658 736 710 ἄναντες.
786 660 914 711 οὕτως
942 661 1242 717 Ἀριστοφάνης.
1281 667 1452 719 Hesyeh.
1485 668 1617 720 σιμόν·
1650 670 1690 710 τὸ

120 714 344 771 πρόσαντες
376 718 535 772 χωρίον.
567 732 668 770 quae
698 722 740 760 in
761 722 962 762 codicibus
984 722 1128 763 Suidae
1151 726 1189 763 et
1209 725 1445 765 scholiorum
1464 730 1556 777 post
1576 724 1691 779 σιμόν

120 776 322 828 leguntur*
343 775 413 817 καὶ
441 774 570 816 πλατὺ
603 774 647 816 ἐν
670 777 817 830 νίκαις,
849 792 894 818 ea
924 793 971 819 ex
1001 778 1067 819 καὶ
1090 779 1261 820 Πλάτων
1291 779 1334 820 ἒν
1356 781 1503 831 Νίκαις
1524 783 1591 835 (fr.
1618 782 1688 839 79)

121 833 280 874 detorta
323 848 409 876 esse
453 835 670 875 Elmsleius
708 837 866 876 monuit
910 838 1007 876 Ach.
1041 839 1134 878 377.
1200 840 1276 878 etsi
1321 840 1485 879 verbum
1526 839 1691 894 ἐρείδειν

121 904 240 942 saepe
270 891 319 931 de
349 894 457 932 coitu
478 895 702 943 usurpatur,
736 895 800 933 hic
820 897 953 934 tamen
983 895 1083 934 nihil
1110 897 1216 936 inest
1245 896 1540 946 obscaenitatis,
1570 912 1686 949 quam

121 951 218 989 sunt
246 950 316 1000 qui
347 951 510 990 comicis
542 951 663 990 etiam
694 952 832 992 invitis
863 953 1094 992 obizrudant.
1135 956 1195 993 est
1215 954 1321 992 enim
1342 956 1481 994 acriter
1494 957 1689 1006 proqredi,

121 1009 169 1046 ut
197 1007 247 1046 fr.
280 1009 378 1048 493.
411 1009 460 1048 cf.
493 1008 616 1047 etiam
645 1008 745 1048 Rau.
771 1010 865 1057 914,
899 1012 939 1049 et
959 1007 1001 1048 τὸ
1033 1008 1152 1062 σιμόν
1171 1012 1421 1061 grammatici
1442 1014 1548 1052 reete
1568 1013 1687 1052 inter·

120 1066 334 1116 protantur
363 1067 506 1106 clivum
534 1068 639 1106 ‘arcis
668 1066 930 1106 Asshenarum
969 1068 1018 1107 cf.
1050 1068 1144 1119 Lys.
1173 1068 1265 1108 288.
1298 1068 1398 1108 Plat.
1426 1069 1491 1108 79.
1522 1069 1688 1120 Dionys.

119 1123 161 1172 4,
192 1123 220 1162 4
249 1120 348 1175 πρὸς
379 1121 422 1162 τὸ
453 1121 571 1175 σιμὸν
600 1119 843 1177 ἀνατρέχειν.
894 1125 1001 1164 Plut.
1040 1124 1247 1165 Demosth.
1282 1127 1331 1164 11
1372 1117 1444 1176 τὴν
1473 1123 1616 1177 φωνὴν
1646 1124 1690 1166 έν

121 1182 203 1228 τοῖς
241 1178 405 1233 δρόμοις
444 1179 721 1234 γυμνάζεσθαι
758 1179 826 1221 καὶ
855 1185 941 1229 ταῖς
979 1179 1077 1234 πρὸς
1115 1180 1161 1221 τὰ
1202 1179 1295 1234 σιμὰ
1326 1181 1591 1235 προσβάσεσι,
1623 1184 1689 1223 ubi

121 1238 229 1278 idem
268 1239 396 1279 clivus
434 1239 652 1291 significari
682 1240 865 1280 videtur:
897 1253 1137 1291 quamquam
1168 1240 1287 1279 etiam
1318 1240 1385 1279 alii
1416 1241 1507 1280 clivi
1537 1241 1594 1280 ita
1623 1241 1689 1280 ad-

121 1295 378 1347 pellabantur
409 1297 526 1349 (Xen.
560 1297 665 1336 Hell.
697 1298 737 1349 4,
771 1298 808 1346 3,
843 1298 928 1347 23).
959 1294 1095 1349 μέσην,
1128 1299 1153 1336 i.
1186 1310 1219 1339 e.
1252 1292 1359 1336 ὁδόν.

892 1409 947 1452 75

331 1489 510 1533 ἐννεύει
540 1506 595 1546 με
627 1489 819 1546 φεύγειν
848 1489 1015 1532 οἴκαδε.

238 1574 468 1615 Priscianus
512 1576 576 1623 18,
610 1575 692 1613 207
724 1571 1008 1623 Aristophanes
1038 1575 1083 1613 in
1113 1573 1344 1623 Babyloniis
1375 1603 1383 1611 .
1417 1601 1425 1610 .
1459 1603 1467 1611 .
1499 1586 1568 1613 nos
1598 1587 1689 1622 ‹suo-

123 1644 195 1682 que
225 1633 404 1672 similiter
434 1634 594 1672 ‘adnuit
623 1644 683 1671 me
711 1631 845 1682 fugere
877 1631 1063 1671 domum'.
1095 1631 1179 1670 sine
1210 1630 1353 1670 idonea
1374 1643 1488 1669 causa
1510 1643 1596 1669 cum
1618 1631 1690 1669 hoc

71 1731 73 1733 ,
121 1690 173 1729 fr.
206 1691 288 1729 616
328 1690 537 1741 coniungit
575 1689 820 1728 Fritzschius
860 1689 958 1728 Bab.
1000 1689 1053 1727 45
1093 1690 1178 1727 not.
1218 1689 1284 1727 33.
1339 1684 1517 1726 ἕννεύειν
1546 1688 1691 1726 Atticis

122 1747 206 1787 fere
235 1748 422 1798 ignoizum
453 1748 560 1786 idem
591 1747 782 1798 exemplis
813 1746 977 1785 Lucian.
1010 1745 1112 1784 Dial.
1143 1746 1302 1784 meretr.
1327 1746 1391 1792 12,
1417 1746 1437 1782 1
1469 1747 1510 1783 et
1536 1744 1686 1790 Evang.

81 1822 84 1824 ·
122 1804 221 1845 Luc.
258 1807 295 1858 1,
328 1806 380 1845 62
412 1805 659 1845 inlustravit.

891 1903 944 1946 76

330 1987 393 2037 εἰς
423 1983 570 2041 ἄχυρα
600 1983 676 2027 καὶ
706 1986 850 2039 χνοῦν

237 2070 382 2110 Pollux
405 2071 470 2119 10,
494 2070 547 2108 38
579 2066 707 2115 εἴποις
738 2063 776 2104 δ’
808 2063 862 2105 ἂν
891 2060 999 2117 οἶμαι
1028 2063 1095 2104 καὶ
1123 2069 1248 2116 χνοῦν
1279 2094 1287 2102 .
1313 2095 1320 2103 .
1346 2095 1354 2103 .
1388 2062 1551 2103 ἐπὶτῶν
1569 2065 1688 2114 μαλα-

124 2133 232 2179 κῶν,
272 2124 583 2180 Ἀριστοφάνους
623 2123 803 2173 εἰπόντος
841 2121 915 2176 μὲν
953 2121 997 2162 ἕν
1040 2121 1426 2183 Βαβυλωνίοιςντλ.
1477 2121 1524 2161 cf.
1568 2121 1690 2160 Bach-

124 2199 260 2226 mann.
293 2185 444 2225 Anecd.
476 2183 496 2222 I
526 2184 621 2232 418,
656 2184 708 2221 24
739 2187 880 2234 χνοῦν·
915 2178 956 2221 τὸ
985 2177 1128 2219 λεπτὸν
1159 2184 1228 2218 τοῦ
1257 2174 1417 2230 ἀχυρου.
1455 2174 1687 2229 Ἀριστοφά-

122 2251 210 2292 νης.
262 2243 311 2284 cf.
349 2241 457 2293 Nub.
491 2241 585 2281 978.
637 2240 796 2281 videtur
833 2252 928 2280 usus
964 2251 1048 2278 esse
1086 2238 1299 2287 proverbio
1335 2233 1429 2283 ὄνος
1466 2235 1520 2282 εἰς
1549 2232 1688 2301 ἄχυρα.

67 2302 73 2307 ’
121 2301 301 2348 Photius‚
335 2299 491 2346 Suidas,
525 2298 710 2348 Apostol.
745 2298 809 2346 12,
844 2297 895 2336 78
926 2293 1017 2342 ὄνος
1050 2294 1105 2342 εἰς
1134 2291 1283 2345 ἄχυρα·
1315 2291 1379 2332 ἐπὶ
1408 2297 1488 2331 τῶν
1507 2305 1590 2359 παρ
1626 2289 1684 2329 ἕλ-

122 2356 244 2405 πίδας
276 2357 332 2405 εἰς
362 2353 500 2409 ἀγαθὰ
531 2350 808 2406 ἐμπιπτόντων
836 2352 903 2393 καὶ
939 2350 1091 2399 τούτοις
1128 2349 1426 2396 ἀπολαυστικῶς
1463 2361 1685 2399 χρωμενων.

122 2416 292 2455 Bekker.
333 2414 486 2454 Anecd.
522 2415 564 2460 7,
598 2414 651 2452 23
689 2408 714 2462 ἡ
753 2411 964 2463 παροιμία·
998 2403 1103 2456 οἶνος
1142 2406 1248 2460 (ὄνος
1280 2407 1449 2446 Meinek.
1483 2405 1686 2444 Menandr.

124 2486 164 2523 p.
197 2472 298 2524 425)
330 2471 388 2519 εἰς
416 2465 582 2522 α’χυρόν.
614 2470 849 2520 Diogenian.
883 2471 919 2516 6,
943 2470 994 2507 91
1027 2463 1144 2516 ξυρός
1175 2464 1230 2511 εἰς
1259 2460 1436 2514 ἀκόνην·
1469 2459 1569 2530 πρὸς
1598 2458 1687 2508 τοὺς

127 2523 189 2569 ὧν
218 2529 432 2582 βούλονται
463 2523 745 2579 τυγχάνοντας.
798 2523 912 2574 ὁμοία
942 2529 989 2577 τῇ
1020 2521 1110 2570 ὄνος
1151 2522 1205 2568 εἰς
1249 2519 1391 2571 ἄχυρα.
1434 2520 1462 2558 Ο
1511 2531 1572 2556 επι
1610 2523 1690 2556 τῶν

123 2582 364 2640 ἀδηφάγων.
396 2587 446 2626 cf.
479 2586 602 2635 Vesp.
640 2585 761 2624 1310.
796 2583 962 2622 Philam.
994 2582 1139 2620 Athen.
1173 2581 1211 2630 2,
1246 2580 1341 2617 528.
1375 2577 1447 2627 Eq.
1481 2577 1574 2614 254.

894 2694 945 2736 77

332 2777 417 2834 τήν
448 2776 592 2824 αὑτοῦ
622 2774 757 2819 σκιὰν
788 2774 1004 2817 δέδοικεν.

242 2860 306 2902 ἐπὶ
337 2867 418 2902 τῶν
448 2855 606 2912 σφόδρα
637 2854 889 2898 ὃειλοτάτων·
919 2853 1111 2907 μέμνηται
1141 2850 1284 2901 ταύτης
1302 2844 1587 2902 Ἀριστοφάνης
1610 2848 1687 2886 Βα-
