1872 3224
211 201 295 244 272
844 189 1143 226 ΕΤΠΟΑῘΔΟΣ

972 292 1028 335 58

411 381 572 434 δίφρος
603 369 877 425 Θετταλικὸς
907 372 1159 428 τετράπους

322 460 374 510 ὡς
407 461 450 501 ἐν
485 457 696 513 Αὐτολύκῳ
727 452 971 504 Εὐπόλιδος.
1003 456 1148 495 Pouux
1172 456 1237 502 10,
1262 455 1331 494 47.
1363 453 1472 493 idem
1504 454 1542 502 7,
1579 453 1659 493 112
1687 444 1785 493 aa„

208 524 329 560 λιστοι
360 517 401 558 δὲ
430 519 471 558 οἱ
500 514 725 557 Θετταλικοὶ
756 514 914 566 δίφροι,
946 510 1010 552 διὸ
1040 511 1108 551 καὶ
1137 508 1163 563 ἡ
1203 510 1344 550 Πυθία
1375 508 1454 562 ἔφη
1479 505 1669 551 ‘Ostroefl
1695 521 1784 557 πρι-

208 576 440 629 κιλόδιφρε’.
473 576 585 615 addit
608 574 829 614 Meinekius
852 572 887 610 V
906 573 959 611 35
983 571 1162 610 Erotian.
1188 571 1254 622 70,
1272 571 1299 608 4
1320 569 1453 609 Klein.
1493 571 1575 616 πόἷς
1605 565 1787 619 Menoe-⁴&

208 631 520 684 ἆνακλισμὸν
552 630 673 682 ἔχων
707 626 947 676 Θεσσαλικὸς
977 625 1087 679 παρὰ
1119 629 1201 674 τοῖς
1232 628 1416 673 παλαιοῖς
1445 622 1612 678 λέγεται.
1642 643 1643 646 “
1781 649 1786 654 -

973 740 1029 784 59

323 829 452 868 Schol.
488 826 691 877 Aristoph.
734 825 892 866 Thesm.
931 825 1010 863 941
1049 819 1206 874 Ἀττικὴ
1244 818 1288 861 δὲ
1325 818 1351 873 ἡ
1392 819 1604 872 σύνταξις,
1643 816 1714 860 ὅτι·
1742 811 1788 860 tc}

210 884 383 924 ἓστιᾱν
420 883 486 923 καὶ
526 883 663 937 δοτικῄ
694 877 1007 930 συντάσσουσιν,
1047 876 1101 927 ὦς
1139 878 1207 919 καὶ
1236 875 1333 932 παρ’
1369 875 1575 919 Εὖπόλιδί
1601 872 1787 918 ἔστιν’ἓν

210 938 426 996 Αὐτολύκῳ
447 939 664 994 θατέρῳ,
697 937 797 979 ὥστε
818 937 911 978 οὔτε
933 936 1020 977 ἐκεῖ
1034 935 1126 977 οὔτε
1157 932 1308 977 ἐνθάδε
1339 935 1406 976 δεῖ
1422 935 1663 986 ξενίζεσθαι.’
1697 943 1786 988 1501·-

211 1014 346 1051 peram
360 1000 612 1050 „Duebnerus
644 1001 820 1037 extrema
850 1010 921 1048 pro
952 996 1184 1047 Eupolideis
1215 992 1378 1044 habuit,
1417 1006 1519 1046 quae
1549 996 1646 1034 sunt
1674 993 1785 1034 soho-
1866 1030 1872 1051 a

210 1060 364 1097 liastae.
404 1056 625 1104 ξενίζεσθαι
656 1057 717 1095 est
744 1057 887 1094 ‘mirari
918 1057 1121 1104 tamquam
1152 1053 1304 1103 aliquid
1346 1051 1551 1104 peregrini,
1576 1051 1642 1092 vel
1679 1050 1785 1091 inso-
1820 1065 1830 1072 ·
1869 1067 1872 1095 :

209 1115 285 1154 liti.
333 1115 376 1152 L.
420 1113 602 1155 Dindorf.
648 1113 691 1151 in
733 1112 849 1152 Thes.
898 1108 1046 1150 ἑστιᾶν.
1094 1110 1276 1162 exempla
1319 1109 1523 1161 congessit
1559 1107 1612 1149 Η.
1649 1107 1787 1148 Iacobi

212 1172 343 1211 Schol.
377 1171 520 1210 Aesch.
553 1170 662 1221 Sept.
694 1171 776 1209 363
807 1183 846 1220 p.
867 1169 946 1208 341
983 1168 1104 1208 Dind.
1129 1168 1261 1209 Schol.
1284 1167 1407 1219 Soph.
1431 1167 1495 1209 Ai.
1515 1165 1599 1206 235
1620 1178 1663 1217 p.
1687 1165 1785 1218 2043
1868 1211 1872 1215 ,

210 1229 349 1280 Antig.
385 1229 492 1267 1184
523 1241 560 1278 p.
595 1228 676 1266 325
707 1227 829 1266 Dind.
864 1226 997 1266 Schol.
1027 1225 1076 1265 ΙΙ.
1110 1226 1176 1274 21,
1200 1226 1285 1265 550
1316 1220 1588 1277 (ξενισθέντες
1617 1219 1720 1275 πρὸς
1739 1218 1786 1273 τδ

211 1283 430 1335 ἐπίθετον).
470 1284 596 1323 Walz.
620 1285 736 1323 Rhet.
768 1283 847 1322 VII
873 1285 967 1322 175.
1001 1283 1148 1322 Athen.
1184 1284 1256 1335 14,
1289 1283 1414 1322 658⁶.
1455 1281 1594 1332 (Mein.
1624 1279 1664 1319 V
1693 1277 1784 1335 35).

211 1345 384 1382 ceterum
414 1345 461 1380 ut
492 1342 597 1391 apud
630 1336 941 1391 Aristophanem
971 1343 1053 1387 τοῖς
1084 1338 1248 1392 κόραξιν
1277 1353 1359 1380 non
1385 1339 1535 1390 pendet
1554 1338 1606 1378 ab
1626 1333 1786 1387 ἑστιῶν,
1865 1363 1872 1382 <

214 1401 281 1440 sed
310 1413 333 1439 a
362 1396 531 1451 παρέχω,
563 1399 618 1438 sic
650 1401 719 1437 aut
748 1399 791 1437 in
820 1398 1030 1449 Eupolidis
1060 1398 1194 1438 verbis
1225 1397 1471 1448 explicandis
1501 1395 1786 1448 grammatious

213 1458 360 1496 erravit
394 1460 465 1495 aut
501 1469 549 1495 ea
585 1456 742 1507 syntaxi
773 1469 868 1495 usus
906 1458 993 1495 erat
1029 1458 1167 1506 poeta,
1205 1467 1307 1506 quae
1344 1454 1494 1494 Atticis
1524 1465 1606 1494 non
1635 1454 1699 1494 est
1726 1452 1786 1492 in-

211 1515 372 1563 usitata,
404 1510 536 1551 ἒστιᾶν
566 1511 656 1552 τινα
687 1526 778 1552 τινι.
812 1513 916 1554 Plat.
947 1513 1061 1563 Reip.
1094 1514 1134 1562 3,
1165 1513 1330 1552 404bc.
1759 1533 1761 1535 ·

973 1624 1029 1666 60

415 1680 651 1737 ἀκαλήφας

328 1764 557 1804 Athenaeus
579 1766 617 1811 3,
640 1765 722 1804 89f
748 1762 816 1811 τὰς
846 1763 987 1812 κνίδας
1019 1760 1040 1803 ὁ
1062 1760 1242 1812 Εὔπολις
1264 1762 1309 1804 ἐν
1329 1759 1551 1818 Αὐτολύκῳ
1569 1738 1786 1815 ἀκαλήφας

212 1817 403 1872 ὀνομάζει.

971 1912 1024 1954 61

415 1964 710 2021 ἄναφλασμόν

229 2101 239 2114 '
328 2046 374 2086 τὰ
420 2045 645 2101 ἀφροδίσια.
697 2047 873 2097 Εὔπολις
920 2043 1154 2119 Αὐτολύκῳ.
1209 2052 1368 2092 Suidas.
1417 2046 1688 2103 ἅναφλασμόν
1725 2047 1782 2103 Α]

217 2105 477 2157 αναφλασμοί.
510 2106 678 2147 Zonaras
708 2103 991 2159 ἆναφλασμός·
1024 2106 1069 2147 τὰ
1101 2107 1330 2161 αφροδίσια.

973 2220 1028 2263 62

418 2271 614 2327 ἀπρασία

327 2353 504 2402 Εὔπολις
536 2353 767 2412 Αὐτολύκῳ.
815 2359 986 2399 Bekker.
1019 2361 1168 2402 Anecd.
1201 2361 1268 2409 83,
1304 2361 1368 2400 14.

419 2529 728 2591 ἀρρωστήμων
973 2483 1029 2526 63

332 2608 507 2664 Εὔπολις
538 2614 772 2675 Αὐτολύκῳ.
821 2621 991 2665 Bekker‚
1024 2623 1178 2663 Aneed.
1211 2624 1308 2673 447,
1343 2626 1380 2664 1.

976 2733 1033 2775 64

419 2784 605 2840 βιασμός

332 2860 507 2911 Εὔπολις
524 2864 753 2923 Αὐτολύκῳ.
784 2871 954 2911 Bekker.
970 2872 1122 2912 Aneod.
1141 2874 1208 2919 84,
1228 2875 1296 2914 21.
1328 2873 1667 2925 Lobeckfflhryn.
1684 2873 1781 2913 511.
