1872 3224
240 206 260 247 1
267 205 319 248 76
818 211 833 219 τ
841 198 905 231 ΦΕ
911 194 1203 230 ΡΕΚΡΑΤΟΤΣ

238 311 286 349 cf.
317 308 521 358 Aristoph.
552 306 650 344 Ran.
683 305 764 343 249
797 316 884 342 cum
925 302 981 340 eis
1020 312 1121 350 quae
1158 299 1454 338 adnotavimus.
1479 347 1489 362 Ι
1515 299 1556 338 6.
1585 310 1631 351 γε
1659 297 1783 358 Dindj.
1802 333 1816 349 ,

239 381 277 405 τε
308 365 487 411 Casaub.‚
527 357 625 414 ἦγεν
664 362 827 401 codices.
872 354 1127 408 καύτομάτην
1165 355 1352 408 Casaub]
1389 349 1582 407 αὐτόματ’
1622 354 1691 403 εἰς.
1746 355 1819 408 ὑζζ

238 423 438 472 Aristoph.
459 422 547 459 Pac.
571 420 663 458 665.
685 419 779 469 Lys.
801 417 896 457 431.
949 416 986 457 8,
1010 412 1054 452 δὲ
1074 410 1239 466 Athen]
1263 427 1303 452 τε
1323 413 1425 453 Ρο11.
1446 412 1531 454 ΑΟ.
1592 413 1631 454 9.
1653 408 1811 467 algen*

238 475 385 530 ἕκέχυτ’
419 477 540 528 Poll.]
573 474 743 523 σίζοντες
766 468 944 524 ἕκέχυντ’
978 472 1126 511 Athen.
1208 473 1272 509 11.
1303 466 1504 523 εὐπρεπῆ]
1526 465 1698 531 εὐτρεπῆ
1716 468 1819 511 οοᾶ.

237 535 424 576 Pollucis.
520 548 558 573 v.
598 534 648 571 12
688 532 846 571 additus
898 544 944 576 ex
990 529 1164 568 Polluce.
1213 525 1386 579 ἐγχέλεια
1433 521 1802 582 Schweighaeuser]

240 590 410 644 ἑγχέλνα.
472 585 662 643 ε’γχελύδι’
697 584 1015 641 ἐγκεκαλυμμένοι
1045 586 1307 625 Herwerden.
1349 585 1448 628 Obs.
1480 585 1571 625 erit.
1606 584 1673 626 13.
1735 585 1806 629 1³:

238 648 408 700 σχελίδες
438 648 540 687 Poll.
572 650 612 686 et
641 644 871 696 Athen..C]
904 643 1093 690 σκελίδες.
1155 655 1200 682 ac
1231 643 1287 682 sic
1316 643 1525 683 Bekkerus
1554 643 1598 683 in
1627 642 1733 685 Pon.
1764 641 1839 694 22⁵?

241 709 332 748 191.
393 706 457 744 14.
489 701 758 756 πινακίσκοις]
796 701 1053 741 πιναπίσκων
1090 701 1246 740 Pollux.
1312 702 1376 739 15.
1407 696 1682 752 ἀπατμίζοντα
1707 699 1836 741 Din··

238 761 339 816 dorf]
372 758 591 813 ἀτμίζοντα.
639 761 805 802 Bekker.
839 759 988 799 Anecd.
1023 761 1069 810 7,
1104 760 1124 796 1
1158 753 1321 807 ἀτμίζον
1349 755 1492 809 κρέας,
1531 750 1624 797 οἷον
1651 753 1808 811 θερμὸν

237 818 280 858 ἐκ
309 825 379 871 τῆς
409 816 552 871 χύτρας
583 814 843 870 ἀνῃρημένον,
873 814 927 854 ἔτι
959 813 1032 867 τὴν
1061 811 1206 865 ἀτμίδα
1234 810 1476 867 ἀναβάλλον.
1507 809 1665 868 χόλικες
1685 811 1805 868 Ath]

237 873 339 928 χόλιξ
369 877 471 915 Poll.
534 877 598 915 17.
629 872 875 926 χναυρότατα
912 868 1130 925 παρέκειτ’]
1163 868 1394 924 χαυνώρατ’
1428 867 1596 911 ἐπέκειτ’
1636 871 1674 912 A
1700 870 1815 912 Poll.
1856 928 1858 930 Ι

238 931 400 985 ἀμύλοις
439 931 554 984 Ath.]
600 928 763 983 ἀμύλων
799 931 901 970 Poll.
1000 932 1064 970 18.
1103 925 1243 981 γάλατι
1280 930 1464 970 Dindorf.
1497 929 1566 970 Fr.
1598 928 1806 981 Aristoph.

240 1006 277 1042 p.
301 988 396 1043 231]
419 988 593 1041 γάλακτι.
625 990 675 1029 cf.
697 985 1048 1040 γαλατοθρέμμονα
1069 987 1292 1037 Antiphan.
1317 988 1384 1036 52,
1407 988 1450 1027 4.
1471 982 1809 1039 κατανενιμμένος
1834 999 1837 1003 ·
1863 1039 1865 1042 .

241 1046 353 1099 Ath.]
386 1043 618 1098 μεμιγμένος
648 1046 749 1085 Poll.
812 1047 876 1084 19.
907 1040 1015 1083 πύου
1045 1043 1155 1095 τόμοι
1185 1041 1415 1098 Villebrun]
1448 1057 1642 1096 πυοτομοι
1669 1042 1807 1085 AAth.
1868 1043 1872 1057 ²

239 1100 391 1155 ἀμύλου
435 1100 541 1154 τόμοι
579 1103 731 1143 codices
773 1103 876 1142 Poll.
967 1103 1031 1141 23.
1065 1097 1201 1153 ὀπταὶ]
1247 1097 1364 1142 ὀπταὶ
1408 1099 1475 1141 καὶ
1517 1102 1557 1141 Α
1587 1101 1686 1142 Ath.
1713 1098 1810 1156 γὰρ

241 1161 295 1208 εἰς
339 1156 559 1212 ἀνάβραστ’
598 1156 832 1211 Meinekius]
878 1156 954 1211 γάρ
999 1159 1055 1206 εἰς
1099 1155 1357 1211 ἀναβράσεις.
1403 1155 1663 1213 ἀναβράσεις.
1705 1153 1808 1199 ἀνά-

161 1265 164 1268 .
241 1213 380 1270 βραστ’
406 1215 543 1270 (sic)A
564 1217 658 1256 Ath.
688 1214 751 1255 ἐπὶ
772 1212 898 1255 τοῖσδ’
920 1210 1143 1268 ἀνάβραστ’
1170 1217 1273 1256 Poll.
1325 1218 1390 1259 26.
1413 1213 1602 1270 ἐκρέματο
1619 1216 1789 1258 Porsen.

242 1272 465 1327 ἐκρέμαντο.
528 1275 592 1314 27.
633 1270 796 1321 οὐδενὸς
836 1270 1038 1329 Dindorf.]
1077 1270 1266 1321 οὐθενὸς.
1329 1275 1395 1314 28.
1441 1270 1687 1327 ἀμπεχόναις
1723 1272 1791 1314 Bc

241 1324 500 1383 ἀμπεχόναισι
522 1331 606 1370 VL.
668 1333 733 1371 29.
765 1328 811 1369 τὰ
833 1329 932 1383 ῥόδα
953 1329 1020 1370 καὶ
1040 1329 1105 1384 Κ.]
1138 1329 1206 1371 καὶ
1227 1324 1273 1370 τά
1294 1326 1408 1384 ῥόδα.
1443 1331 1627 1384 sequenti
1657 1331 1765 1372 enim

242 1401 393 1439 semper
408 1389 640 1438 producitur
666 1389 812 1428 vocalis
833 1402 933 1438 quae
954 1390 1133 1439 proxime
1156 1390 1372 1429 antecedit.
1402 1390 1587 1431 inversus
1603 1390 1692 1430 erat
1709 1388 1807 1429 ordo

241 1446 452 1486 verborum
471 1446 570 1485 falsa
586 1446 855 1485 recordatione
864 1445 1071 1497 Aristoph.
1091 1447 1192 1486 Rau.
1210 1448 1307 1487 516.
1368 1448 1436 1487 32.
1454 1442 1638 1487 ἑκάστοτ’
1653 1445 1810 1488 Iacobo.
1852 1486 1861 1491 .

245 1503 344 1541 Add.
364 1502 457 1541 Ath.
488 1501 585 1553 160]
611 1499 784 1550 ἕκαστος.
817 1498 995 1542 ἑκάστων
1023 1504 1195 1544 Memek.
1272 1506 1341 1544 33.
1374 1496 1559 1558 ἐγίγνετ’]
1593 1498 1735 1558 ἐγίνετ’
1758 1503 1811 1544 A.

355 1572 490 1599 versus
521 1561 544 1597 2
576 1560 840 1610 interpolatus
869 1561 1051 1613 videtur3
1081 1561 1240 1602 Atticae
1271 1563 1379 1602 certe
1409 1562 1813 1611 dicendiconsuetu-

245 1617 327 1655 dini
356 1629 436 1655 non
466 1619 664 1656 convenit.
724 1618 756 1656 si
789 1617 884 1668 quid
914 1619 1149 1658 mutandum
1189 1621 1271 1668 est,
1311 1632 1441 1670 neque
1478 1618 1643 1672 Bergkii
1680 1617 1746 1671 (B.
1777 1630 1812 1659 c.

244 1673 342 1712 Atta:
363 1669 461 1726 291)
494 1674 719 1713 coniectura
748 1670 980 1726 ὦργασμένα
1009 1689 1138 1726 neque
1168 1676 1431 1717 Herwerdeni
1463 1672 1581 1730 (Obs.
1612 1676 1702 1717 crit.
1735 1671 1809 1727 12)

244 1726 441 1781 ἠρτυμένα
467 1730 623 1770 admitti
652 1733 796 1780 potest,
831 1733 899 1772 sed
921 1733 1173 1772 scribendum
1194 1730 1257 1788 ᾥκ
1269 1731 1377 1784 ισμέ
1387 1747 1507 1782 νοις.
1538 1747 1633 1774 nam
1662 1733 1738 1785 ζῆν
1766 1728 1813 1772 ἕν

244 1791 369 1824 πᾶσιν
388 1782 559 1838 ἀγαθοῖς
580 1783 765 1842 (λαγῴοις
785 1790 993 1840 Aristoph.
1015 1790 1135 1841 Vesp.
1159 1791 1258 1843 709)
1289 1792 1420 1832 Attici
1453 1792 1608 1832 dicunt.
1639 1804 1679 1831 v.
1701 1790 1812 1830 5-9

244 1843 358 1883 valde
389 1844 611 1893 perturbati
642 1847 736 1884 sunt
766 1843 833 1897 (cf.
855 1846 1058 1887 Herwerd.
1080 1847 1176 1888 Obs.
1201 1850 1289 1891 crit.
1315 1850 1381 1889 13.
1402 1849 1509 1890 Nov.
1530 1848 1621 1888 add.
1642 1848 1732 1888 crit.
1753 1846 1812 1899 ὅ),

245 1900 437 1951 siquidem
466 1913 592 1951 neque
623 1907 778 1941 ναστῶν
807 1900 938 1956 τρύφη
968 1905 1119 1944 habent
1148 1919 1227 1956 quo
1255 1906 1484 1946 referantur
1511 1918 1642 1957 neque
1664 1899 1810 1953 otgow’

246 1952 395 2007 ε’κέχυτ’
435 1958 535 1998 bene
565 1971 654 1997 cum
682 1957 835 2008 φύσκαι
864 1963 904 2000 et
931 1959 1042 2012 τόμοι
1071 1964 1349 2015 coniungitur:
1388 1976 1489 2014 quae
1518 1962 1700 2015 syntaxis
1727 1974 1812 2002 non

245 2017 348 2053 recte
378 2014 603 2054 defenditur
631 2029 654 2054 a
682 2016 852 2068 Bergkio
883 2019 985 2058 conl.
1016 2019 1222 2071 Aristoph.
1253 2021 1362 2061 Nub.
1383 2022 1482 2060 472.
1514 2019 1810 2061 Herwerdenus

247 2065 398 2120 φύσκαι
427 2068 471 2109 δὲ
500 2069 566 2110 καὶ
604 2071 774 2121 σίζοντες
812 2071 1018 2115 ἀλλάντων
1055 2075 1166 2127 τόμοι
1204 2073 1314 2129 παρὰ
1350 2080 1432 2126 τοῖς
1476 2079 1714 2130 ποταμοῖσιν
1749 2073 1812 2126 ἕξ-

248 2124 437 2179 εκέχυντ’,
475 2128 680 2169 Dobraeus
727 2131 833 2172 Adv.
863 2132 1017 2175 11313
1048 2131 1155 2186 παρὰ
1201 2137 1283 2183 τοῖς
1327 2137 1565 2187 ποταμοῖσιν
1608 2129 1813 2184 ἔξέκειντ’.

247 2184 344 2222 mihi
373 2198 510 2224 versus
539 2188 825 2236 transponendi
858 2190 1046 2229 videntur
1077 2191 1153 2230 sic:
1186 2193 1222 2234 5.
1255 2194 1294 2232 9.
1330 2195 1394 2234 10.
1428 2194 1495 2232 11.
1527 2194 1567 2233 6.
1601 2193 1638 2232 7.
1671 2191 1711 2232 8.
1745 2191 1811 2231 12.

250 2254 284 2280 v.
318 2242 367 2279 21
400 2242 620 2281 Meinekius
652 2239 705 2290 ὡς
736 2242 873 2296 ἔχομεν
904 2246 958 2293 εἰς
993 2242 1196 2300 Τάρταρον
1231 2250 1296 2289 vel
1335 2245 1391 2297 ὡς
1426 2247 1502 2301 ἔχω
1529 2245 1565 2297 ’ς
1605 2246 1676 2289 τὸν
1709 2243 1813 2301 Τάρ-

249 2310 365 2349 ταρον
394 2294 530 2350 (Anal.
564 2297 676 2352 118).
718 2314 798 2341 non
827 2306 952 2353 recte,
987 2305 1020 2343 si
1059 2306 1155 2355 quid
1195 2307 1332 2347 video:
1371 2320 1466 2347 nam
1503 2307 1553 2346 ad
1589 2306 1815 2346 fabulosam

248 2355 328 2393 orci
366 2355 669 2406 descriptionem
708 2359 832 2398 altera
871 2361 1015 2401 mulier
1052 2363 1194 2402 acerba
1238 2377 1329 2403 cum
1365 2365 1560 2405 inrisione
1596 2362 1816 2415 respondet

249 2411 360 2460 ‘quid
389 2412 514 2462 igitur
543 2414 639 2452 mihi
669 2414 733 2454 hic
762 2417 911 2457 diutius
951 2431 1160 2459 remanens
1198 2421 1377 2460 taedium
1415 2421 1568 2471 adfers,
1609 2433 1699 2462 cum
1737 2419 1815 2460 tibi

249 2468 405 2517 tuisque
435 2469 554 2509 liceat
583 2471 792 2511 confestim
821 2475 864 2512 in
887 2474 1098 2515 Tartarum
1120 2477 1292 2528 desilire,
1323 2479 1348 2519 i.
1370 2492 1404 2518 e.
1427 2479 1470 2518 in
1489 2479 1637 2518 malam
1657 2489 1815 2518 crucem

249 2524 398 2563 abire‘?'
457 2540 495 2566 v.
528 2528 578 2566 25
617 2526 893 2578 κεχυμένας
925 2533 1179 2576 scribendum
1211 2537 1288 2574 est:
1325 2548 1419 2575 nam
1449 2536 1708 2576 convivantes
1731 2533 1813 2575 <sub

249 2581 388 2630 myrtis
434 2584 642 2633 recubant,
687 2597 767 2625 non
812 2601 916 2628 aves.
975 2603 1016 2629 v.
1058 2591 1111 2629 26
1149 2591 1280 2631 scribo
1326 2589 1374 2631 τὰ
1410 2589 1456 2631 δὲ
1491 2588 1587 2644 μῆλ’
1626 2587 1825 2644 ἐκρέματο

250 2634 476 2699 πάγκαλα
521 2645 615 2679 τῶν
658 2641 948 2684 Κυδωνίων.
1007 2647 1058 2686 cf.
1096 2647 1243 2688 Athen.
1285 2650 1332 2701 3,
1373 2662 1406 2689 c.
1447 2651 1500 2690 81
1519 2663 1578 2700 sq.
1636 2661 1729 2689 nam
1769 2645 1816 2688 τὰ

250 2694 349 2731 καλα
379 2699 458 2732 τῶν
486 2699 619 2736 καλῶν
646 2709 773 2748 neque
803 2701 859 2741 eis
889 2715 990 2752 quae
1010 2703 1233 2744 Meinekius
1264 2706 1367 2746 dixit
1386 2707 1406 2746 I
1427 2708 1480 2746 69
1510 2718 1640 2758 neque
1670 2705 1815 2746 Aesch.

251 2749 358 2789 Pers.
391 2752 483 2791 681.
530 2753 650 2804 Soph.
691 2754 774 2795 ΟΒ.
806 2758 902 2797 465.
946 2758 1024 2801 OC.
1060 2762 1181 2801 1238.
1220 2762 1391 2804 Philoct.
1425 2765 1492 2804 65.
1530 2763 1659 2810 Diocl.
1689 2763 1715 2802 2
1745 2763 1818 2802 aut

251 2807 324 2870 qui·
349 2819 484 2847 versus
514 2823 673 2859 prorsus
704 2815 936 2866 ambiguam
965 2816 1086 2856 habet
1104 2819 1479 2869 interpretationem
1501 2820 1624 2871 Soph.
1645 2820 1712 2860 El.
1729 2820 1814 2860 849

252 2864 347 2902 satls
378 2864 614 2906 defenditur.
