1872 3224
701 226 872 261 ΗΡΩΕΣ
909 227 1066 262 ΘΗΡΙΑ
1607 231 1686 274 133

874 330 927 372 12

315 404 354 451 κὸ
383 407 526 464 κάνης
556 408 606 452 δὲ
637 408 715 465 τῆς
745 411 899 467 κοίτης
929 407 1179 490 ὑπερέχειν
1197 429 1275 468 μοι
1308 414 1447 457 δοκεῖ.

22 526 42 548 :s
209 492 355 533 Pollux
387 494 455 546 10,
490 495 546 534 90
583 490 649 532 ἐπὶ
686 491 731 532 δὲ
762 490 914 542 τούτοις
945 493 1013 535 καὶ
1042 501 1149 536 κανᾶ
1187 495 1255 536 καὶ
1284 496 1442 548 κάνητα
1472 497 1540 539 καὶ
1570 500 1685 540 κανί-

23 568 31 579 2
90 561 196 590 σκια.
227 548 296 590 καὶ
316 548 472 603 κάνητα
491 548 568 601 μὲν
582 549 786 604 Κράτης’
767 566 812 591 εν
821 549 1005 621 ’Ήρωσιν
1027 548 1139 594 εἶπεν
1161 556 1243 599 κτλ
1282 556 1398 597 Phot.
1422 553 1443 596 ὁ
1467 553 1594 610 κάνης
1615 563 1686 611 τῆς

88 606 223 661 κοίτης
254 604 461 662 ὑπερέχει·
494 607 559 649 ε’πὶ
578 614 662 649 τῶν
692 607 739 648 τὰ
759 605 814 662 μὴ
834 606 1038 663 ἀναγκαῖα
1066 611 1185 663 μείζω
1215 611 1284 652 καὶ
1313 614 1434 655 πλείω
1456 630 1540 655 των
1559 613 1684 669 ἄναγ-

37 669 43 672 ’
88 665 224 706 καίων
253 664 522 719 κεκτημένων.
562 668 709 719 quibus
740 669 897 708 addunt
918 670 1039 710 Prov.
1062 669 1185 710 Ooisl.
1208 672 1247 719 4,
1272 673 1323 711 17
1355 671 1543 713 Leutsch.
1573 673 1685 725 κοίτη

26 731 35 763 1
89 720 164 778 γὰρ
193 720 220 776 ἡ
253 723 391 778 κίστη,
433 724 490 773 εἰς
527 722 583 777 ἣν
618 723 666 765 τὰ
705 718 839 778 βρωτὰ
871 724 1150 780 ἐμβάλλουσιν.
1188 727 1316 781 κάνης
1355 728 1398 770 δὲ
1428 729 1473 770 τὸ
1511 729 1686 783 ἐπίθεμα

89 786 161 836 τῆς
190 781 340 835 κοίτης.
371 784 421 823 cf.
454 784 560 824 Poll.
592 785 657 833 10,
691 786 759 824 91.
793 786 835 824 at
855 785 919 825 hic
948 786 1113 834 nomina
1143 786 1256 839 κοίτη
1295 789 1336 828 et
1375 788 1488 841 κίστη
1519 790 1686 830 confusa

27 846 34 866 “-
90 854 176 882 esse
207 841 329 882 docui
359 842 462 882 Mus,
484 841 612 882 Rhen.
634 842 746 882 XXX
766 843 919 894 4l4sq.
951 842 1065 896 κοίτη
1095 844 1230 893 potius
1261 847 1390 897 lectus,
1424 844 1552 899 κάνης
1582 851 1684 888 stra—

85 900 230 951 ,wlfum
259 901 335 953 est,
366 902 408 940 et
438 900 513 941 hoe
544 900 648 940 lecto
681 902 812 941 maius
842 914 931 942 esse
962 902 1229 954 significatur.

871 1014 922 1058 13

297 1092 445 1150 ῥιπίδι
476 1096 764 1152 κοπραγωγῷ

203 1178 350 1218 Pollux
383 1179 565 1228 10,175
603 1177 672 1218 καὶ
711 1176 854 1232 ῥιπίδα
884 1176 925 1219 δ’
966 1176 1022 1219 άν
1060 1194 1119 1228 τις
1150 1179 1252 1232 φαίη
1283 1178 1436 1233 πλέγμα
1468 1195 1505 1221 τι
1536 1180 1683 1236 ψιάθῳ

87 1232 117 1289 η“
145 1240 286 1293 φορμῷ
316 1235 613 1290 παραπλήσιον.
646 1235 808 1291 Κράτης
841 1234 877 1275 δ’
910 1235 955 1278 ἐν
984 1240 1067 1286 τοῖς
1086 1236 1274 1290 ’Ήρωσιν
1304 1237 1381 1291 ἔφη
1412 1238 1449 1292 ῥ.
1481 1254 1518 1279 κ.

0 986 18 1031 Ξὲ

0 1030 31 1126 ε,

0 1235 8 1272 ἶ

0 1283 9 1302 ²

808 1374 965 1410 ΘΗΡΙΑ

203 1445 435 1486 Athenaeus
473 1448 519 1496 6,
553 1447 667 1486 268e
705 1447 856 1498 eclogis
894 1447 943 1486 de
981 1446 1115 1497 prisea
1144 1447 1357 1488 hominum
1389 1448 1583 1488 felicitate
1616 1462 1680 1488 ex-

11 1523 18 1533 ·
87 1504 250 1555 seriptis
281 1499 529 1557 ἐχρησάμην,
565 1505 719 1556 inquit,
759 1505 807 1558 τῇ
837 1502 944 1554 τάξει
983 1504 1064 1544 τῶν
1093 1500 1329 1557 δραμάτων,
1371 1502 1428 1553 ὥς
1461 1503 1677 1558 ἐδιδάχθη.

85 1562 223 1613 itaque
253 1575 344 1602 cum
375 1561 550 1602 Cratetis
581 1563 720 1614 ecloga
759 1562 991 1602 Cratineam
1027 1566 1238 1614 sequatur,
1277 1566 1371 1615 post
1408 1564 1552 1604 Plutos
1584 1563 1678 1603 Cra-

85 1620 164 1660 tini
193 1620 316 1670 Fetas
351 1621 460 1661 actas
496 1634 584 1661 esse
624 1622 794 1663 constat.
845 1633 992 1661 nomen
1030 1621 1189 1661 fabulae
1219 1622 1312 1661 inde
1343 1622 1563 1673 repetitum
1597 1624 1673 1674 est,

84 1677 193 1729 quod
222 1678 448 1730 antiquitus
478 1678 670 1718 animalia
700 1678 818 1719 sicuti
855 1679 1038 1719 homines
1068 1679 1205 1719 locuta
1241 1693 1328 1720 esse
1366 1682 1407 1719 et
1446 1683 1583 1719 mente
1626 1693 1673 1719 ae

83 1736 239 1775 ratione
267 1736 449 1787 praedita
478 1738 521 1776 et
549 1739 763 1788 propterea
792 1737 948 1778 comedi
977 1749 1060 1777 non
1091 1737 1211 1777 solita
1242 1737 1366 1777 fuisse
1387 1737 1670 1777 credebantur.

86 1794 136 1833 ef.
167 1794 271 1836 Plat.
304 1794 464 1834 Politie.
497 1795 627 1835 2721).
659 1795 761 1835 Xen.
795 1794 1021 1835 Comment.
1045 1796 1083 1843 2,
1108 1796 1146 1847 7,
1171 1796 1236 1834 13.
1269 1795 1418 1846 Bergk.
1450 1796 1498 1836 R.
1522 1808 1555 1835 ο.
1579 1795 1672 1834 Att.

88 1852 187 1891 278.
227 1851 306 1892 duo
345 1854 525 1892 oratores
563 1852 748 1892 inductos
788 1853 929 1900 fuisse,
970 1865 1142 1903 quorum
1181 1853 1283 1892 alter
1322 1853 1484 1892 mollem
1526 1853 1667 1902 vitam,

88 1909 310 1960 simplicem
356 1912 603 1961 naturaeque
646 1910 805 1962 legibus
851 1910 1156 1950 convenientem
1206 1910 1309 1949 alter
1354 1910 1669 1959 commendaret,

87 1967 205 2007 facile
235 1967 402 2019 adparet
432 1968 600 2008 conlatis
631 1969 690 2008 eis
720 1981 822 2019 quae
855 1967 1089 2008 Athenaeus
1120 1967 1219 2008 dicit
1250 1970 1288 2017 6,
1323 1969 1405 2008 268
1437 1968 1529 2007 init.

857 2080 911 2122 14

150 2163 204 2204 A.
238 2161 393 2204 ἔπειτα
425 2160 599 2203 δοῦλον
629 2158 739 2204 οὐδὲ
772 2153 835 2212 εἷς
865 2158 1099 2216 κεκτήσετ’
1133 2157 1243 2204 οὐδὲ
1273 2158 1471 2217 δούλην,

498 2227 828 2244 ,,,,,,

151 2301 203 2342 Β.
237 2294 294 2342 οὐ
323 2296 464 2355 δῆθ’·,
490 2295 829 2354 ὁδοιποροῦντα
859 2297 946 2356 γὰρ
977 2296 1033 2342 τὰ
1063 2296 1194 2342 πάντ’
1231 2296 1319 2353 ἐγώ
1351 2298 1539 2354 ποιήσω.

152 2372 205 2411 A.
238 2369 286 2411 τί
312 2368 427 2424 δῆτα
457 2366 583 2411 τοῦτ’
615 2365 773 2419 αὐτοῖς
803 2367 964 2420 πλεόν;
996 2371 1048 2411 Β.
1083 2369 1324 2425 πρόσεισιν
1355 2364 1464 2409 αὔθ’
1487 2366 1682 2410 ἕκαστον

110 2446 132 2479 5
153 2436 246 2481 τῶν
277 2439 558 2494 σκευαρίων,
590 2435 702 2480 ὅταν
732 2438 850 2494 καλῇ
880 2453 935 2481 τι.
987 2438 1266 2493 παρατίθου,
1297 2435 1505 2491 τράπεζα.

150 2504 286 2563 αὕτη,
319 2506 636 2564 παρασκεύαζε
666 2506 851 2550 σαυτόν.
902 2506 1056 2563 μάττε,
1087 2507 1358 2548 θυλακίσκε.

151 2577 287 2632 ἔγχει,
319 2575 481 2619 κύαθε.
534 2569 706 2619 ποῦσθ’
739 2573 767 2633 ἡ
801 2575 959 2629 κύλιξ;
989 2572 1156 2628 διάνιζῗ
1191 2575 1326 2617 ἰοῦσα
1357 2572 1546 2630 σαυτήν.

151 2642 385 2700 ἀνάβαινε,
417 2647 546 2701 μᾶζα.
598 2643 683 2701 τὴν
713 2643 889 2701 χύτραν
918 2646 1034 2700 χρῆν
1066 2642 1228 2699 ἐξερᾶν
1257 2642 1312 2685 τοὶ
1343 2644 1522 2687 τεῦτλα.

152 2712 278 2771 ἰχθύ,
309 2712 469 2770 βάδιζ’.
503 2712 604 2757 ἀλλ’
639 2711 821 2757 οὐδέπω
850 2710 918 2756 ’πὶ
948 2710 1109 2769 θάτερ’
1142 2709 1278 2763 ὀπτός
1299 2711 1403 2769 εἰμι.

98 2793 141 2825 10
162 2781 339 2827 οὔκουν
368 2783 679 2840 μεταστρέψας
709 2780 904 2826 σεαυτὸν
935 2781 1012 2825 ἁλὶ
1042 2781 1203 2833 πάσεις
1233 2778 1460 2837 ἆλείφων;

210 2879 444 2920 Athenaeus
477 2882 515 2929 6,
549 2881 662 2919 267e
693 2878 735 2918 οἱ
769 2875 814 2918 δὲ
851 2877 920 2929 τῆς
958 2873 1126 2936 ἀρχαίας
1156 2875 1368 2931 κωμῳδίας
1398 2874 1561 2927 ποιηταὶ
1590 2874 1680 2928 περὶ

96 2941 168 2976 τοῦ
196 2932 366 2989 ἀρχαίου
386 2935 489 2990 βίον
520 2931 813 2990 διαλεγόμενοι,
845 2933 907 2975 ότι
927 2932 1001 2975 οὐκ
1031 2950 1085 2987 ην
1105 2932 1190 2974 τότε
1212 2932 1372 2974 δούλων
1391 2933 1515 2987 χρεία,
1548 2929 1677 2973 τοιάδ’
