1872 3224
235 196 315 239 160
823 183 1188 222 ΦΕΡΕΚΡΑΤΟΤΣ

235 353 528 408 ἕκμασσόμενον
557 343 634 390 άπὸ
655 323 826 401 πυρετοῦ
846 345 1026 400 λέγοντα·
1059 338 1128 384 τὸν
1148 343 1296 395 ἱδρῶτα
1316 343 1400 410 κτλ;
1450 340 1585 395 ἄρδαν
1605 326 1782 410 Ἇςθίηοξζ
1800 378 1804 386 7

233 411 437 466 άρδαλίαν.
476 409 661 449 Eustath.
695 409 820 454 1761,
855 407 907 444 ‘29
946 401 1020 455 τὴν
1054 399 1130 454 μὲν
1159 399 1293 454 ἄρδαν
1329 414 1387 438 απ
1436 397 1533 452 ἐμοῦ
1563 409 1790 454 σπογγισον

233 472 298 510 Ad
330 469 556 509 Thalassam
585 466 784 517 pertinere
815 463 931 502 docet
960 461 1142 500 Erotian.
1174 461 1242 508 56,
1267 460 1318 497 11
1348 457 1482 498 Klein.
1512 454 1710 510 μέμνηται
1728 459 1814 515 ¹¹1OE

233 525 369 575 λέξεως
405 521 544 579 (ἄρδοι)
584 516 869 574 Φερεκύδης
910 518 1150 570 (Meinekius
1186 519 1294 556 recte
1324 510 1594 568 Φερεκράτης)
1636 511 1683 555 ἐν
1714 510 1822 555 Oua·-

233 583 359 637 λάσσῃ
390 579 456 620 καὶ
484 578 674 631 Φιλήμων
704 576 746 617 ἐν
778 571 1023 629 Πανηγύρει.
1056 574 1228 626 Hesych.
1260 571 1387 625 ἄρδα·
1419 570 1634 624 μολυσμός.
1734 595 1739 601 ·
1813 599 1827 604 «-

992 699 1049 741 54

574 781 695 832 ὅστις
724 779 953 836 παρέθηκε
984 775 1136 832 κρανί’
1166 775 1197 832 ἢ
1226 775 1459 833 τραχήλια.
1730 831 1733 833 Α

355 867 485 907 Schol.
507 865 711 916 Aristoph.
733 863 852 914 Vesp.
876 863 957 902 968
988 858 1195 912 τραχήλια·
1230 890 1240 900 .
1263 894 1272 902 .
1298 891 1307 900 .
1341 854 1595 913 Φερεκράτης
1625 855 1669 900 ἐν
1693 855 1802 900 Ἐπι-
1844 910 1847 911 ⁷

237 926 374 976 στολῆ’
406 921 512 970 ὅστις
541 924 620 962 κτλ.
663 919 706 960 ἐν
743 918 927 974 ἐπιστολῇ
955 917 1141 970 μονόστις
1177 915 1386 970 παρέθηκε
1416 915 1574 969 κράνην
1603 917 1639 956 V
1676 915 1738 970 (in
1765 917 1804 958 R
1844 927 1850 969 J

239 965 364 1032 deest)
387 979 431 1019 ἐν
452 978 633 1031 ἐπιστολῇ
653 975 788 1029 μόνιός
808 991 865 1024 τις
885 978 965 1016 κτλ.
987 977 1078 1016 Ald.
1099 976 1212 1024 inde,
1244 976 1434 1026 quoniam
1454 987 1593 1015 vocem
1613 966 1804 1028 τραχήλια
1850 1027 1851 1031 ¹

237 1039 447 1078 scholiasta
466 1038 650 1088 explicat,
672 1036 892 1074 Meinekius
914 1034 974 1073 ed.
1003 1035 1101 1073 min.
1142 1033 1299 1073 effinxit
1319 1030 1365 1072 ἐν
1383 1028 1664 1085 Ἐπιλήσμονι·
1694 1029 1805 1080 ὅστις

238 1097 337 1145 κτλ.,
367 1107 466 1145 quae
496 1107 616 1144 supra
645 1093 887 1143 scripsimus.

991 1179 1047 1223 55

426 1256 545 1305 (ἕλεν
575 1259 755 1317 ὀβελίαν
785 1260 994 1314 σποδεῖν,
1027 1257 1168 1315 ἄρτου
1198 1259 1248 1303 δὲ
1278 1258 1339 1316 μὴ
1370 1260 1609 1316 προτιμᾶν.

349 1346 574 1386 Athenaeus
613 1346 653 1395 3,
694 1344 807 1383 111b
844 1340 865 1380 ὅ
902 1340 946 1382 δὲ
984 1339 1140 1396 ὀβελίας
1169 1337 1286 1390 ἄρτος
1315 1340 1503 1394 κέκληται
1540 1339 1601 1382 ὅτι
1639 1339 1684 1382 ἐν
1711 1333 1803 1395 ὅβε-

243 1403 386 1450 λίσκοις
424 1400 578 1441 ὠπτᾶτο
609 1431 618 1441 .
661 1432 669 1440 .
710 1430 718 1439 .
758 1398 1011 1452 Φερεκράτης
1047 1398 1305 1451 Ἐπιλήσμονι
1350 1394 1452 1440 ὦλεν
1495 1402 1577 1441 κτλ.
1635 1397 1806 1440 σποδεῖν

240 1461 442 1500 Dobraeus
473 1459 677 1509 Aristoph.
708 1459 816 1497 Plut.
849 1456 952 1510 598]
998 1457 1144 1496 σποδιν
1179 1459 1264 1497 sine
1295 1460 1462 1498 accentu
1491 1457 1544 1498 A.
1605 1456 1804 1510 προτιμᾶν

237 1515 286 1570 L]
321 1522 437 1568 τιμᾶν
465 1517 549 1556 PV.
587 1516 808 1556 Lobeckius
846 1515 973 1555 Paral.
1010 1517 1087 1555 192
1127 1510 1149 1554 ὁ
1188 1511 1308 1566 δεῖν’,
1347 1511 1510 1568 ὀβελίαν
1546 1513 1614 1555 δεῖ
1637 1513 1806 1554 σποδεῖν
1867 1514 1872 1519 ”

240 1576 321 1613 κτλ.
353 1570 376 1611 0‘
404 1570 520 1623 δεῖν’,
550 1575 576 1611 i.
600 1586 631 1611 e.
663 1566 695 1611 ὦ
716 1566 840 1618 οὗτος.
872 1575 914 1612 at
944 1585 989 1611 ea
1019 1573 1311 1612 adhortationis
1341 1573 1525 1613 alacritas
1554 1572 1674 1612 huius
1694 1571 1804 1612 modi

241 1632 458 1670 sententiae
487 1643 567 1669 non
597 1630 793 1669 convenit.
825 1630 983 1669 videtur
1012 1632 1105 1680 post
1121 1626 1381 1681 Ἐπιλήσμονι
1411 1630 1519 1681 apud
1551 1624 1827 1670 Athenaeum‘

242 1688 396 1738 syllaba
416 1687 618 1736 excidisse,
640 1687 722 1726 sive
743 1700 761 1725 ε
781 1687 863 1727 sive
885 1700 933 1735 ει,
965 1689 1006 1726 et
1028 1687 1283 1727 scribendum
1313 1685 1501 1726 εἴωθεν
1527 1687 1591 1727 vel
1620 1683 1801 1726 ἔοικεν.

241 1744 290 1783 cf.
312 1745 515 1794 Aristoph.
547 1744 634 1782 Pac.
661 1745 781 1783 1306.
812 1749 1009 1795 προτιμᾶν
1037 1745 1100 1783 hie
1130 1745 1235 1784 idem
1265 1747 1328 1785 est
1356 1745 1463 1796 quod
1485 1743 1723 1798 φροντίζειν.
1754 1742 1805 1783 de

240 1798 344 1853 ἄρτῳ
372 1797 503 1854 ὀβελίᾳ
534 1801 581 1840 ef.
615 1801 817 1851 Aristoph.
848 1802 898 1839 fr.
932 1802 1026 1840 103.
1058 1802 1154 1844 440.
1766 1802 1767 1808 ¹

995 1923 1051 1967 56

620 2009 712 2054 τοῖς
742 2010 862 2046 σοῖσι
892 2002 1049 2048 συνών
1079 2005 1409 2062 κορακινιδίοις

621 2069 695 2113 καὶ
724 2074 978 2128 μαινιδίοις.

357 2153 580 2193 Athenaeus
612 2156 648 2203 7,
672 2156 781 2195 308f
798 2151 1111 2206 ὑποκοριστικῶς
1131 2153 1340 2209 ὠνόμασεν
1358 2153 1507 2204 αὐτοὺς
1527 2154 1803 2210 (κορακίνους)

245 2206 487 2260 Φερεκράτης
504 2208 547 2248 ἐν
562 2207 819 2262 Ἐπιλήσμονι
837 2215 917 2252 κτλ.
936 2236 988 2243 —
1009 2217 1192 2254 συνεῖναι
1211 2215 1276 2255 hio
1297 2218 1358 2255 est
1377 2216 1539 2255 libenter
1552 2216 1664 2255 vesci.
1695 2227 1806 2254 cora·

245 2266 322 2304 cini
341 2262 502 2319 (marini
522 2266 644 2320 certe)
673 2272 714 2308 et
733 2271 933 2310 maenides
953 2272 1058 2311 inter
1084 2273 1451 2323 contemptissimos
1470 2273 1600 2324 pisces
1619 2283 1804 2311 numera-

243 2322 398 2362 bantur.
429 2325 614 2374 Amphid.
633 2326 698 2364 22.
729 2327 973 2368 Archestrat.
992 2329 1139 2369 Athen.
1159 2330 1273 2369 2949.
1293 2334 1376 2369 τῶν
1395 2326 1661 2381 φαυλοτάτων
1680 2341 1801 2382 κορα-

244 2377 377 2417 κίνων.
408 2381 626 2431 Antiphan.
658 2384 723 2432 68,
758 2385 822 2423 15.
1867 2403 1869 2406 ⁴

997 2475 1051 2517 57

358 2549 485 2590 Schol.
506 2552 707 2603 Aristoph.
730 2554 851 2605 Vesp.
875 2557 955 2595 544
985 2554 1227 2608 μνημονεύει
1256 2563 1327 2598 τοῦ
1357 2556 1481 2606 ἔθους
1513 2556 1601 2611 (τοῦ
1621 2558 1802 2598 θαλλο·

248 2605 436 2670 φορεῖν)
469 2610 660 2658 Κρατῖνος
689 2607 762 2662 μὲν
792 2609 835 2650 ἕν
864 2611 1033 2664 Δηλιάσι
1065 2613 1132 2666 (fr.
1157 2615 1242 2667 31),
1279 2613 1529 2669 Φερεκράτης
1567 2612 1607 2654 δ’
1631 2611 1803 2655 ἐνἘπι-

249 2662 437 2712 λησμοσιν
468 2663 572 2717 (sie).
1748 2688 1751 2692 ’

770 2781 925 2816 ῙΠΝΟΣ
953 2785 985 2817 H
1009 2784 1271 2819 ΠΑΝΝΤΧῘΣ

361 2854 693 2900 Οὴοωε.1“3.1)η1ειθ
722 2863 879 2902 videtur
908 2865 1122 2905 mulierum
1153 2867 1288 2907 fuisse.
1319 2867 1372 2908 cf.
1403 2868 1454 2906 fr.
1488 2868 1555 2906 64.
