1872 3224
209 189 294 235 266
842 180 1141 216 ΕΤΠΟΛΙΔΟΣ

964 283 1042 325 35·

472 367 727 427 Ἀθηναίων
759 365 801 407 εί
826 362 1043 419 βούλεταί
1069 376 1135 411 τις
1167 360 1419 416 ἐγγράφειν
1448 382 1506 390 -

323 453 453 494 Schol.
485 451 704 501 Hephaest.
736 448 821 488 cod.
854 447 1033 486 Saibant.
1073 442 1219 485 (ἕηιίείὶ2
1248 443 1269 482 I
1303 443 1383 482 156
1423 433 1467 481 τὸ
1496 432 1595 481 αὐτὸ
1624 435 1666 480 δ’
1699 436 1782 481 ἐστὶ

207 512 274 552 καὶ
304 509 364 550 ἐπὶ
396 510 463 560 τῆς
493 509 538 547 ffi
566 504 810 558 διφθόγγου,
841 500 895 551 ὥς
926 501 1107 550 Εὔπολις
1139 499 1184 541 ἐν
1208 494 1505 552 Ἀστρατεύτοις
1535 497 1663 551 φησίν
1698 497 1781 538 κτλ.

210 569 253 609 ἐν
285 565 448 620 δευτέρῳ
478 563 571 604 ποδὶ
608 561 682 615 τὴν
718 577 759 601 αι
798 559 1035 600 συνέστειλε.
1083 560 1132 600 cf.
1165 572 1266 610 quae
1297 558 1579 598 adnotavimus
1609 556 1660 596 ad
1691 555 1782 596 Ari-

210 627 340 677 stoph.
372 625 445 675 Eq.
481 624 574 662 139.
604 622 786 660 Pherecr.
818 620 885 659 34.

971 730 1026 773 36

1231 782 1404 842 μήποτε
1433 782 1596 839 θρέψω

259 860 380 918 παρὰ
411 859 681 916 Περσεφόνῃ
713 855 891 901 τοιόνδε
922 849 1060 910 τατόν,
1093 851 1142 906 ὃς
1171 852 1279 905 τούς
1310 851 1529 903 εὕδοντας
1560 850 1738 908 ἐγείρει.

326 946 555 984 Athenaeus
587 945 632 991 9,
655 943 768 982 3970
799 938 976 987 Εὔπολις
1007 936 1048 978 δ’
1072 936 1117 978 ἐν
1143 935 1453 988 Ἀστρατεύτοις.
1493 929 1603 975 ταῶν
1622 932 1782 989 Dindf.]

214 1008 334 1042 ταῶν.
366 1003 416 1044 cf.
450 1014 548 1052 quae
579 999 856 1039 adnotavimus
887 998 937 1037 ad
965 997 1173 1047 Aristoph.
1204 996 1282 1036 Av.
1308 996 1401 1035 102.
1441 993 1650 1044 Aristoph.
1672 992 1783 1033 Plut.

213 1062 294 1100 541
327 1057 495 1111 στιβάδα
527 1056 696 1108 σχοίνων
725 1054 879 1106 κόρεων
907 1053 1077 1106 μεστήν,
1112 1048 1141 1105 ἢ
1169 1046 1260 1100 τοὺς
1291 1049 1484 1099 εὕδοντας
1516 1047 1677 1103 ἐγείρει,
1714 1049 1785 1090 ubi

216 1117 428 1158 scholiasta
459 1111 713 1164 Σοφοκλέους
746 1114 814 1164 (fr.
839 1113 1005 1163 804N.)
1036 1109 1079 1150 τὸ
1099 1107 1342 1162 ἡμιστίχιον·
1375 1105 1685 1161 ἐπεγειρομένων
1710 1106 1785 1159 (sio

217 1174 360 1225 Bergk.
393 1186 465 1223 pro
497 1167 780 1224 ἐπειγομένων)
811 1168 993 1221 κερκίδος
1023 1166 1188 1220 ὕμνοις,
1217 1165 1246 1220 ἣ
1276 1160 1368 1214 τούς
1407 1163 1602 1213 εὕδοντας
1631 1161 1784 1217 ἐγείρει.

214 1232 262 1271 cf.
294 1231 501 1280 Aristoph.
533 1230 582 1268 fr.
613 1230 709 1268 415.
740 1241 821 1267 non
850 1229 982 1278 placet
1010 1230 1144 1266 tamen
1173 1225 1363 1277 repetitio
1395 1225 1607 1264 verborum
1638 1219 1785 1274 ἕπεγει·

214 1286 390 1339 ρομένων
419 1309 474 1315 -
505 1284 652 1338 ἐγείρει.
693 1286 787 1326 sort.
829 1281 1153 1335 ἐπαναιρομένων
1190 1283 1296 1323 conl.
1334 1281 1544 1333 Aristoph.
1581 1280 1657 1332 Eq.
1689 1280 1786 1320 ⁷84.

216 1346 327 1396 loqui
356 1345 451 1383 haec
480 1344 639 1383 videtur
669 1343 785 1382 Demi
816 1345 931 1392 pater
950 1342 1218 1394 Pyfflumpes,
1251 1340 1321 1391 qui
1350 1352 1454 1379 unus
1476 1337 1788 1378 Atheniensium

214 1402 437 1442 rarissimas
473 1401 564 1440 illas
601 1413 693 1440 aves
732 1400 876 1439 alebat.
929 1399 1075 1439 Athen.
1117 1400 1162 1447 9,
1196 1398 1360 1438 3970d.
1410 1396 1523 1436 Plut.
1552 1394 1695 1436 Periol.
1731 1395 1784 1434 13
1815 1423 1821 1426 >

216 1456 453 1511 (Περικλῆς)
497 1455 720 1508 διεβάλλετο
759 1486 768 1495 .
800 1487 807 1495 .
842 1456 897 1503 εἰς
935 1454 1005 1503 τὰς
1047 1450 1335 1507 Πυριλάμπους
1373 1449 1705 1506 ὀρννθοτροφίας,
1740 1447 1787 1499 ὃς

218 1514 367 1567 ἑταῖρος
404 1514 473 1553 τοῦ
515 1511 752 1565 Περικλέους
789 1512 922 1552 αἰτίαν
959 1507 1036 1565 εἶχε
1074 1517 1231 1560 ταῶνας
1267 1508 1434 1562 ὑφιέναι
1478 1512 1566 1558 ταῖς
1601 1506 1788 1562 γυναιξὶν
1848 1528 1851 1537 =

218 1568 281 1619 αἷς
314 1573 513 1623 Περικλῆς
544 1569 785 1622 ἐπλησίαζεν.
818 1571 884 1610 ‘en
914 1572 1035 1611 habes
1065 1583 1256 1622 pavonem,
1288 1570 1357 1620 qui
1388 1568 1632 1608 dormientes
1662 1567 1786 1607 susci-

217 1630 334 1669 tant?
385 1629 663 1668 Wilamowitz.
705 1628 799 1669 Obs.
837 1629 923 1670 crit.
958 1629 1035 1679 52,
1074 1628 1145 1679 qui
1182 1628 1444 1679 Py-rilampen
1482 1625 1590 1678 apud
1625 1624 1788 1665 Delium

217 1688 468 1727 vulneratum
500 1685 620 1736 (plut.
651 1686 749 1726 Mor.
772 1686 853 1726 581
864 1682 906 1739 e)
935 1686 1033 1726 haec
1062 1686 1174 1737 queri
1205 1687 1246 1725 et
1275 1684 1530 1735 potissimum
1558 1682 1666 1734 quod
1694 1694 1788 1723 aves

219 1744 295 1783 sibi
327 1744 495 1782 multum
527 1743 688 1782 dilectas
718 1756 810 1783 mox
840 1743 1059 1783 amissurus
1090 1744 1144 1782 sit
1173 1743 1331 1793 plorare
1369 1741 1577 1792 opinatur,
1608 1739 1787 1780 fabulam

220 1815 264 1840 ea
284 1801 331 1839 de
353 1813 468 1839 causa
488 1813 591 1839 anno
614 1799 675 1840 01.
699 1801 766 1852 89,
791 1803 809 1838 1
844 1801 908 1839 vel
940 1801 963 1838 2
997 1800 1238 1842 adiudicans.
1255 1801 1313 1839 ‘at
1332 1811 1380 1839 ea.
1400 1798 1533 1838 omnia
1561 1797 1790 1837 coniectura
1859 1812 1867 1826 κ

219 1858 428 1896 admodum
465 1858 617 1896 incerta
652 1858 858 1906 nituntur,
898 1870 987 1896 cum
1024 1858 1278 1908 potissimum
1318 1856 1452 1896 verbis
1490 1850 1643 1894 τοιόνδε
1679 1846 1791 1894 ταῶν

224 1927 304 1956 non
335 1914 433 1962 avis,
465 1914 533 1954 sed
564 1915 706 1964 aliquis
737 1915 849 1965 quasi
879 1915 1043 1965 quidam
1073 1927 1176 1966 pavo
1207 1913 1426 1965 significari
1456 1912 1653 1953 videatur.

919 2026 987 2071 37.
1019 2026 1075 2069 38

363 2103 526 2159 ἄνδρες
556 2103 743 2159 ἑταῖροι,
775 2105 912 2159 δεῦρο
945 2103 1000 2162 δὴ
1030 2103 1113 2160 τὴν
1143 2103 1332 2161 γνώμην
1362 2105 1644 2160 προσίσχετε,
1723 2095 1727 2099 ’

366 2173 406 2214 εἰ
434 2170 632 2215 δυνατὸν
663 2172 737 2215 καὶ
767 2173 826 2229 μή
857 2190 897 2216 τι
928 2176 1080 2229 μεῖζον
1110 2171 1373 2229 πράττουσα
1404 2170 1632 2228 τυγχάνει.

521 2258 542 2283 *
814 2260 837 2284 *
1113 2262 1132 2285 a:
1407 2259 1431 2284 *

365 2310 438 2351 καὶ
467 2308 794 2366 ξυνεγιγνόμην
824 2308 893 2354 ἀεὶ
923 2318 1015 2362 τοῖς
1044 2309 1236 2365 ἀγαθοῖς
1263 2296 1525 2366 φάγροισιν.

338 2404 579 2453 Hephaestio
604 2406 667 2453 15,
692 2406 744 2444 25
767 2403 943 2453 Εὔπολις
965 2402 1006 2444 δ’
1031 2403 1075 2444 ἐν
1105 2408 1186 2453 τοῖς
1205 2401 1501 2455 Ἀστρατεύτοις
1531 2401 1599 2442 καὶ
1626 2398 1790 2443 οἶτακτο·

226 2458 348 2506 τάτως
381 2458 579 2511 συνέθηκε
617 2459 659 2501 τὸ
691 2459 964 2516 (Κρατίνειον)
1003 2457 1127 2509 εἶδος·
1166 2466 1224 2514 πῆ
1261 2459 1336 2514 μὲν
1365 2459 1440 2514 γὰρ
1471 2465 1634 2500 τοιαῦτα
1663 2455 1789 2500 ποιεῖ·

225 2514 368 2567 ἄνδρες
397 2518 479 2556 κτλ.
510 2522 565 2569 πῆ
590 2515 634 2556 δὲ
664 2523 844 2559 τοιαῦτα·
876 2518 944 2559 καὶ
973 2517 1263 2572 ξυνεγιγνόμην
1291 2521 1374 2558 κτλ.
1419 2515 1530 2558 ὥσθ’
1561 2515 1657 2557 ὅλον
1691 2512 1791 2556 αὐτὸ

227 2571 484 2641 χοριαμβικὸν
519 2571 721 2626 ἐπίμικτον
757 2574 969 2629 γενέσθαι,
1012 2574 1150 2628 ὅμοιον
1174 2571 1484 2630 Ἀνακρεοντείῳ
1513 2573 1628 2630 τῷδε,
1664 2573 1790 2626 Σίμαέ

227 2632 297 2668 λον
326 2629 431 2668 ειδον
461 2628 502 2668 ἐν
533 2638 633 2686 χορῷ
662 2625 819 2683 πηκτίδ’
854 2631 1005 2685 ἔχοντα,
1023 2632 1163 2685 καλήν.
1193 2638 1253 2685 πῆ
1281 2630 1326 2672 δὲ
1356 2631 1424 2672 καὶ
1442 2630 1577 2679 ἄλλοις
1599 2629 1792 2684 ἐχρήσατο

159 2700 163 2705 ’
228 2685 318 2724 λίαν
345 2683 525 2735 ἀτάκτοις
557 2688 766 2740 σχήμασιν.
798 2693 839 2730 et
871 2693 936 2737 16,
970 2692 992 2729 7
1025 2689 1092 2729 καὶ
1122 2689 1164 2730 τὸ
1196 2689 1434 2741 Κρατίνειον
1465 2687 1510 2729 δὲ
1539 2681 1584 2728 τὸ
1611 2684 1791 2741 ἀσυνάρ-

229 2756 345 2806 τητον
375 2741 417 2781 ἐκ
447 2746 702 2797 χοριαμβικοῦ
737 2745 804 2786 καὶ
835 2746 1043 2799 τροχαϊκοῦ
1080 2744 1450 2799 πολυσχημάτιστόν
1480 2744 1605 2785 ἐστιν·
1635 2741 1792 2796 ἀρκέσει

229 2813 350 2837 ταυτα
388 2799 512 2848 δεῖξαι
539 2799 572 2853 ἡ
604 2801 886 2855 παράβασις
923 2800 949 2854 ἡ
981 2801 1033 2843 ἐν
1062 2807 1164 2850 τοῖς
1197 2799 1576 2857 Ἀστρατεύτοις
1614 2798 1790 2841 Εὐπόλι-

230 2855 298 2903 δος
329 2861 450 2896 πᾶσα.
541 2862 576 2899 1.
608 2860 726 2911 δεῦρο
755 2859 806 2911 δὴ
836 2862 1091 2901 Hermannus
1121 2862 1257 2902 Doctr.
1277 2864 1397 2901 metr.
1420 2858 1521 2913 582]
1554 2855 1667 2911 δεῦρ’
1699 2857 1791 2911 ἤδη.
