1872 3224
242 166 325 209 278
877 162 1179 196 ΕΤΠΟΔΙΔΟΣ

243 267 368 310 αὐτοῦ
407 273 630 310 καλεῖσθαι.
673 282 772 320 quae
811 269 843 307 si
881 281 976 308 vera
1015 269 1131 317 sunt,
1171 267 1222 306 ad
1256 267 1407 318 Baptae
1438 267 1512 307 hoc
1542 257 1835 320 fragmentum*

247 329 579 385 nonanecessario
610 327 794 366 refertur.
827 326 875 366 de
905 325 1067 365 nomine
1099 323 1276 372 Βάταλος
1309 325 1359 364 cf.
1385 325 1559 365 Meinek.
1581 325 1601 366 Ι
1623 326 1706 367 338
1726 332 1815 389 ες.”

1005 471 1060 513 83

358 558 580 609 Hesychius
611 550 864 594 Κοτυττώ·
898 547 918 592 ὁ
947 550 1021 605 μὲν
1043 550 1230 601 Ἐὔπολις
1261 551 1351 592 κατ’
1385 552 1503 605 ἔχθος
1533 550 1576 594 τὸ
1606 554 1707 609 πρὸς
1727 550 1819 605 τούς
1862 594 1864 598 .

244 613 487 667 Κορινθίους
519 610 711 666 φορτικόν
741 626 830 651 τινα
861 611 1032 663 δαίμονα
1064 610 1304 651 διατίθεται.
1345 613 1431 652 cod.
1465 611 1644 657 Κοτυτοί.
1691 612 1820 657 διατέ·
1860 617 1863 629 ³

244 675 382 722 θεται,
413 673 440 713 i.
471 686 505 711 e.
537 674 582 710 in
611 683 794 710 scaenam
823 671 984 709 inducit.
1018 669 1189 708 Meinek.
1223 669 1244 708 I
1278 670 1370 711 121.
1410 670 1548 710 odium
1579 672 1688 723 quod
1718 672 1820 713 dicit
1864 668 1872 714 ἕ

245 731 286 768 in
318 729 544 769 Corinthios
575 741 655 767 non
686 728 889 778 privatum
921 726 982 766 est
1012 727 1241 777 Eupolidis,
1274 727 1341 766 sed
1366 740 1578 768 commune
1599 729 1819 771 Athenien·
1867 779 1872 781 α

247 788 363 826 sium.
396 787 444 824 de
477 786 623 836 Cotytto
664 789 703 824 et
742 784 932 835 Cotyttiis
964 784 1013 823 cf.
1045 784 1220 823 Lobeck.
1257 782 1456 837 Aglaoph.
1491 787 1614 827 1007.
1651 786 1818 828 Prener.

244 844 370 895 Myth.
402 840 482 894 gr.²
511 843 530 881 I
562 843 712 893 548sq.

1009 930 1064 972 84

355 1014 522 1053 Ioannes
554 1014 666 1053 Alex.
701 1013 759 1052 De
790 1026 868 1053 acc.
902 1015 969 1062 36,
1005 1015 1055 1053 16
1090 1013 1320 1054 Herodian..
1345 1014 1365 1053 I
1397 1015 1494 1064 502,
1519 1016 1575 1056 20
1604 1016 1743 1058 Lenta.
1774 1008 1820 1057 τὸ

245 1072 401 1123 σαβαῐ
426 1068 704 1124 (περισπᾶται)
735 1066 829 1123 παρ’
867 1066 1066 1110 Εὐπόλιδι
1099 1068 1144 1109 ἐν
1175 1068 1381 1119 Βάπταις·.
1417 1065 1460 1111 τὸ
1492 1069 1538 1111 δὲ
1566 1069 1680 1113 seul
1710 1073 1820 1128 παρὰ

245 1133 298 1182 τῷ
328 1124 439 1182 αὐτῷ
471 1125 671 1177 ὀξύνεται,
703 1123 819 1166 εὐαὶ
851 1129 1019 1179 σαβαῖ.
1060 1141 1149 1168 cum
1187 1130 1229 1168 in
1270 1129 1415 1169 Bacchi
1447 1131 1558 1170 cultu
1589 1127 1684 1172 εὖοῖ
1702 1132 1824 1186 σαβοῖ

247 1187 394 1225 usitata
424 1187 477 1225 sit
508 1187 569 1224 dei
601 1186 800 1232 salutatio,
833 1186 1075 1225 Fritzschius
1115 1185 1162 1233 Q.
1195 1187 1322 1226 Arist.
1357 1188 1437 1226 211
1451 1200 1509 1238 sq.
1549 1202 1677 1240 genus
1707 1190 1820 1230 femi·

246 1244 384 1281 ninum
421 1243 469 1281 ab
509 1243 706 1294 Eupolide
742 1243 1004 1282 substitutum
1043 1257 1129 1283 esse
1167 1247 1326 1294 censet,
1358 1247 1404 1284 ut
1433 1246 1548 1285 deam
1578 1245 1745 1299 Cotytto
1774 1260 1821 1288 οει

251 1301 531 1340 acclamatione
564 1314 586 1338 a
617 1300 755 1350 Baptis
786 1301 951 1340 salutari
983 1301 1241 1352 significaret.

1007 1447 1062 1490 85

359 1529 586 1568 Athenaeus
620 1532 683 1577 15,
717 1530 834 1569 667d
863 1526 927 1568 ὅτι
957 1526 1001 1568 δὲ
1031 1522 1165 1570 ἆθλον
1193 1529 1410 1583 προῦκειτο
1448 1536 1503 1587 τῷ
1541 1527 1588 1572 εὖ
1617 1531 1820 1590 προεμένῳ

248 1582 315 1623 τὸν
345 1581 535 1637 κότταβον
565 1585 772 1638 προείρηκε
803 1585 876 1637 μὲν
907 1585 971 1626 καὶ
1002 1584 1022 1625 ὁ
1053 1583 1319 1640 Ἀντιφάνης·
1352 1585 1410 1644 ῴοὶ
1442 1585 1518 1642 γάρ
1539 1588 1619 1630 ἔστι
1639 1589 1707 1631 καὶ
1726 1604 1820 1644 πεμ-

247 1640 365 1692 μάτια
395 1641 460 1681 καὶ
491 1642 727 1695 τραγήματα.
762 1641 905 1694 ὁμοίως
936 1642 980 1683 δὲ
1011 1643 1277 1698 διεξέρχονται
1308 1676 1317 1685 .
1351 1676 1359 1685 .
1394 1677 1404 1686 .
1438 1645 1505 1686 καὶ
1526 1645 1706 1696 Εὔπολις
1724 1645 1820 1703 ’Ἐρ-

247 1698 395 1749 μιππός
427 1714 464 1738 τε
496 1698 539 1738 ἐν
570 1703 647 1747 τοῖς
676 1697 862 1753 Ἰάμβοις.
896 1703 945 1741 ad
978 1703 1142 1742 eandem
1175 1718 1265 1743 oum
1298 1705 1345 1743 fr.
1371 1705 1424 1743 86
1457 1705 1682 1755 Baptarwm
1713 1717 1818 1747 scao-

248 1770 338 1795 nam
369 1758 463 1796 haec
494 1758 700 1797 referenda
730 1771 815 1798 esse
849 1759 1069 1809 probabilis
1101 1765 1163 1800 est
1193 1762 1383 1802 Runkelii
1414 1764 1627 1804 sententia.

1008 1894 1063 1936 86

450 1962 598 2017 χαλκῷ
629 1961 731 2014 περὶ
763 1962 966 2019 κοττάβῳ

362 2042 492 2082 Schol.
525 2043 731 2094 Aristoph.
763 2045 853 2086 Pac.
891 2047 997 2085 1244
1038 2040 1228 2100 κότταβος
1259 2045 1304 2088 δὲ
1333 2045 1509 2089 ἐκαλεῖτο
1541 2047 1608 2089 καὶ
1638 2047 1682 2090 τὸ
1711 2047 1817 2090 τιθέ-

248 2111 367 2147 μενον
396 2092 525 2138 §mov
555 2103 634 2147 τοῖς
666 2107 832 2141 νικῶσιν
862 2100 904 2142 ἕν
934 2109 987 2158 τῷ
1016 2102 1148 2159 πότῳ,
1185 2103 1253 2144 καὶ
1285 2103 1327 2145 τὸ
1361 2103 1506 2159 ἄγγος,
1541 2106 1597 2155 εἰς
1629 2104 1651 2146 ὃ
1683 2103 1820 2160 ἐνέβα-

250 2157 319 2192 λον
355 2153 446 2203 τοὺς
463 2154 676 2213 ,λάταγας,
717 2155 772 2206 ὥς
802 2161 1003 2213 Κρατῖνος
1043 2159 1086 2200 ἐν
1125 2161 1301 2214 Νεμέσει
1335 2162 1555 2204 δείκνυσιν.
1588 2161 1649 2203 ὅτι
1678 2161 1723 2204 δὲ
1751 2162 1821 2205 καὶ

250 2213 424 2261 χαλκοῦν
453 2213 527 2264 ἠν,
558 2211 732 2261 Εὔπολις
764 2214 808 2255 ἐν
840 2213 1018 2265 Βάπταις
1049 2217 1151 2271 λέγει
1180 2234 1214 2271 χ.
1246 2233 1288 2259 π.
1321 2235 1357 2259 κ.
1389 2220 1579 2262 FrItzsch.
1612 2220 1658 2268 Q.
1689 2222 1818 2263 Arist.

252 2269 331 2307 216
363 2269 491 2320 χαλκῶ
520 2269 607 2322 περὶ
627 2271 803 2324 κοττάβω
826 2274 935 2327 (gen.
959 2273 1079 2329 don),
1102 2278 1326 2318 Meinekius
1347 2279 1480 2334 χαλκῷ
1499 2271 1607 2331 παρὰ
1626 2276 1819 2334 κοττάβῳ.

1011 2422 1064 2464 87

364 2497 492 2541 Schol.
530 2500 732 2552 Aristoph.
770 2504 876 2542 Plut.
916 2505 998 2544 883
1035 2502 1136 2556 λέγει
1166 2499 1260 2555 οὖν,
1302 2502 1350 2544 οὐ
1387 2505 1595 2558 φοβοῦμαί
1628 2515 1672 2546 σε
1710 2505 1812 2560 ἔχων

253 2551 425 2598 φυσικὸν
454 2554 676 2596 δακτύλιον.
726 2558 1001 2600 δακτύλιον
1031 2559 1094 2610 δέ,
1127 2558 1199 2601 τὸν
1227 2558 1440 2615 λεγόμενον
1469 2578 1535 2612 φα
1548 2563 1813 2616 ρμοικίτην.

254 2607 430 2656 Εὔπολις
462 2611 634 2661 Βάπταις
664 2613 868 2667 μέμνηται.
900 2618 1125 2670 Hesychius
1155 2618 1365 2667 δακτύλιος
1396 2619 1670 2673 φαρμακίτης)
1699 2617 1752 2660 ὁῗν
1781 2621 1823 2660 οἱ

253 2671 563 2716 φαρμακοπώλαι
594 2668 760 2710 εἰώθασι
789 2669 1030 2726 πιπράσκειν
1051 2672 1141 2715 ἀντὶ
1161 2676 1389 2728 φαρμάκου.
1421 2678 1446 2717 i.
1469 2692 1501 2717 e.
1523 2679 1670 2718 anulus
1689 2681 1815 2729 Μαρί-

253 2735 336 2770 cus,
381 2737 457 2774 quo
495 2730 631 2767 contra
671 2732 916 2780 serpentium
955 2746 1108 2780 morsus
1154 2738 1195 2773 et
1233 2735 1312 2773 alia
1350 2735 1544 2774 eiusmodi
1585 2735 1812 2775 utebantur.

255 2780 642 2879 tzleshaxssu1035gunc
671 2788 926 2837 ῤοίεείηιιιω
948 2789 1151 2830 Eudemus
1173 2791 1382 2831 vendebat.
1415 2790 1564 2831 Cratin.
1589 2792 1686 2831 299.
1721 2793 1810 2831 Ari-

255 2849 271 2874 s
293 2848 342 2889 op
374 2866 381 2875 .
432 2851 461 2877 r.
495 2846 504 2857 “
580 2871 587 2880 .
