1872 3224
195 152 279 195 323
825 145 1128 180 ΕΤΠΟΛΙΔΟΣ

198 271 264 304 νος
309 253 495 306 στιβα’δος
541 251 590 301 ἐξ,
627 249 722 291 ὅτου
757 249 923 303 ”φαγον.
963 249 1126 301 (φαγεῖν
1163 250 1205 288 et
1240 243 1470 301 γεύσασθαί
1503 260 1611 295 τινος
1639 247 1771 289 iocose
1836 262 1840 302 ζ

197 316 383 354 dicuntur
410 325 483 363 pro
514 309 772 361 πειραθῆναι,
802 304 1083 359 ἆνασχέσθαι.’
1126 306 1177 345 Η.
1199 306 1334 346 Iacobi
1366 304 1421 358 (V
1442 303 1517 357 38)
1548 300 1605 353 ὥς
1634 299 1770 344 οὐκέτ’

197 368 250 410 ὅίν
276 369 281 423 1
307 368 460 420 λίποιμι
490 366 616 416 τάξιν,
648 361 835 418 στιβάδος
867 363 907 414 ἐξ
937 362 1032 403 ὅτου
1054 362 1222 416 ”φαγον.
1255 377 1301 404 ac
1331 363 1429 403 talia
1458 363 1588 402 multa
1617 361 1772 414 excogi-
1840 363 1842 365 ’

197 429 275 467 tari
305 428 486 477 possunt.
518 425 614 475 quid
646 424 852 475 scripserit
871 425 1000 474 poeta,
1032 435 1196 473 prorsus
1217 422 1418 461 incertum
1439 423 1512 462 est.
1561 433 1656 460 nam
1672 419 1772 460 deus
1843 430 1844 433 ’

199 486 281 524 sive
323 485 418 523 dicit
457 484 686 533 ‘postquam
724 481 822 520 cibis
861 493 924 519 me
954 479 1224 531 ingurgitavi,
1263 492 1313 518 ne
1344 479 1581 518 durissimos
1611 477 1772 529 quidem
1849 502 1852 507 ·

197 542 293 581 belli
324 542 479 580 labores
511 539 707 578 detrecto'
741 537 815 590 (sic
845 539 927 578 fere
958 534 1215 587 Meinekius)‚
1249 537 1332 576 sive
1353 536 1585 587 ‘numquam
1607 534 1775 586 posthac

198 599 372 637 militum
404 598 512 637 cibos
551 597 748 647 attingam
785 593 837 650 (e.
871 609 902 634 c.
945 592 1120 645 σκόροδα
1159 592 1368 646 φάγοιμι),
1406 595 1622 644 postquam
1662 605 1775 632 aeru-

199 654 381 694 mnosam
410 654 665 694 Phormionis
697 654 950 704 disciplinam
983 647 1214 705 (στιβάδας)
1248 651 1402 702 effugi’,
1432 650 1536 691 nihil
1567 650 1665 690 dicit
1701 661 1774 690 suo

197 714 360 764 ingenio
392 713 579 751 alienum.

949 798 1035 841 255

620 878 862 935 ἐπιφαγεῖν
892 878 1036 934 μηδὲν
1067 877 1171 921 ἄλλ’
1205 876 1234 934 ἢ
1265 877 1504 934 κρόμμυον

477 949 673 992 λέποντα
704 948 779 990 καὶ
810 954 930 1001 τρεῖς
959 945 1174 1003 ἁλμάδας.

314 1047 544 1086 Athenaeus
575 1046 613 1091 4,
647 1044 764 1084 17οᾶ
795 1040 1001 1082 ἐπεσθίειν
1031 1039 1070 1081 δ’
1104 1041 1238 1095 εἴρηκε
1273 1041 1533 1094 Τηλεκλείδης
1563 1072 1573 1082 .
1606 1071 1617 1082 .
1651 1071 1662 1082 .
1693 1039 1778 1081 ἐπι-

203 1107 351 1155 φαγεῖν
390 1100 428 1141 δ’
471 1099 649 1148 Εὔπολις
693 1096 924 1152 Ταξιάρχοις
963 1101 1045 1138 κτλ.
1115 1097 1285 1139 λέποντα
1327 1097 1518 1153 Meinek.]
1565 1096 1777 1152 βλέποντα.

203 1163 252 1202 cf.
285 1162 430 1211 Eupol.
462 1161 558 1199 427.
590 1159 809 1208 Antiphan.
843 1158 991 1197 Athen.
1024 1159 1062 1206 4,
1099 1160 1176 1197 161
1193 1171 1227 1197 a.
1259 1158 1358 1197 Xen.
1384 1158 1550 1198 Memor.
1584 1159 1625 1206 3,
1650 1158 1714 1207 14,
1737 1158 1789 1198 3..

202 1219 351 1268 Bergk.
385 1220 479 1258 360.
511 1217 682 1255 Meinek.
713 1216 775 1254 ΠΙ
807 1217 873 1254 76.
912 1216 1188 1255 trimetrorum
1217 1215 1408 1266 reliquias
1439 1215 1650 1256 constituit
1678 1214 1782 1255 Mei-

203 1277 363 1324 nekius,
396 1276 439 1314 in
459 1274 660 1313 Athenaei
691 1276 826 1312 tamen
858 1273 1032 1312 editione
1063 1273 1112 1311 ad
1142 1275 1401 1312 tetrametros
1421 1273 1542 1312 rediit
1568 1269 1784 1324 ἐπιφαγεῖν

207 1332 211 1387 Ι
243 1329 372 1384 μηδὲν
410 1334 490 1375 κτλ.
541 1331 794 1371 Phormionis
835 1343 920 1369 esse
952 1331 1069 1369 deum
1100 1330 1150 1369 ad
1181 1330 1402 1381 simplicem
1433 1330 1603 1369 militiae
1632 1331 1784 1370 victum

205 1390 431 1431 revocantis
447 1390 552 1428 idem
577 1388 795 1428 arbitratur
809 1388 828 1426 Ι
852 1388 946 1430 144.
977 1389 1149 1438 possunt
1168 1388 1290 1426 etiam
1311 1387 1457 1428 Bacchi
1474 1400 1560 1427 esse
1578 1387 1626 1428 de
1647 1387 1785 1427 eadem

206 1462 249 1487 re
279 1448 498 1498 querentis.

958 1532 1043 1576 256

482 1611 604 1664 ὅστις
633 1612 806 1656 πύελον
836 1610 958 1665 ἥκεις
988 1614 1104 1668 ἔχων
1135 1613 1210 1655 καὶ
1243 1613 1445 1672 χαλκίον,

482 1681 635 1739 ὥσπερ
667 1680 781 1737 λεχῶ
813 1683 1078 1737 στρατιῶτις
1110 1680 1155 1732 ἐξ
1183 1678 1364 1731 Ἰωνίας.

324 1779 470 1818 Pollux
503 1780 574 1827 10,
607 1779 660 1817 63
698 1774 849 1816 πύελον
883 1773 927 1815 δὲ
958 1772 1101 1828 ὁμοίως
1133 1774 1177 1815 ἐν
1211 1774 1463 1828 Ταξιάρχοις·
1495 1773 1607 1824 ὅστις
1637 1775 1788 1818 πύελον

208 1835 319 1887 ἥκεις
350 1836 431 1874 κτλ.
462 1833 530 1873 καὶ
559 1832 634 1887 γὰρ
666 1832 708 1872 τὸ
739 1833 902 1885 χαλκίον
932 1832 976 1873 ἓν
1006 1848 1042 1872 τι
1071 1833 1150 1873 τῶν
1187 1833 1366 1886 λουτρῶν
1395 1830 1529 1886 ὥσπερ
1559 1832 1627 1874 καὶ
1655 1832 1787 1887 λέβης.

211 1896 295 1944 ‘qui
334 1906 482 1933 urnam
519 1896 553 1932 et
582 1893 753 1932 ahenum
775 1896 928 1941 portas,
959 1895 1161 1941 tamquam
1190 1903 1389 1941 puerpera
1426 1892 1568 1932 Ionica
1604 1893 1789 1934 mitium

211 1956 244 1991 et
275 1955 405 1991 castra
434 1962 608 1999 sequens.
658 1962 804 1999 nempe
842 1950 885 1988 in
923 1949 1034 1988 Ionia
1072 1962 1157 1988 mos
1196 1950 1285 1988 erat
1313 1951 1360 1988 ut
1389 1962 1530 1989 uxores
1552 1950 1788 1990 comitaren-

214 2011 285 2047 tur
310 2009 477 2047 maritos
508 2008 748 2046 militantes:
780 2007 850 2046 ubi
882 2007 916 2046 si
946 2019 1046 2057 quae
1082 2007 1185 2046 forte
1215 2007 1457 2058 peperisset,
1495 2020 1591 2047 vasa
1621 2008 1788 2047 circum-

213 2066 368 2104 ferebat
394 2064 673 2103 balneatoria?
705 2063 826 2102 Bentl
872 2064 1000 2114 Epist.
1017 2064 1259 2104 ‘Hemsterh
1281 2064 1322 2103 II
1344 2064 1413 2102 55.
1446 2078 1538 2104 eum
1568 2077 1720 2104 morem
1741 2078 1788 2104 ex

212 2123 289 2161 hoo
319 2123 406 2172 ipso
437 2122 664 2172 fragmento
694 2121 904 2160 Bentleius
934 2121 1097 2160 videtur
1126 2121 1299 2163 finxisse.
1349 2122 1391 2160 in
1422 2121 1534 2160 Ionia
1564 2122 1671 2161 enim
1701 2136 1787 2162 mu-

213 2180 331 2219 lieres
363 2179 612 2218 severissime
644 2178 751 2217 domi
781 2178 1104 2217 continebantur.
1137 2179 1207 2218 sed
1236 2192 1283 2218 ea
1313 2179 1524 2230 disciplina
1555 2179 1788 2219 divitiorum

214 2237 420 2275 hominum
452 2236 541 2283 fuit,
573 2248 654 2274 non
684 2249 906 2285 pauperum
942 2235 1070 2274 infimi
1108 2236 1273 2276 ordinis.
1325 2236 1522 2276 Bacchum
1559 2236 1791 2287 compellari

215 2306 304 2332 cum
350 2293 588 2332 delicatulae
635 2292 743 2331 vitae
780 2293 1061 2331 instrumentis
1099 2293 1354 2332 Phormioni&
1390 2295 1521 2332 castra
1557 2296 1791 2344 sequentem

218 2351 362 2389 statuit
390 2350 562 2389 Meinek.
594 2350 615 2388 I
649 2350 740 2390 144.
774 2350 824 2388 cf.
856 2349 906 2388 fr.
940 2350 1036 2389 264.

965 2483 1047 2527 257

494 2559 576 2605 οὐκ
606 2561 666 2620 ἦν
697 2563 902 2619 φυλάττῃ
932 2562 979 2618 γ’
1010 2556 1093 2605 οἷδ’
1127 2565 1243 2619 ἔχων
1273 2562 1357 2621 τήν
1387 2563 1570 2608 α’σπίδα.

333 2657 500 2697 Photius
531 2660 572 2697 et
603 2659 745 2698 Suidas
785 2653 886 2697 οἶδε’
927 2655 971 2697 τὸ
1010 2654 1055 2697 δὲ
1086 2656 1212 2706 οὕτως
1244 2656 1289 2698 ἔν
1318 2662 1400 2707 τοῖς
1437 2659 1634 2708 πλείστοις
1665 2658 1806 2712 δηλοῖ,ἃ

219 2711 399 2761 Εὔπολις
435 2713 667 2766 Ταξιάρχοις
697 2717 780 2756 κτλ,
830 2715 954 2755 verba
993 2718 1088 2755 sunt
1123 2717 1377 2757 Phormionis
1408 2717 1526 2756 deum
1557 2718 1791 2758 erudientis.

140 2819 142 2823 y
221 2775 320 2811 ‘non
349 2775 388 2811 te
419 2772 646 2811 vulnerabit
674 2774 822 2823 hostis,
852 2774 888 2813 si
916 2771 974 2812 sic
1002 2775 1050 2812 ut
1078 2773 1155 2812 tibi
1185 2776 1365 2814 monstro
1396 2776 1560 2824 clipewm
1578 2778 1713 2815 tenens
1741 2776 1792 2815 ab

222 2830 374 2879 impetu
403 2830 488 2868 eius
519 2831 696 2869 cavebis?
