1872 3224
218 203 303 246 650
573 173 587 180 ⁵*
881 202 1156 238 ΠΛΑΊῺΝΟΣ

221 309 434 372 coniungit
463 309 568 348 hunc
599 309 641 346 in
671 307 857 346 modum:
895 303 1028 356 οὐδεὶς
1059 304 1231 360 ὁμαίμου
1261 306 1588 360 συμπαθέστερος
1618 307 1754 360 φίλος”
1788 305 1794 364 1

219 380 266 405 τα
297 357 335 404 δ
369 361 544 417 ἀλλότρι’
579 361 670 403 ἔσθ’
704 361 821 415 όμοια
851 366 931 404 κτλ.

974 500 1055 543 176

424 583 485 636 τῷ
517 577 703 634 στόματι
733 577 813 622 τὸν
845 579 1025 623 κύαθον
1055 573 1133 623 οἷδ’
1171 581 1412 637 εἰληφότας

335 663 566 703 Athenaeus
601 664 665 710 10,
698 664 815 703 424a
843 657 1007 703 κύαθον
1046 661 1087 703 δ’
1130 661 1194 703 ἐπὶ
1232 663 1301 703 τοῦ
1339 660 1583 717 ἀντλητῆρος
1622 663 1798 705 Πλάτων

219 719 380 773 εἴρηκεν
412 718 455 759 ἐν
484 717 624 759 Φάωνι
655 718 783 769 οὕτως
825 723 906 763 κτλ.
967 722 1084 761 initio
1124 735 1205 761 una
1245 722 1399 773 syllaba
1437 723 1562 762 deest..
1600 725 1665 762 ‘et
1704 723 1799 774 quia

219 779 355 874 pl’tllbrae
385 791 510 847 :unum
541 779 728 830 cyathum
760 792 827 819 ore
857 779 1104 831 prehendere
1134 792 1214 819 non
1244 782 1429 833 possunt,
1451 780 1704 820 scribendum
1732 782 1797 821 est

219 850 262 875 ει
301 848 500 886 ηφοτος.

973 949 1052 992 177

427 1025 488 1078 ὥς
517 1027 593 1070 καὶ
624 1030 714 1071 νῦν
745 1029 906 1084 ἔχομεν
937 1020 1190 1085 παρουσίας

335 1112 503 1151 Photius
534 1114 575 1151 et
606 1112 749 1151 Suidas
787 1111 1005 1165 παρουσία·
1042 1109 1194 1165 λέγεται
1233 1110 1361 1161 οὕτως
1393 1111 1456 1153 ἐπὶ
1487 1117 1557 1165 τῆς
1588 1118 1670 1153 τοῦν
1696 1126 1798 1166 παρ-

220 1164 348 1207 όντων
385 1167 610 1218 δαψιλείας.
669 1165 723 1216 ὦς
771 1168 839 1209 καὶ
892 1167 937 1209 ἐν
988 1175 1042 1225 τῷ
1086 1168 1306 1218 Πλάτωνος
1357 1168 1500 1210 Φαωνι
1544 1172 1626 1210 κτλ.
1687 1171 1799 1213 Suid.

220 1225 414 1265 Φαίδωνι.
446 1227 601 1266 emend.
640 1227 739 1267 Pors
743 1240 808 1267 on.
840 1228 946 1268 Med.
971 1211 1064 1268 139.
1088 1242 1126 1270 n.
1149 1228 1239 1267 XII.
1280 1229 1338 1269 ‘ut
1367 1231 1484 1269 etiam
1503 1241 1613 1270 nunc
1631 1229 1799 1269 vivims

218 1286 263 1325 m
291 1285 537 1333 adfluentia!
571 1285 621 1324 cf.
654 1280 708 1332 ὥς
740 1282 897 1336 τάχους,
929 1281 984 1333 ὥς
1014 1284 1153 1325 ποδῶν
1182 1280 1302 1337 εἶχον.

974 1420 1054 1464 178

317 1559 334 1579 ³
1100 1491 1136 1543 ὦ
1166 1501 1371 1557 χρυσοῦν
1401 1499 1626 1556 ἀνάδημα,

298 1567 333 1610 ὦ
364 1575 511 1611 τοῖσιν
544 1569 669 1624 ἐμοῖς
698 1575 968 1625 τρυφεροῑσι
998 1566 1291 1624 τρόποις..
1323 1585 1357 1612 ω
1390 1565 1563 1624 γλυκὺς
1592 1565 1758 1624 ayxm'v.

338 1664 481 1704 Suidas
511 1661 661 1716 γλυκὺς
684 1658 857 1734 τ’ἆγκεόν,
895 1660 943 1703 οὐ
981 1660 1074 1703 κατ’
1114 1661 1352 1704 ἐναντίωσιν
1385 1660 1411 1716 ἡ
1448 1662 1659 1716 παροιμία,
1699 1659 1798 1703 ἀλλὰ

222 1718 463 1773 βουλόμενος
495 1720 635 1773 εἰπεῖν,
667 1735 698 1760 ω
730 1718 876 1774 γλυκέα
905 1719 1006 1773 ἤθη.
1067 1719 1148 1760 ἔστι
1185 1717 1230 1760 δὲ
1265 1719 1457 1775 παροιμία
1487 1717 1541 1767 ὡς
1572 1718 1797 1771 ἐπιφωνού-

221 1791 356 1829 μενον.
418 1775 547 1826 οὕτως
579 1775 769 1831 ἐχρήσατο
800 1776 974 1818 Πλατων
1003 1775 1025 1818 ὁ
1055 1776 1228 1830 κωμικὸς
1267 1776 1312 1818 ἐν
1341 1783 1395 1834 τῷ
1426 1776 1580 1846 Φάωνι.
1639 1775 1799 1832 γέρων

221 1832 261 1874 δ’
304 1831 438 1890 αυτῷ
474 1831 743 1876 υπόκειται
780 1833 907 1888 ἐρῶν
944 1832 1253 1906 αὐλητρίδος
1292 1837 1374 1875 κτλ.
1434 1832 1489 1883 ὥς
1520 1834 1561 1875 εί
1586 1849 1644 1883 τις
1680 1832 1798 1888 λέγοι,

159 1926 162 1931 .
224 1907 255 1931 ω
285 1875 436 1945 γλυκὺς
466 1898 610 1945 πῆχυς.
651 1894 699 1932 cf.
731 1893 916 1944 Apostol.
949 1895 987 1943 5,
1022 1894 1088 1934 50.
1128 1889 1378 1946 ἡρμοσμένον
1413 1895 1507 1944 posfi
1544 1890 1704 1944 τρόποις
1739 1893 1798 1933 in-

227 1951 326 1990 serit
356 1951 579 1991 Meinekius
610 1951 647 1989 V
678 1952 745 1991 49.
777 1953 839 1991 est
869 1952 991 1991 etiam
1021 1951 1281 2002 proverbium
1311 1948 1462 2002 γλυκὺς
1492 1946 1628 2003 ἀγκών
1658 1963 1682 1990 a
1710 1950 1793 1990 Nili

226 2008 397 2058 quadam
443 2021 569 2059 prope
607 2009 816 2058 Memphin
859 2009 1028 2049 flexione
1073 2005 1277 2062 (Ancona)
1321 2008 1552 2058 repeffitum.
1612 2007 1661 2047 cf.
1692 2007 1798 2047 Plat.

225 2065 396 2104 Phaedr.
430 2066 549 2105 257d
580 2078 669 2105 cum
701 2066 823 2106 schol.
857 2070 897 2105 et
934 2066 1145 2108 Heindorf.
1178 2066 1325 2106 Zenob.
1358 2066 1403 2114 2,
1430 2066 1483 2105 92
1515 2064 1678 2117 (Zenob.
1710 2064 1798 2104 Mil-

223 2123 296 2160 leri
327 2123 534 2174 Melanges
566 2121 681 2174 368).
718 2122 839 2174 Greg.
872 2122 991 2175 Cypr.
1026 2123 1137 2163 Leid.
1170 2124 1206 2173 1,
1230 2124 1297 2163 86.
1327 2122 1513 2162 Mantiss.
1542 2122 1727 2173 proverb.
1762 2123 1798 2171 1,

223 2180 276 2217 42
309 2181 349 2219 et
381 2180 449 2231 qui
480 2193 564 2219 rem
596 2180 713 2219 aliter
744 2181 907 2230 exponit
938 2180 1086 2222 Athen.
1121 2181 1194 2227 12,
1229 2178 1798 2230 516a.Lobeck.Ag1a0ph.

227 2237 348 2276 1022.
381 2237 688 2278 Grauert.1nd.
720 2238 893 2277 Monast.
925 2237 1010 2276 hib.
1045 2236 1215 2290 183οβ1.
1247 2237 1316 2277 sed
1344 2239 1463 2288 poeta
1493 2237 1542 2276 de
1572 2236 1684 2276 nullo
1715 2236 1794 2275 alio

225 2307 345 2344 quam
376 2294 423 2334 de
453 2294 686 2334 felicissimo
716 2294 758 2333 in
786 2295 944 2344 puellae
974 2295 1070 2334 ulna
1100 2294 1247 2346 angulo
1270 2294 1476 2345 cogitavit.
1508 2307 1567 2344 χρ.
1595 2288 1796 2344 ἆνοὲδημα,

222 2352 248 2390 i.
282 2365 316 2390 e.
348 2353 456 2391 dulce
486 2353 601 2392 decus
630 2364 768 2391 meum.
800 2352 878 2391 alio
909 2351 1048 2400 modo,
1081 2352 1151 2391 sed
1187 2351 1285 2391 item
1321 2351 1495 2413 figurate
1525 2350 1627 2389 Xen.
1660 2349 1797 2401 Symp.

225 2409 262 2456 5,
295 2410 319 2447 9
351 2409 404 2463 τῷ
444 2406 652 2460 νικήσαντι
686 2406 740 2460 μὴ
781 2407 958 2460 ταινίας,
994 2405 1092 2448 ἀλλὰ
1128 2403 1328 2460 φιλήματα
1364 2401 1599 2459 αναδήματα
1632 2436 1641 2446 .
1664 2437 1674 2446 .
1696 2420 1796 2460 ,γε-

224 2448 387 2504 νέσθαι.

975 2576 1057 2620 179

340 2659 718 2711 Sch01.Aristoph.
759 2660 869 2700 Plut.
910 2661 989 2699 179
1037 2657 1239 2710 ἐμφαίνει
1266 2657 1311 2698 δὲ
1347 2656 1415 2697 καὶ
1452 2654 1626 2697 Πλατων
1662 2655 1707 2697 ἐν
1743 2662 1797 2712 τῷ

227 2714 393 2769 Φαίδρῳ
440 2714 604 2770 (Φάωνι
643 2715 838 2770 Meinek.)
879 2714 1198 2785 ἓπτακαιδεκατῳ
1236 2713 1311 2755 ἔτει
1355 2713 1524 2768 ὕστερον
1562 2698 1796 2766 διδαχθέντι

226 2771 290 2812 ἐπὶ
324 2771 562 2824 Διοκλέους,
597 2771 652 2822 ὥς
681 2771 856 2826 μηκέτι
885 2769 1043 2825 αὐτῆς
1069 2772 1300 2825 (Λαΐδος)
1331 2770 1498 2824 ου’σης.
1537 2771 1797 2812 discernenda

223 2831 481 2928 {zelo—{328
495 2832 544 2871 ab
586 2833 712 2872 altera
752 2832 920 2871 minore.
970 2831 1142 2870 Meinek.
1175 2831 1196 2869 I
1229 2831 1322 2870 187.
1360 2830 1506 2882 Bergk.
1549 2831 1597 2870 R.
1636 2842 1668 2869 c.
1705 2829 1795 2868 Att.

1856 2900 1872 2962 4³
