1872 3224
70 183 79 231 'i
114 184 147 203 7-
160 196 163 198 .
194 207 195 210 η
282 173 286 176 ’
773 178 1041 219 ΤΑΞΙΑΡΧΟΙ
1606 188 1687 230 327

107 284 278 327 ‚lavandi
308 286 560 326 occasionem
591 298 671 325 non
691 287 848 336 habeat,
881 289 1002 328 etiam
1024 303 1163 342 sagum
1185 291 1388 331 sordidum
1409 292 1556 332 factum
1580 294 1690 342 dicit,

33 362 42 398 3
113 342 224 393 quod
254 348 398 384 moneo
432 345 601 394 propter
632 343 842 384 Cobetum.

869 457 952 499 252

552 533 618 578 ὅτ’
650 529 708 592 ἦν
738 538 891 592 μέντοι
921 535 1153 592 νεώτερος,
1186 537 1352 594 κρόκης

390 604 523 648 πέντε
555 607 779 661 στατῆρας
810 601 922 661 εἶχε,
954 606 1030 649 ναὶ
1060 605 1120 662 μὰ
1151 604 1232 650 τὸν
1261 609 1365 651 Δία.

390 677 439 720 Β.
471 676 563 717 νῦν
594 673 644 716 δὲ
676 674 827 731 ῥύπου
857 690 908 730 γε
941 674 1024 718 δύο
1055 675 1253 718 τάλαντα
1284 676 1461 734 ῥᾳδίως.

209 759 373 800 ‚Pollux
404 760 442 809 9,
475 759 527 798 58
559 756 740 805 Εὔπολις
772 756 815 797 ἐν
843 755 918 810 μὲν
952 757 1103 810 Δήμοις
1134 751 1176 797 τὸ
1206 757 1379 811 νόμισμα
1417 759 1536 812 δηλοῖ
1565 760 1690 815 λέγων

115 815 233 870 ξὲχων
262 821 457 870 στατῆρας
489 818 586 859 κτλ,’
640 814 684 855 ἐν
710 813 755 855 δὲ
787 811 1016 868 Ταξιάρχοις
1045 809 1118 868 τὴν
1148 815 1277 869 ῥοπὴν
1306 815 1425 869 λέγει·
1449 816 1510 857 ὅτ’
1532 813 1586 871 ἦν
1606 822 1686 860 κτλ.

115 877 153 916 2.
185 869 358 928 εἷχε]’ἧγε
389 876 627 924 Meinfflzius,
668 868 771 914 εἷλκε
813 874 1000 914 Cobetus.
1034 875 1181 914 Mnem.
1214 874 1249 912 V
1284 877 1362 914 108
1394 875 1515 926 ‘quod
1544 878 1688 917 Atticis

113 934 243 974 multo
258 934 375 973 estin
391 933 466 972 tali
480 946 523 972 re
543 932 760 973 usitatius’.
839 934 874 971 3.
893 932 938 972 Β.
956 932 1046 974 add.
1062 933 1111 971 K.
1134 955 1182 960 —
1201 933 1248 971 fr.
1264 933 1486 971 251813252
1505 933 1546 972 in
1565 948 1689 973 unum

114 991 386 1043 coniungebat
405 990 651 1030 Meinekius:
684 990 748 1029 cui
775 990 862 1029 iure
892 990 1125 1031 adversatur
1157 989 1332 1030 Cobetus
1362 989 1509 1029 Mnem.
1538 991 1574 1029 V
1602 992 1689 1033 107.

0 1061 15 1083 r:
112 1062 242 1101 neque
263 1049 468 1101 Dionysus
498 1061 628 1099 neque
657 1046 806 1100 τρίβων
836 1048 913 1087 dici
933 1049 1090 1098 poterat
1112 1045 1313 1099 νεώτερος.
1346 1047 1558 1098 significari
1578 1049 1689 1089 vide-

0 1150 3 1161 r
30 1115 35 1118 '
112 1110 181 1148 tur
202 1108 404 1157 Phormio,
436 1107 547 1146 cuius
577 1106 738 1145 habitus
768 1106 818 1145 fr.
852 1107 933 1144 252
967 1106 1204 1144 describitur
1233 1107 1280 1144 ut
1310 1105 1454 1145 Bacchi
1485 1107 1579 1145 251.
1626 1106 1688 1146 ‘eo

111 1167 296 1216 tempore
326 1177 405 1216 quo
426 1164 603 1204 nondum
626 1177 746 1203 senex
767 1166 863 1212 erat,
897 1160 1041 1215 (vestis
1062 1160 1165 1215 eius)
1189 1163 1364 1214 quinque
1386 1165 1551 1203 stateras
1573 1164 1685 1202 lanae

90 1223 318 1264 ‘habebat'
351 1222 401 1262 B.
432 1224 492 1261 ‘at
520 1234 627 1261 nune
657 1221 772 1261 facile
803 1220 880 1260 duo
912 1220 1063 1259 talenta
1093 1220 1330 1279 sordiuQnssl

858 1343 942 1386 253

388 1426 519 1468 δίδου
551 1413 784 1479 μασᾶσθαι
810 1423 988 1475 ,Ναξίας
1018 1420 1300 1478 ἀμυγδάλας,

388 1491 519 1538 οἶνόν
549 1509 597 1537 τε
628 1496 779 1536 πίνειν
810 1492 997 1544 Ναξίων
1027 1489 1105 1534 ἀπ’
1139 1489 1366 1546 ἀμπέλων.

226 1580 461 1620 Athenaeus
493 1580 531 1628 2,
563 1578 654 1618 52d
693 1574 988 1616 ἐπακτικώτατα
1027 1572 1071 1614 δὲ
1108 1571 1206 1627 πρὸς
1244 1571 1370 1613 ποτὸν
1399 1570 1446 1612 τὰ
1476 1570 1686 1626 ἀμύγδαλα

111 1636 421 1690 προεσθιόμενα.
472 1633 673 1683 Εὔπολις·
707 1634 823 1674 δίδου
854 1636 935 1673 κτλ.
957 1628 1010 1685 ἦν
1030 1630 1074 1673 δέ
1094 1647 1154 1680 τις
1175 1630 1349 1683 ἄμπελος
1381 1630 1517 1679 Ναξία
1538 1633 1684 1670 καλου-

109 1693 225 1748 μένη.
271 1695 512 1735 Ammonius
542 1689 753 1745 ἆμνυγδαλῆ
785 1689 844 1744 (p.
879 1691 950 1743 12)
990 1686 1200 1742 ἀμυγδάλη
1230 1686 1274 1728 δὲ
1304 1686 1583 1740 παροξυτόνως
1615 1686 1688 1727 τὸν

109 1752 279 1806 καρπόν,
330 1750 442 1791 καθὰ
473 1750 541 1791 καὶ
570 1749 751 1798 Εὔπολις
784 1747 836 1789 ἐν
870 1747 1170 1800 Ταξιάρχοις
1202 1745 1319 1797 φησί·
1355 1745 1470 1784 δίδου
1506 1767 1550 1773 -
1585 1737 1683 1796 ἄμυ-

111 1809 275 1865 γδάλας.
308 1811 360 1851 cf.
390 1810 636 1850 Baehmann.
669 1808 819 1847 Anecd.
851 1807 892 1846 II
922 1807 1018 1845 376.
1050 1805 1195 1845 Bacchi
1226 1805 1348 1843 verba
1368 1816 1454 1843 esse
1474 1803 1686 1853 amygdala

109 1869 329 1920 vinumque
344 1868 548 1919 poscentis
565 1866 788 1906 Meinekius
810 1865 952 1904 statuit
969 1864 988 1902 I
1008 1863 1100 1903 144.
1134 1875 1186 1901 an
1207 1862 1460 1900 scribendum
1482 1857 1589 1898 ἐδίδ
1598 1859 1683 1898 ov‘?

111 1927 159 1968 de
190 1928 356 1967 accentu
386 1926 495 1965 vocis
525 1920 735 1975 ἀμυγδαλῆ
773 1922 821 1964 cf.
858 1921 1075 1960 Herodian.
1102 1919 1122 1958 I
1151 1920 1254 1967 321,
1288 1919 1339 1956 22
1371 1918 1506 1956 Lentz.
1539 1917 1683 1956 Athen.

111 1985 150 2034 2,
183 1984 275 2026 52f.
306 1983 491 2022 Pherecr.
527 1982 621 2020 148.
660 1981 811 2031 Phryn.
845 1980 912 2018 60.

857 2089 947 2133 254

1085 2140 1143 2194 ὡς
1173 2140 1321 2186 οὐκέτ’
1354 2141 1413 2185 οἲν

387 2219 578 2276 φάγοιμι
611 2251 621 2260 .
652 2253 661 2261 .
697 2250 705 2258 .
739 2214 952 2270 στιβάδος
984 2211 1029 2264 ἐξ
1062 2210 1168 2255 ὅτου
1189 2209 1375 2267 ”φυγον.

227 2306 362 2346 Schol.
392 2303 601 2364 Aristoph.
634 2302 723 2342 Pac.
755 2300 836 2339 347
878 2297 920 2337 οῖ
952 2294 998 2336 τὰ
1036 2288 1226 2347 πολεμικοὶ
1265 2291 1574 2344 ἕξασκησοέμενοι
1603 2285 1683 2331 ὑπὸ

111 2362 347 2418 γυμνασίων
375 2359 443 2401 καὶ
472 2355 609 2399 πόνων
639 2356 811 2398 εἰώθασι
841 2357 1118 2408 χαμαικοιτεῖν.
1151 2351 1218 2392 καὶ
1251 2349 1463 2396 Διονύσιος
1495 2349 1682 2401 (Meinek.

114 2420 335 2473 Διόνυσος)
375 2418 419 2459 ἐν
459 2416 692 2470 Ταξιάρχοις
733 2410 830 2467 παρ’
872 2406 1072 2451 Εὐπόλιδι
1100 2407 1327 2461 μανθάνων
1355 2405 1463 2458 παρὰ
1494 2411 1546 2460 τῷ
1580 2407 1681 2456 Φορ-

111 2479 232 2531 μίωνι
261 2476 352 2524 τοὺς
383 2482 465 2516 τῶν
485 2475 730 2528 στρατηγιῶν
751 2471 819 2512 καὶ
848 2467 1030 2522 πολέμων
1060 2467 1207 2519 νόμους
1238 2463 1383 2516 φησίν·
1405 2461 1459 2511 ὡς
1482 2465 1560 2501 κτλ.
1595 2463 1681 2501 Sui-

79 2542 82 2544 ’
113 2538 185 2577 das
229 2535 438 2588 Φορμίων·
482 2532 550 2572 καὶ
597 2531 788 2583 παροιμία
832 2527 1064 2579 Φορμίωνος
1103 2522 1242 2576 στιβὰς
1282 2520 1345 2560 ἐπὶ
1382 2525 1463 2559 τῶν
1500 2516 1679 2558 εὐτελῶν.

113 2589 229 2642 οὗτος
259 2591 335 2646 γὰρ
366 2587 386 2632 ὁ
419 2589 612 2643 Φορμίων
641 2582 795 2642 ἀγαθὸς
828 2582 980 2638 ἐγένετο
1011 2577 1234 2634 στρατηγός.
1274 2576 1340 2617 καὶ
1373 2575 1416 2616 ἐν
1449 2574 1681 2640 Ταξιάρχαις

114 2648 158 2691 δὲ
188 2648 353 2702 φέρεται
383 2646 437 2697 ὡς
469 2646 658 2694 ἐπίπονος
691 2676 699 2685 .
734 2677 742 2685 .
777 2676 785 2685 .
820 2640 887 2681 καὶ
918 2638 1135 2685 Διονύσιος
1166 2634 1406 2692 (Διόνυσος)
1439 2632 1483 2673 ἐν
1515 2634 1680 2684 Ταξιαρ-

113 2722 225 2760 χαις·
257 2704 311 2756 ὡς
341 2709 423 2750 κτλ,
484 2702 664 2759 φάγοιμι]
710 2702 878 2756 φύγοιμι
915 2699 1025 2738 Suid.
1059 2698 1094 2736 A
1131 2698 1172 2734 et
1209 2694 1329 2734 schol.
1361 2693 1431 2732 Ar.
1464 2691 1511 2730 V.
1571 2686 1678 2741 ὅτου]

114 2764 214 2806 ὅσου
246 2766 360 2806 Suid.
381 2766 434 2805 A.
481 2759 614 2815 φύγον
636 2759 768 2813 Suid.]
801 2754 932 2810 φάγον
953 2755 1072 2796 schol.
1104 2750 1177 2791 Ar.
1200 2752 1247 2793 V.
1277 2752 1458 2790 lacunam
1488 2748 1682 2814 infliqavit

114 2824 354 2864 Meinekius.
404 2823 551 2873 Bergk.
590 2821 638 2862 R.
678 2833 710 2859 o.
742 2819 829 2859 Att.
863 2816 941 2854 361
987 2846 995 2854 .
1028 2842 1038 2851 .
1070 2807 1250 2861 φάγοιμι,
1282 2804 1491 2857 στιβάδας
1523 2805 1560 2851 εξ
1589 2816 1679 2841 οτου

103 2880 272 2934 ”φαγον.
305 2880 479 2921 Cobetus
509 2879 560 2918 N.
582 2879 610 2917 1.
644 2877 725 2928 154
755 2871 810 2922 ὥς
840 2866 969 2911 οὐκέτ’
1002 2865 1056 2910 οἲν
1085 2862 1248 2919 φύγοιμ’
1283 2861 1371 2917 ἐγώ,
1399 2867 1405 2911 Ι
1432 2860 1475 2901 ἐν
1504 2859 1679 2913 Φορμίω-
