1872 3224
213 177 296 220 322
841 173 1140 207 ΕΤΠΟΛΙΔΟΣ

210 279 404 335 Ἀρχίδης.
467 278 641 326 Εὔπολις
672 278 850 318 Πόλεσιν
887 276 1093 324 α’σπουδος
1132 273 1172 316 δ’
1212 273 1316 329 ἀνὴρ
1354 276 1580 318 σπουδαίου
1617 276 1787 319 κακίων.

213 341 435 380 Meinekius
462 336 684 384 α’σπουδος·
718 333 739 376 ὁ
769 334 822 388 μὴ
854 334 1164 387 σπουδαρχίδης.
1225 331 1352 382 οὕτως
1393 333 1572 384 Εὔπολις
1610 333 1792 377 Πόλεσιν

214 399 292 435 κτλ.
326 394 718 447 σπουδαρχίδου.
758 395 804 433 ef.
837 393 1042 459 Aristoph.
1075 393 1178 432 Ach.
1203 393 1298 431 595
1332 393 1548 444 desumpta
1578 393 1674 434 haec
1702 406 1790 435 esse
1836 399 1837 404 ’

212 454 401 494 videntur
421 466 468 492 ex
489 454 744 503 syntagmate
765 452 948 499 iambico,
979 451 1022 490 in
1052 463 1131 500 quo
1164 445 1275 502 λόγος
1304 447 1438 501 ἥττων
1457 451 1593 492 nescio
1613 451 1704 503 quis
1725 450 1792 492 de-

211 524 402 562 magogos
433 510 687 550 defendebat
747 509 864 548 initio
895 521 1035 549 versus
1067 507 1215 549 desunt
1244 511 1326 547 tres
1358 508 1552 560 syllabae.

958 620 1044 663 235

415 705 508 746 ἔστι
540 702 592 744 δέ
619 718 684 752 τις
713 700 879 756 θήλεια
913 699 1157 751 Φιλόξενος
1189 699 1240 743 ἐκ
1271 702 1516 757 Διομείων.

327 787 457 826 Schol.
490 786 697 836 Aristoph.
720 784 842 836 Vesp.
875 785 928 823 82
960 782 1027 822 καὶ
1056 781 1132 836 γὰρ
1163 779 1184 823 ὁ
1214 779 1428 832 Φιλόξενος
1459 779 1791 839 {ummpdstto‘ossc
1867 822 1872 826 .

211 839 369 895 πόρνος.
402 841 579 889 Εὔπολις
610 841 789 881 Πόλεσιν
819 843 900 881 κτλ.
933 842 980 880 de
1011 842 1226 881 Philoxeno
1257 842 1308 881 cf.
1330 841 1539 893 Aristoph.
1559 841 1668 882 Nub.
1689 842 1789 883 680.
1852 823 1872 891 ἶ,

212 901 314 940 Ran.
347 902 429 940 934
461 903 501 940 et
530 901 644 951 plura
675 901 779 951 apud
818 899 1037 950 Bergkium
1074 899 1123 938 R.
1157 912 1188 938 0.
1220 899 1308 938 Att.
1341 899 1423 938 218
1438 913 1499 951 sq
1560 898 1789 946 Hieroclem
1860 911 1872 951 ξ

210 959 319 1009 loqui
351 959 555 997 oraculum
586 958 822 997 fundentem
853 957 1071 996 arbitratur
1101 956 1272 1007 Raspius
1307 958 1872 996 105.

959 1080 1044 1123 236

415 1178 448 1204 ω
483 1161 692 1215 δέσποτα,
725 1159 799 1202 καὶ
830 1160 936 1202 τάδε
966 1161 1056 1202 νῦν
1087 1156 1303 1213 ἄκουσον,
1335 1155 1394 1202 ἁν
1425 1159 1541 1216 λέγω
1572 1172 1658 1204 σοι.

325 1245 455 1284 Schol.
488 1244 707 1295 Hephaest.
743 1245 807 1292 15,
841 1245 865 1283 3
898 1246 994 1284 extr.
1028 1239 1121 1280 ἔσθ’
1155 1239 1218 1282 ὅτε
1254 1241 1322 1282 καὶ
1361 1241 1431 1291 τὰς
1470 1241 1662 1297 ἰαμβικὰς
1701 1241 1788 1284 ἐπι-

207 1299 420 1354 μιγνύουσι
451 1304 537 1348 ταῖς
567 1298 882 1366 κατειλεγμέναις
921 1299 1151 1353 συζυγίαις,
1190 1305 1239 1354 τῇ
1275 1314 1316 1339 τε
1356 1300 1500 1370 ἰωνικῇ
1535 1299 1605 1341 καὶ
1640 1300 1689 1356 τῇ
1726 1314 1789 1366 χο-

209 1359 412 1418 ριαμβιιιη,
442 1356 563 1398 παλιν
592 1354 863 1411 προσοδιακὸν
892 1360 1124 1409 καλοῦντες,
1155 1355 1288 1410 ὥσπερ
1310 1355 1491 1406 Εὔπολις
1523 1356 1568 1398 ἐν
1597 1361 1683 1407 ταῖς
1702 1353 1789 1399 Πό-

212 1417 339 1455 λεσιν·
372 1417 402 1454 ὠ
436 1413 606 1454 δέσποτα
637 1418 717 1455 κτλ.
769 1413 823 1455 ἂν
852 1417 978 1456 Dobr.
1010 1417 1118 1466 apud
1157 1415 1304 1468 Gaisfi]
1344 1411 1372 1454 ἁ
1411 1416 1535 1458 Turn.
1566 1416 1614 1456 E.
1648 1429 1788 1458 versus

210 1475 271 1513 est
300 1474 588 1515 Archilochius.
622 1474 671 1513 of.
704 1473 750 1513 G.
783 1473 921 1512 Herm.
954 1474 1015 1512 El.
1040 1473 1166 1512 doctr.
1189 1475 1307 1512 metr.
1332 1473 1429 1513 593.
1461 1473 1609 1525 Opusc.
1632 1472 1789 1516 V208.

957 1596 1039 1638 237

325 1679 454 1719 Schol.
477 1679 685 1730 Aristoph.
707 1679 808 1718 Ran.
833 1681 916 1719 970
947 1675 1293 1732 (Θηραμένης)
1316 1679 1438 1720 δοκεῖ’
1454 1678 1789 1734 προσγεγραφθαι

209 1741 257 1790 τῇ
287 1735 463 1775 πολιτεία
483 1734 690 1789 ’Ἅγνωνος
721 1731 848 1775 αὐτὸν
878 1734 1165 1787 ποιησαμένου,
1196 1733 1251 1784 ὧς
1282 1735 1470 1785 Ευπολις
1496 1735 1688 1778 Πόλεσιν.
1735 1738 1784 1781 of·

209 1794 310 1833 Xon.
343 1794 451 1832 Hell.
485 1795 527 1843 2,
561 1795 606 1845 3,
637 1795 703 1834 30.
765 1793 894 1834 Schol.
926 1794 1134 1845 Aristoph.
1174 1795 1275 1836 Ran.
1316 1796 1398 1835 541
1430 1793 1638 1849 ’Ἅγνωνος
1675 1797 1784 1846 παῖς,

208 1848 413 1904 Στειριεὺς
445 1855 526 1890 τῶν
555 1849 709 1903 δήμων.

956 1939 1041 1983 238

324 2021 454 2062 Schol.
476 2022 640 2062 Lucian.
663 2023 765 2061 Tim.
789 2024 844 2062 30
865 2017 1206 2077 (Ὑπερβόλου)
1239 2038 1294 2071 ως
1325 2022 1598 2077 παρελθόντος
1619 2021 1713 2064 νέου
1733 2028 1790 2080 ros

212 2073 361 2130 βήματι
389 2076 583 2131 μέμνηται
615 2109 623 2118 .
648 2077 906 2127 ..Εὔπολις
938 2079 1098 2120 Πόλεσι.
1129 2079 1424 2134 προσελθόντος
1446 2064 1786 2124 Ηθιιιεὺθτὶιΰείῦέ.

944 2203 1029 2247 239

324 2284 457 2324 Schol.
497 2285 656 2326 Platon.
698 2288 777 2327 331
820 2287 947 2326 Bekk.
979 2285 1159 2334 Ευπολις
1191 2285 1235 2326 ἐν
1264 2285 1414 2327 Πόλεσι
1445 2285 1514 2327 δια
1543 2283 1620 2340 τὴν
1647 2281 1787 2342 χροιᾶν

209 2339 424 2390 πύξινον
468 2339 844 2398 (Χαιρεφωντα)
891 2345 1016 2386 καλεῖ.
1078 2344 1210 2384 Schol.
1251 2345 1459 2396 Aristoph.
1500 2344 1620 2397 vesp.
1661 2346 1784 2387 1408.
1847 2347 1849 2349 ’

208 2398 374 2449 interpr.
405 2399 511 2438 Nub.
549 2401 642 2441 104.

952 2489 1037 2532 240

323 2570 454 2609 Schol.
485 2572 693 2622 Aristoph.
724 2572 897 2612 Acharn.
930 2573 1013 2612 504
1044 2571 1100 2619 εἰς
1130 2569 1178 2611 τὰ
1210 2570 1410 2611 Διονύσια
1449 2569 1628 2612 ἐτέτακτο
1654 2569 1783 2624 Ἀθή-

208 2626 300 2673 ναζε
329 2627 504 2677 κομίζειν
533 2626 603 2675 τὰς
633 2627 768 2676 πόλεις
798 2627 892 2676 τοὺς
922 2628 1094 2682 φόρους,
1133 2625 1187 2676 ὥς
1219 2627 1400 2676 Εὔπολίς
1431 2639 1557 2681 φησιν
1587 2627 1631 2670 ἐν
1660 2627 1783 2672 Πόλε-

208 2691 285 2724 σιν.
317 2683 366 2723 cf.
399 2684 521 2724 schol.
555 2686 649 2725 378.

949 2774 1032 2816 241

321 2854 583 2905 Harpocratio
618 2856 682 2904 14,
715 2857 766 2894 22
803 2851 1100 2908 μνημονεύουσι
1137 2852 1182 2895 δὲ
1211 2855 1253 2895 οἱ
1277 2855 1443 2909 κωμικοὶ
1479 2835 1670 2907 πολλάκις
1700 2863 1782 2899 ταῖν
