1872 3224
210 198 266 240 24
432 212 434 215 f
850 183 1100 220 KPATINOT

211 296 400 352 πρόβατα.
458 297 656 336 Bekkerus
701 290 824 331 ἕνεῐεν
861 287 1061 353 ἐνταυθοῖ.
1101 282 1269 324 ἐνταυθὶ
1313 283 1486 347 Meinek.
1527 281 1580 347 cf.
1617 279 1761 320 Elmsl.

212 359 332 397 Arist.
371 356 467 394 Ach.
509 354 597 390 152.
629 350 675 391 Gr.
708 349 840 387 Herm.
880 347 1000 384 Arlst.
1037 343 1144 382 Nub.
1187 343 1282 381 813.
1320 353 1402 379 non
1438 351 1604 378 nlmiam
1639 337 1765 404 ‘'3¹²⁸ss

215 411 496 463 antiquissimis
524 409 603 446 illis
633 404 877 455 temporibus
906 402 1105 452 regiorum
1135 411 1347 450 puerorum
1378 395 1620 448 elegantiam
1639 406 1765 446 sigm-

211 471 319 509 ficat:
349 481 450 510 ,nam
480 466 618 506 eisdem
653 463 784 502 cultris
822 472 906 500 oves
942 458 1092 498 tonderi
1130 461 1164 496 et
1192 459 1389 505 pastores,
1428 453 1498 504 qui
1535 451 1770 504 saepissime

214 528 325 566 erant
353 523 575 574 regulorum
603 520 686 559 filii.

953 647 1007 689 38

411 743 574 798 στολὴν
605 741 653 784 δὲ
684 739 737 795 δὴ
768 736 856 781 τίν’
889 734 998 792 εἶχε;
1031 734 1164 779 τοῦτό
1195 751 1269 791 μοι
1301 732 1496 790 φράσον.

408 816 460 854 Β.
491 811 679 864 θύρσον,
711 807 956 863 κροκωτόν,
988 805 1210 855 ποικίλον,
1242 803 1504 858 καρχήσιον.

323 917 541 956 Macrobius
572 915 729 954 Saturn.
763 914 799 961 5,
832 914 881 950 21
914 923 983 951 nec
1011 911 1115 950 solus
1151 908 1398 959 Asclepiades
1432 908 1610 948 meminit
1646 907 1767 948 Ῑιωὶκε

205 976 334 1025 poculi
363 971 591 1026 (καρχήσιον
622 966 753 1022 dicit),
785 970 850 1009 seol
879 973 911 1008 et
941 970 1011 1008 alii
1040 971 1177 1017 poetae
1206 968 1374 1006 illustres
1409 970 1453 1006 ut
1476 996 1484 1006 .
1511 995 1520 1005 .
1543 994 1552 1003 .
1576 962 1767 1006 Gra'tioms

213 1034 254 1071 in
282 1025 666 1081 Διονυσαλεξάνδρῳ.
713 1030 748 1065 1.
779 1024 891 1064 τοῦτό
910 1039 974 1076 μοι
1004 1020 1159 1076 φράσον
1188 1024 1351 1065 Porson.
1391 1024 1488 1062 Eur.
1526 1023 1622 1064 Hec.
1661 1019 1763 1076 788]

211 1094 659 1130 ΤΟΤΔΟΜΟῙΦΡΑΣΟΝ
689 1084 732 1125 Ρ.
765 1085 831 1122 τοῦ
870 1079 909 1121 δ’
943 1079 1135 1134 ὁμόχροον
1178 1081 1352 1122 Gronov.
1391 1082 1519 1131 pater.
1564 1076 1769 1133 κροκωτὸν

209 1139 373 1194 ἱμάτιον,
403 1141 578 1181 ποικίλον
607 1145 765 1192 χιτῶνα,
795 1134 1006 1191 καρχήσιον
1034 1139 1233 1189 poculum.
1265 1139 1434 1178 fortasse
1453 1137 1566 1177 Paris
1588 1138 1767 1177 extrema

212 1201 344 1239 fabula
387 1200 435 1238 ad
473 1200 662 1238 Helenam
701 1198 965 1248 proficiscens,
988 1210 1010 1235 a
1030 1195 1184 1235 Venere
1215 1196 1257 1234 in
1285 1195 1429 1235 Bacchi
1459 1193 1767 1235 similitudinem

213 1256 419 1307 magnifice
447 1257 663 1295 instructus
695 1254 950 1305 significatur.
983 1253 1082 1292 Poll.
1116 1254 1152 1300 7,
1184 1252 1237 1292 47
1269 1249 1312 1291 τὸ
1343 1248 1387 1290 δὲ
1415 1250 1599 1291 ποικίλον
1619 1245 1766 1291 Διονύ·

213 1323 283 1351 σου
313 1310 430 1363 χιτών
457 1307 653 1363 βακχικός.
694 1311 808 1352 Phot.
838 1309 1039 1349 ποικίλον·
1071 1307 1114 1348 τὸ
1143 1303 1416 1348 Διονυσιακὸν
1446 1306 1603 1359 ἱμάτιον
1640 1305 1768 1356 οὕτως

212 1367 354 1421 ἔλεγον.
390 1370 436 1408 de
464 1371 618 1408 crocota
647 1368 856 1407 mulierum
877 1369 987 1407 veste
1018 1367 1067 1406 cf.
1100 1367 1225 1406 Arist.
1259 1367 1359 1406 Ran.
1391 1368 1444 1407 46
1476 1379 1567 1406 cum
1597 1366 1766 1417 interpr.
1830 1388 1836 1391 -
1868 1377 1870 1379 ’

957 1500 1012 1542 39

412 1577 494 1622 οὐκ
524 1579 635 1622 ἄλλα
665 1578 822 1634 βόλιτα
852 1576 1003 1634 χλωροὶ
1033 1576 1282 1636 κςόσπωτὴν
1312 1586 1483 1622 πατεῖν.

324 1684 449 1723 Schol.
479 1685 681 1735 Aristoph.
704 1685 799 1735 Lys.
832 1685 912 1724 575
944 1688 1015 1722 τοῦ
1046 1682 1152 1735 ἐρίου
1185 1680 1206 1722 ὁ
1239 1683 1366 1737 ῥύπος
1398 1683 1572 1751 οἰσπωτὴ
1603 1683 1767 1739 λέγεται.

214 1742 404 1792 Κρατῖνος
436 1739 828 1795 Διονυσαλεξάνδρῳ.
883 1737 956 1779 οὐκ
986 1737 1083 1779 ἀλλὰ
1114 1738 1250 1793 βόλιτα
1278 1765 1320 1771 -
1346 1738 1569 1794 κῶσπωτην
1598 1744 1768 1784 Porson.
1805 1782 1809 1787 .

214 1798 377 1839 Advers.
403 1793 498 1852 284]
531 1794 577 1836 οὐ
607 1793 706 1837 καλὰ
736 1793 900 1850 βόλβιτα
922 1821 976 1827 —
997 1796 1064 1837 καὶ
1093 1796 1308 1848 οἰσπώτην.
1339 1801 1388 1839 cf.
1421 1800 1594 1841 Lobeck.
1616 1801 1768 1853 Phryn.

214 1855 306 1893 357.
346 1854 392 1893 de
422 1850 495 1893 οὐκ
532 1851 628 1893 ἀλλὰ
667 1856 716 1894 cf.
747 1869 846 1905 quae
876 1855 926 1894 ad
955 1855 1082 1895 Arist.
1122 1856 1198 1896 Av.
1232 1858 1297 1905 71,
1329 1857 1377 1896 de
1415 1859 1517 1897 crasi
1547 1853 1771 1912 κῴσπωτὴν

213 1924 308 1960 quae
338 1911 385 1949 ad
416 1912 490 1952 Av.
524 1913 632 1950 1344
663 1912 950 1960 adnotavimus,
983 1913 1031 1951 de
1052 1914 1216 1953 accentu
1237 1914 1411 1957 Lobeck.
1434 1914 1591 1954 Pathol.
1613 1915 1768 1968 proleg.

215 1968 306 2006 393.
337 1967 491 2007 videtur
519 1969 628 2007 Paris
659 1968 892 2020 significari,
932 1969 1001 2019 qui
1039 1970 1140 2008 nihil
1175 1970 1283 2010 aliud
1322 1971 1509 2011 didicerit
1547 1986 1667 2023 quam
1696 1985 1748 2024 pe

216 2025 360 2063 stercus
391 2025 577 2076 lanaeque
607 2026 743 2065 sordes
771 2026 962 2066 incedere.
1728 2047 1729 2050 ¹

947 2158 1004 2201 40

482 2233 532 2277 ἐν
563 2237 833 2291 σαργανίσιν
862 2237 952 2289 ἄξω
984 2240 1194 2294 ταρίχους
1225 2240 1493 2292 Ποντικούς.

297 2346 299 2348 ·
324 2327 548 2368 Athenaeus
579 2330 617 2375 3,
650 2331 769 2369 119b
799 2329 865 2370 καὶ
893 2327 1111 2384 ἀρσενικῶς
1142 2326 1163 2372 ὁ
1194 2329 1352 2387 τάριχος
1381 2333 1535 2389 λέγεται
1554 2333 1652 2392 παρ’
1679 2333 1768 2378 Ἀτ-

218 2385 336 2429 τικοῖς
358 2413 366 2422 .
392 2414 400 2422 .
425 2413 433 2422 .
456 2387 646 2436 Κρατῖνος
678 2384 721 2425 ἐν
752 2386 1144 2444 Διονυσαλεξάνδρῳ,
1182 2392 1286 2432 Poll.
1312 2395 1349 2443 6,
1371 2395 1425 2434 48
1447 2390 1664 2449 οὐδετέρως
1693 2391 1770 2447 μὲν

213 2436 259 2505 ,τὸ
287 2438 437 2491 τάριχος
467 2441 507 2480 οἵ
527 2439 712 2494 Ἀττικοί,
740 2442 878 2492 Ἴωνες
917 2443 960 2484 δὲ
997 2445 1063 2486 καὶ
1101 2449 1270 2500 Δωριεῖς
1306 2446 1545 2504 ἀρρενικῶς,
1583 2450 1653 2492 καὶ
1689 2448 1781 2494 τῶν)

219 2495 393 2534 Αττικῶν
422 2495 464 2535 ἐν
493 2499 871 2556 Διονυσαλεξάνδρῳ
901 2504 1096 2555 Κρατῖνος
1135 2501 1156 2544 ὁ
1194 2502 1240 2544 δὲ
1277 2507 1427 2557 (Μῶα,
1445 2502 1544 2562 οἶδε)
1583 2508 1774 2562 ταρίχους

226 2549 448 2600 Ποντικούς.
466 2576 517 2581 -
541 2556 774 2608 σαργανίσιν
793 2558 956 2599 Porsen.
978 2561 1145 2602 Advers.
1170 2559 1238 2617 67]
1263 2568 1536 2617 σαργανοῖσιν.
1568 2566 1771 2620 Schweig-

220 2607 426 2648 haeuserus
456 2610 679 2663 σαργάναις.
712 2614 908 2666 Bergkius
926 2618 1134 2670 σαργανίσι
1156 2616 1270 2668 νοὶξω.
1301 2635 1383 2661 non
1403 2636 1519 2673 opus.
1541 2637 1635 2664 nam
1653 2621 1771 2678 ἄγειν

221 2665 440 2713 saepissime
480 2671 539 2707 est
575 2673 791 2711 commercio
828 2675 1011 2716 invehere.
1041 2676 1246 2728 Hermipp.
1279 2680 1353 2728 63,
1397 2681 1437 2719 3.
1469 2681 1638 2732 Antiph.
1670 2682 1767 2722 204.
1846 2699 1850 2702 ·

222 2719 320 2758 Plat.
342 2720 495 2774 Protag.
518 2726 632 2764 313d
662 2720 719 2765 ὧν
747 2725 914 2780 ὄέγουσιν
942 2727 1176 2784 ἀγωγίμων.
1197 2763 1205 2772 .
1225 2763 1233 2772 .
1251 2731 1312 2774 ὅτι
1340 2735 1510 2789 χρηστὸν
1529 2734 1557 2790 ἢ
1575 2734 1768 2791 πονηρόν.

224 2774 339 2839 §oph
377 2778 495 2818 224a
538 2774 605 2820 τὸν
640 2780 785 2834 ἄγοντα
822 2785 889 2825 καὶ
925 2790 1145 2830 πωλοῦντα.
1191 2791 1286 2843 Leg.
1326 2794 1369 2842 8,
1410 2795 1492 2835 847
1516 2809 1536 2835 c
1571 2791 1669 2848 μήτε
1707 2809 1769 2844 τις

222 2829 341 2881 αγέτω
369 2830 461 2884 μήτε
493 2866 500 2874 .
523 2868 530 2876 .
553 2867 561 2876 .
593 2835 767 2891 ἐξαγέτω.
