1872 3224
224 218 306 269 286
863 210 1164 254 ΕΤΠΟΛῙΔΟΣ

222 334 250 375 i
283 345 314 372 e
345 326 698 392 ἇναβλυστονῆσαι
732 326 954 365 Meinekius
984 325 1003 364 I
1035 324 1118 363 294
1150 323 1255 362 conl.
1288 322 1474 362 Eustath.
1511 321 1634 371 1095,
1666 317 1692 362 8
1730 318 1802 361 τοῦ

223 384 536 455 ἆναβεβρυχέναι
576 379 772 432 λειότερον
809 381 853 421 τὸ
884 378 1124 433 ἀναβλύζειν
1155 377 1274 418 ἐστίν.
1312 375 1411 419 αὐτὸ
1449 376 1494 418 δὲ
1523 378 1592 419 καὶ
1619 374 1799 442 ἆναβλυ-
1834 387 1835 391 ’

225 447 391 483 σθονεῖι
420 440 591 494 λέγεται,
624 437 678 488 ὥς
718 439 761 479 ἐν
791 439 987 493 ῥητορικῷ
1019 435 1182 489 εὕρηται
1212 438 1275 475 λεῑ
1256 441 1366 491 ,mgni
1420 436 1592 488 Hesych.
1622 431 1798 488 ἆναβλυ-
1836 440 1839 442 ’

223 504 438 540 στανεῖται’
483 497 550 537 καὶ
593 492 830 550 ἀναβλύσαι.
883 498 988 535 idem
1028 490 1251 547 ἇναβλύες·
1293 492 1430 546 πηγαί.
1484 489 1681 560 ἀναβλύει
1722 490 1796 547 (Μ.

224 559 403 597 Schmidt
439 551 691 608 ἆναβλύζει)·
731 551 888 604 αναζεῖ,
919 549 1131 605 αναβρυει.
1177 547 1483 603 ἀναβλύζουσα·
1523 546 1798 604 ἅναβρύουσα.
1850 577 1852 579 »

223 617 342 654 etiam
387 615 502 653 alteri
548 614 672 653 verbo
721 612 966 663 praepositio
1019 611 1268 650 restituenda
1320 612 1400 648 est:
1451 604 1802 661 κᾶναχλοῆσαι

224 668 372 724 (κᾶγχλ
404 671 609 710 Herwerd.
644 669 739 710 obs.
772 670 860 709 crit.
894 667 989 738 23);
1022 681 1116 707 nam
1148 681 1269 718 quem
1291 666 1514 707 Meinekius
1535 666 1696 707 confort
1711 675 1800 706 vor-

223 743 309 769 sum
339 729 480 779 Antig.
514 729 594 766 533
636 725 704 766 καὶ
744 725 990 778 ξυμμετίσχω
1028 724 1096 764 καὶ
1136 722 1246 777 φέρω
1276 723 1346 775 τῆς
1385 722 1540 774 αἰτίας,
1579 724 1622 764 in
1651 735 1699 763 00
1719 724 1802 781 τῆξ
1856 746 1858 748 v

224 785 352 833 αἰτίας
383 786 532 837 pendet
562 798 584 823 a
614 783 870 835 ξυμμετίσχω,
902 781 970 822 καὶ
999 780 1108 835 φέρω
1138 785 1273 822 aubem
1294 775 1362 820 δια
1382 778 1509 832 μέσον
1528 781 1707 832 positum
1721 777 1800 822 08*-
1862 779 1872 792 ’

585 946 605 964 0
975 929 1056 972 106

434 1011 509 1053 καὶ
541 1013 622 1053 τοῦ
653 1009 737 1066 μὲν
768 1008 819 1052 ἐν
849 1009 1004 1066 κύκλῳ
1035 1023 1086 1064 γε
1116 1007 1348 1064 παύσομαι
1379 1006 1537 1064 λόγου,

432 1080 594 1135 φράσω
627 1079 679 1122 δέ
706 1090 779 1122 σοι
809 1076 860 1128 τὸ
890 1079 1073 1134 πρᾶγμα
1105 1076 1179 1120 διὰ
1209 1079 1301 1120 τῶν
1332 1080 1526 1133 χωρίων.

339 1175 532 1214 Stobaeus
564 1174 668 1213 Flor.
701 1175 768 1219 35,
800 1174 823 1211 2
858 1170 1037 1220 Εὔπολις
1069 1170 1113 1212 ἐν
1149 1165 1310 1223 Δήμοις.
1375 1175 1411 1211 1.
1445 1169 1490 1211 ἐν
1519 1169 1796 1212 αᾶᾶίᾱίϋθτο-

224 1234 317 1271 tius.
359 1245 401 1283 γε
439 1229 658 1284 παύσομαι]
698 1228 952 1282 πεπαύσομαι
993 1230 1175 1270 Pierson.
1221 1231 1343 1270 Moer.
1387 1231 1482 1270 293.
1551 1229 1589 1267 2.
1625 1239 1688 1268 σοι
1717 1241 1799 1269 om.

222 1290 255 1327 B
276 1303 327 1328 m.
357 1290 475 1339 prim.
524 1291 565 1327 et
619 1289 750 1328 Trinc.
800 1285 980 1340 πρᾶγμα]
1031 1290 1177 1339 προῖκα
1219 1288 1362 1327 eidem.
1422 1285 1616 1354 χωρίων
1645 1285 1802 1327 ‘limites

223 1344 332 1386 intra
360 1349 466 1385 suos'
498 1345 674 1387 Grotius.
708 1344 874 1396 καιρίων
895 1345 1125 1385 Salmasius.
1157 1346 1327 1384 fortasse
1357 1342 1561 1397 κυρίων,
1593 1338 1802 1395 ὀνομάτων

223 1400 416 1453 δηλονότι
457 1403 656 1443 desinam
693 1404 797 1452 loqui
828 1415 903 1452 per
931 1404 1114 1453 ambayes
1153 1406 1187 1442 et
1215 1415 1299 1442 rem
1327 1404 1458 1452 ipsam
1480 1402 1658 1451 propriis
1687 1413 1799 1442 voca—

224 1461 324 1500 bulis
353 1462 423 1499 tibi
451 1458 662 1502 indicabo?
706 1461 872 1500 Arist-ot.
904 1460 1021 1499 Rhet.
1055 1461 1092 1508 3,
1127 1461 1150 1498 2
1189 1461 1278 1499 init.
1318 1464 1401 1498 τῶν
1431 1455 1472 1497 δ’
1505 1455 1714 1508 ὀνομάτων
1744 1487 1755 1498 .
1788 1487 1798 1496 .

222 1522 333 1568 σαφῆ
362 1515 435 1568 μὲν
464 1521 571 1556 ποιεῖ
599 1532 652 1555 τα
683 1513 847 1568 κύρια.
888 1518 997 1557 Poet.
1033 1519 1083 1555 21
1124 1514 1361 1556 init.51'nav
1399 1513 1444 1555 δὲ
1473 1513 1602 1567 ὄνομά
1633 1512 1740 1555 ἔστιν
1768 1511 1799 1567 ἢ

223 1572 402 1626 κύριον
430 1570 458 1624 ἢ
485 1576 667 1626 γλῶττα.
725 1572 854 1626 ,λέγω
885 1571 929 1612 δὲ
958 1572 1101 1626 κύριον
1130 1571 1205 1625 μὲν
1234 1567 1268 1628 ᾧ
1296 1573 1468 1627 χρῶνται
1499 1570 1664 1613 ἕκαστοι.

973 1720 1052 1764 107

432 1800 547 1853 ἔχων
577 1797 627 1842 τὸ
659 1800 906 1855 πρόσωπον
937 1800 1123 1856 καρίδος
1152 1801 1480 1855 μασθλητίνης.

338 1893 565 1934 Athenaeus
597 1896 635 1943 3,
670 1896 784 1934 1061)
815 1891 1140 1946 συνεσταλμένως
1173 1891 1210 1932 δ’
1244 1893 1407 1946 εἴρηκεν
1436 1892 1638 1948 (καρίδος)
1661 1889 1798 1933 Ευπο-

234 1950 271 1987 λι
258 1963 325 1996 ις.
370 1948 467 1989 ,καὶ
500 1948 543 1989 ἐν
576 1947 728 2002 Δήμοις
758 1953 840 1991 κτλ.
873 1952 921 1991 cf.
955 1951 1107 1992 cratin.
1141 1953 1234 1991 283.

976 2085 1056 2129 108

1139 2141 1191 2186 τὸ
1221 2144 1411 2199 χαλκίον

428 2210 650 2264 θέρμαινέ
676 2209 724 2253 θ’
756 2208 866 2266 ἡμῖν
896 2212 972 2254 καὶ
1001 2211 1097 2267 θύη
1128 2210 1307 2254 πέττειν
1337 2209 1440 2254 τινὰ

430 2276 595 2331 κέλευ’,
626 2279 701 2321 ἵνα
733 2280 1032 2334 σπλάγχνοισι
1063 2278 1405 2334 συγγενώμεθα.
1476 2334 1480 2338 .

340 2371 565 2412 Athenaeus
596 2374 780 2422 3,123a
810 2371 873 2413 ὅτι
902 2372 978 2426 γὰρ
1009 2373 1169 2412 οἴδασιν
1199 2371 1260 2426 (οἱ
1284 2372 1462 2426 παλαιοὶ)
1503 2370 1656 2426 θερμὸν
1686 2370 1799 2426 ὕδωρ

228 2423 404 2473 Εὔπολις
444 2425 517 2478 μὲν
553 2427 596 2468 ἕν
637 2428 787 2482 Δήμοις
825 2430 1039 2499 παρίστησι
1068 2432 1150 2470 κτλ.
1225 2433 1261 2469 1.
1292 2429 1456 2481 χαλκίον
1485 2427 1670 2484 Oasaub.]
1703 2432 1795 2482 χαλ-

227 2485 335 2521 κεῖον
383 2486 431 2523 A.
531 2487 568 2528 2
613 2485 809 2539 θέρμαινέ
855 2484 903 2526 θ’
944 2484 1002 2541 V]
1054 2484 1297 2540 θερμαίνεθ’
1338 2487 1385 2526 L.
1437 2484 1707 2540 θερμαίνεσθ’
1750 2488 1796 2528 Ρ.

228 2536 382 2578 πέττειν
412 2555 498 2579 τινα
531 2542 713 2597 Casaub.]
747 2543 834 2584 τινὰ
864 2542 1031 2583 πέττειν.
1071 2545 1215 2584 Pollux
1247 2546 1284 2593 9,
1318 2545 1370 2583 69
1403 2541 1447 2583 έν
1477 2547 1562 2591 ταῖς
1595 2542 1796 2596 Θεσμοφο-

227 2592 452 2646 ριαζούσαις
488 2595 796 2651 Ἀριστοφάνους
841 2599 1050 2654 εἰρημένον
1086 2599 1129 2639 τὸ
1167 2600 1332 2652 χαλκίον
1367 2600 1650 2668 θερμαίνεται,
1691 2599 1796 2641 οὕτω

226 2665 310 2698 πως
339 2651 491 2703 ἤκουον
521 2656 564 2707 (i.
590 2672 622 2696 e.
654 2656 953 2727 ίηιεῐῑθρεόῐιφη),
984 2673 1045 2705 ως
1076 2658 1146 2705 εἰς
1177 2656 1330 2696 πότον
1360 2653 1797 2710 εὐτρεπιζομὲνων

228 2713 324 2746 τῶν
359 2713 633 2760 γυναικῶν·
680 2708 778 2754 αὐτὸ
823 2713 868 2754 δὲ
905 2719 1021 2754 τοῦτο
1058 2713 1126 2753 καὶ
1164 2712 1208 2753 ἐν
1246 2717 1326 2762 τοῖς
1366 2711 1595 2761 Εὐπόλιδος
1641 2712 1795 2767 Δήμοις

228 2762 332 2803 ἐστὶν
372 2766 587 2818 εἰρημένον.
638 2772 863 2823 Hesychius
900 2769 1010 2810 θυα·
1057 2770 1155 2810 ἔνιοι
1193 2769 1240 2809 τὰ
1278 2763 1487 2824 ἆρωματα,
1527 2770 1793 2824 Καλλίμαχος.

229 2819 413 2919 ξῦΙποίλιὲ
435 2838 512 2920 τζὸ
511 2823 702 2877 πέμματα.
736 2830 902 2880 Eupolis
933 2830 1016 2868 sine
1048 2829 1170 2868 dubio
1200 2825 1302 2879 θύη.
1340 2826 1699 2881 συγγενέσθαι.
1743 2830 1793 2871 cf.

263 2892 283 2917 e
302 2892 344 2918 ec
361 2893 374 2918 1
