1872 3224
216 194 301 236 554
806 192 1196 227 ΑΡΙΣΤΟΦΑΝΟΤΣ

967 351 1051 394 653

422 431 610 486 φαύλως
640 432 770 487 φέρει
800 434 890 474 νῦν
921 429 970 473 τὸ
1003 429 1158 475 κακόν.

330 510 495 565 φαύλως
526 512 570 553 τὸ
599 510 735 562 ἁπλῶς
766 512 833 553 καὶ
863 511 1011 566 ἡσυχῆ.
1042 515 1224 554 Eustath.
1262 516 1393 565 1357,
1428 517 1464 554 1.
1502 515 1554 555 cf.
1585 516 1661 556 Av.
1694 516 1790 555 961.

966 650 1051 692 654

421 727 504 785 τὴν
534 728 688 785 θύραν
719 727 1012 784 ἀναζυγώσας

332 814 426 852 Aldi
458 813 576 852 Hort.
610 813 687 852 Ad.
723 814 810 852 15b
851 811 952 861 (107
995 814 1044 851 12
1083 810 1286 866 Dindorf.)
1323 809 1599 864 ἀναζυγῶσαι·
1638 809 1682 851 τὸ
1719 809 1790 860 τὰς

215 866 349 922 θύρας
380 863 636 909 ἀναπετάσαι.
665 866 954 921 Ἀριστοφάνης
984 872 1065 909 κτλ.
1096 870 1276 920 Ebymol.
1308 884 1361 909 m.
1395 872 1461 918 96,
1497 871 1549 909 22
1586 864 1789 922 ἀναζυγῶ-

215 936 283 965 σαι
314 957 322 965 .
347 958 355 966 .
380 960 389 969 .
420 919 464 965 τὸ
501 925 635 979 θύρας
670 923 918 966 ἀναπετάσαι
952 922 1259 978 Ἀριστοφάνης.
1318 927 1463 966 Pollux
1495 928 1567 977 10,
1599 927 1653 966 26
1682 923 1790 979 παρὰ

215 983 260 1022 δὲ
291 987 373 1032 τοῖς
402 983 610 1038 κωμῳδοῖς
647 982 714 1023 καὶ
751 981 794 1023 τὸ
830 979 1085 1036 ἀναζυγωσαι
1122 980 1273 1023 ταύτὸν
1309 988 1363 1038 τῷ
1399 979 1558 1033 ἀνοῖξαι
1593 981 1790 1036 σημαίνει.

217 1042 405 1081 videntur
434 1042 709 1081 trimetrorum
740 1055 826 1082 esse
856 1042 1047 1093 reliquiae
1078 1056 1110 1080 τ.
1141 1039 1280 1095 θύραν
1306 1043 1312 1094 Ι
1336 1024 1450 1090 ἀναζ.

966 1176 1051 1220 655

421 1254 480 1299 σύ
512 1255 557 1297 δ’
588 1252 791 1311 ὁμέστιος
819 1260 966 1307 θεοῐς;
999 1254 1167 1308 πόθεν;

330 1340 615 1390 Moschopulus
646 1353 709 1389 ap.
741 1340 880 1379 Thom.
913 1340 1017 1391 Mag.
1051 1341 1147 1392 274,
1174 1342 1222 1380 16
1263 1340 1431 1379 Ritschl.
1462 1335 1594 1379 πόθεν
1623 1373 1633 1383 ,
1657 1367 1668 1379 .
1692 1369 1701 1378 .
1724 1349 1792 1389 ση-

214 1395 346 1447 μαίνει
376 1395 419 1435 τὸ
450 1393 651 1447 οὐδαμῶς,
682 1392 736 1444 ὥς
767 1395 810 1435 τὸ
837 1393 1149 1448 Ἀριστοφάνους
1179 1398 1260 1435 κτλ.
1293 1398 1342 1438 cf.
1376 1397 1470 1437 634.

964 1531 1048 1574 656

427 1614 482 1653 Α.
516 1617 598 1652 ποῖ
625 1612 781 1666 κῆχος;
812 1613 864 1652 Β.
900 1607 1016 1654 εὐθύ
1049 1611 1274 1661 Σικελίας.

331 1693 511 1744 Etymol.
545 1707 598 1732 m.
633 1694 728 1741 682,
761 1694 814 1732 52
846 1691 914 1732 καὶ
941 1689 1230 1744 Ἀριστοφάνης
1271 1695 1353 1733 κτλ.
1394 1694 1612 1733 Herodian.
1642 1693 1663 1732 Ι
1693 1694 1790 1742 512,

217 1752 285 1790 20.
317 1751 413 1799 513,
449 1754 483 1789 1.
524 1750 564 1789 II
597 1752 691 1799 295,
727 1752 789 1788 14.
827 1747 932 1790 εὐθὺ
964 1749 1173 1804 Valckem]
1206 1747 1349 1798 εὐθὺς.
1396 1751 1446 1790 cf.
1478 1751 1660 1791 Phereor.
1695 1751 1790 1792 165.

966 1885 1047 1928 657

341 1968 385 2008 εἴ
409 1980 476 2015 τις
506 1960 746 2008 κολακεύει
775 1965 937 2022 παρών
967 1965 1044 2008 καὶ
1073 1963 1151 2016 τὰς
1179 1962 1408 2021 κροκύδας
1438 1961 1663 2021 ἀφαιρῶν.

330 2058 504 2098 Bekker.
530 2060 796 2109 Aneod 468,
826 2062 875 2099 19
906 2063 946 2100 et
976 2060 1118 2100 Suidas
1147 2056 1337 2111 ἀφαιρεῖν
1365 2054 1586 2112 κροκύδας·
1619 2055 1683 2097 ἐπὶ
1711 2062 1792 2097 τῶν

215 2113 347 2153 πάντα
378 2114 604 2155 ποιούντων
640 2130 756 2155 ενεκα
793 2117 1000 2163 κολακείας
1037 2116 1147 2156 ἄλλοι
1177 2130 1216 2156 τε
1246 2116 1417 2168 χρῶνται
1454 2113 1522 2155 καὶ
1554 2111 1789 2167 Ἀριστοφά-

164 2174 167 2177 “
221 2187 288 2223 νης
318 2174 399 2211 κτλ.
447 2174 497 2212 cf.
529 2174 712 2223 Append.
744 2175 931 2224 proverb.
966 2171 1382 2228 (Leusssch.1)1,42.
1419 2171 1461 2212 εἴ
1477 2171 1535 2220 τίς
1556 2182 1600 2211 σε
1621 2173 1787 2212 Porson.

218 2230 366 2269 Hecub.
400 2231 524 2280 praef.
556 2230 661 2269 XLI.
693 2228 734 2269 εἴ
760 2245 817 2277 τις
847 2253 904 2259 —-
933 2229 1098 2283 περιιών
1127 2231 1276 2283 Bergk.
1303 2231 1398 2271 fort.
1431 2229 1556 2277 εἴτις
1586 2226 1791 2268 κολακεύει

215 2292 535 2338 παρακορῶν.
597 2289 646 2326 cf.
679 2288 726 2328 fr.
760 2289 857 2327 410.
892 2290 986 2327 714.
1027 2289 1197 2328 Bekker.
1238 2288 1388 2327 Anecd.
1426 2289 1472 2335 4,
1511 2288 1564 2326 27
1601 2281 1792 2337 ἀφαιρεῖν

217 2342 437 2394 κροκύδας·
470 2343 562 2383 λίαν
590 2340 808 2395 ἠττίκισται
840 2375 848 2384 .
880 2375 888 2384 ,
922 2342 986 2384 ἐπὶ
1026 2349 1107 2383 τῶν
1143 2343 1274 2383 πάντα
1313 2342 1558 2391 ποιούντων.
1573 2341 1641 2382 διὰ
1678 2345 1790 2382 κολα-

217 2399 350 2450 κείαν,
393 2397 494 2440 ω’στε
531 2399 598 2440 καὶ
634 2398 936 2452 παρεπομένους
973 2397 1165 2454 ἀφαιρεῖν
1201 2400 1400 2454 κροκύὸας
1441 2406 1510 2452 τῆς
1556 2397 1726 2451 ἐσθῆτος
1763 2396 1792 2451 ἢ

216 2454 370 2509 κάρφος
401 2472 437 2496 τι
465 2463 536 2509 τῆς
567 2460 744 2510 κεφαλῆς
774 2455 802 2510 ἢ
832 2464 901 2498 τοῦ
930 2458 1098 2511 γενείου.

967 2593 1050 2636 658

422 2669 539 2713 οὕτω
569 2671 656 2726 γὰρ
687 2671 795 2728 ἡμῖν
824 2671 851 2729 ἡ
883 2673 1013 2724 πόλις
1040 2672 1234 2728 μάλιστα
1265 2675 1356 2722 σῶς
1384 2669 1444 2715 α“ν
1475 2676 1556 2727 εἴη

332 2753 570 2794 Eustathius
603 2757 696 2804 959,
730 2758 783 2796 42
815 2753 858 2795 τὸ
896 2753 940 2795 δὲ
978 2761 1059 2803 σως
1097 2753 1281 2808 εὕρηται,
1320 2754 1439 2805 φασί,
1478 2753 1544 2794 καὶ
1581 2755 1789 2805 θηλυκῶς.

213 2804 502 2861 Ἀριστοφάνης
532 2813 612 2850 κτλ.
643 2810 719 2864 γὰρ
748 2814 872 2853 Dobr.
906 2814 1074 2854 Advers.
1106 2814 1148 2852 II
1178 2808 1276 2866 257]
1307 2808 1423 2864 παρ’.
1457 2825 1545 2851 cum
1575 2812 1789 2851 Daetalen-

220 2868 321 2907 sium
352 2868 400 2908 fr.
424 2869 507 2907 220
535 2870 782 2922 coniungunt
812 2871 1051 2911 F'ritzschius
1079 2871 1192 2910 Daet.
1221 2871 1311 2908 133.
1335 2871 1410 2909 4n.
1434 2871 1486 2908 72
1519 2871 1558 2908 et
1577 2868 1788 2920 Bergkius.
