1872 3224
605 193 831 228 ΔΡΑΜΑΤΑ
857 197 890 230 H
918 197 1214 234 ΚΕΝΤΑΤΡΟΣ
1596 205 1674 246 461

862 298 944 341 267

322 371 410 429 ἐγώ
441 372 555 431 γάρ,
588 378 633 418 εἴ
655 378 701 419 τί
729 375 773 419 σ’
804 375 1000 435 ἦδίκηκ’,
1035 379 1178 424 ἐθέλω
1209 382 1341 438 δίκην

320 443 488 486 δοῦναι
518 444 740 500 πρόδικον
773 445 823 489 ἐν
853 449 944 490 τῶν
974 451 1124 504 φίλων
1154 452 1245 493 τῶν
1275 455 1370 494 σῶν
1401 452 1481 497 ἑνί.

70 508 182 596 ⁵3⁸
213 516 398 568 *Phofius
427 527 621 598 πρόδικον
651 528 788 595 δίκην·
821 527 892 582 τὴν
922 529 985 572 ἐπὶ
1014 531 1143 583 φίλων
1171 532 1237 573 καὶ
1257 533 1479 585 διαιτητῶν.
1507 533 1676 590 Ἀριστο-

71 590 163 620 ’,Γ
227 599 252 635 ς
279 586 498 651 ζζενταυρῳ
518 589 599 626 κτλ.
632 587 775 627 Suldas
796 589 897 628 male
926 586 1135 642 πρόδικον·
1168 590 1358 644 δικαστὴν
1379 591 1441 633 ἐπὶ
1461 593 1589 645 φίλων
1608 593 1675 634 καὶ

51 652 53 654 ’
72 639 336 705 sjffimmv·
364 639 657 697 Ἀριστοφάνης
679 642 894 700 Κενταύρῳ
914 649 996 687 κτλ.
1029 647 1068 687 τί
1085 643 1127 685 σ’
1149 640 1323 701 ἠδίκηκ’,
1349 648 1473 690 ἐθέλω
1487 675 1539 680 -
1557 650 1603 692 ἐν
1621 675 1676 681 -

2 725 6 728 ·
56 699 183 766 ἑνί
205 699 397 756 Porsen]
429 715 489 750 τις
519 698 548 753 ἢ
578 701 691 755 δίκη,
722 701 829 742 θέλω
851 726 904 731 -
923 703 972 743 ἓν
993 727 1043 732 -
1067 703 1126 744 ἔνι
1155 707 1239 746 cod.
1270 707 1385 747 Phot.
1417 722 1473 755 τις
1502 705 1677 762 ἠδίκηκε,

54 756 222 814 iffflm
243 781 298 790 --
319 757 381 799 ἑνὶ
401 781 455 788 --
478 757 543 799 ἕνί
569 761 645 800 AV
676 761 786 801 Suid.
820 775 900 801 non
930 765 1036 802 recte
1068 762 1238 804 Cobetus
1270 765 1413 804 Mnem.
1444 766 1479 804 V
1505 769 1581 806 193
1613 764 1676 806 ἐπὶ

65 822 195 873 “t-<mv
223 833 270 870 φ.
301 831 336 859 τ.
367 827 404 856 σ.
438 815 566 870 τινός,
604 818 714 870 quod
750 822 915 870 propter
952 821 1195 860 tribrachum
1224 834 1313 861 cum
1342 827 1551 873 anapaesto
1582 836 1672 864 con-

52 877 294 938 ‘qunnctum
325 875 489 916 admitti
518 876 629 916 nullo
659 876 777 916 modo
808 879 953 928 potest.
986 874 1030 917 ἐν
1050 878 1305 929 praepositio,
1337 880 1384 919 de
1404 893 1481 930 qua
1500 881 1566 920 ille
1587 894 1676 921 cum

36 933 367 984 ·-”Ηοτωῑιιιηο,
409 934 604 986 Bergkio‚
636 934 894 986 Bernhardyo
927 935 1156 985 dubitabat,
1195 937 1415 976 rectissime
1443 938 1572 988 posita
1601 940 1674 978 est.

5 1021 7 1025 -
107 991 236 1045 Soph.
273 992 372 1032 Ant.
405 992 489 1032 459
531 989 576 1031 ἐν
611 994 743 1031 θεοῖσι
780 989 854 1044 τὴν
892 990 1011 1044 δίκην
1048 992 1210 1043 δοῦναι,
1250 995 1407 1034 deorum
1442 996 1584 1035 iudicio
1615 996 1677 1035 vel

43 1051 289 1095 {arbitrio
347 1050 456 1090 Plat.
498 1049 619 1101 Gorg.
658 1050 777 1089 464d
820 1047 864 1088 ἐν
908 1047 1021 1089 παισὶ
1060 1049 1387 1103 διαγωνίζεσθαι,
1429 1055 1473 1092 ut
1507 1052 1678 1101 infames

31 1119 61 1132 ²
108 1109 260 1150 mices
286 1109 380 1149 sint.
424 1107 525 1160 Leg.
560 1109 624 1156 11,
655 1108 773 1147 9161)
812 1105 1100 1155 διαδικαζέσθω
1138 1106 1181 1147 ἕν
1210 1118 1288 1147 τισι
1324 1113 1405 1148 τῶν
1433 1108 1588 1160 ἰατρῶν.
1639 1112 1678 1148 et

27 1174 42 1206 i
102 1169 182 1217 ’11,
221 1166 376 1207 920de
415 1162 723 1204 διαλλάττεσθαι
760 1162 805 1204 ἐν
843 1164 1061 1216 διαιτηταῖς
1097 1161 1126 1216 ἢ
1154 1164 1338 1218 γείτοσιν.
1388 1167 1524 1217 Eurip.
1555 1166 1674 1217 Hipp.

115 1225 230 1266 1320
259 1221 311 1263 σὺ
343 1218 382 1262 δ’
419 1221 463 1262 ἕν
492 1216 528 1262 τ’
563 1220 702 1277 ε’κείνῳ
731 1219 809 1262 κᾶν
839 1220 922 1274 ε’μοὶ
957 1222 1093 1273 φαίνει
1121 1221 1256 1270 κακός.
1300 1223 1487 1274 Amphid.
1519 1225 1568 1262 21
1600 1221 1676 1274 μα’-

21 1298 43 1326 -;
109 1280 222 1330 ταιός
253 1278 361 1321 ἐστιν
392 1278 436 1321 ἕν
464 1277 504 1334 γ’
539 1278 624 1333 ἐμοὶ
652 1278 719 1320 καὶ
748 1283 829 1328 τοῖς
860 1283 998 1330 σοφοῖς
1027 1283 1179 1330 κριταῖς
1209 1278 1371 1323 ἅπασιν.
1421 1283 1594 1321 ceterum
1625 1281 1674 1321 cf.

112 1339 287 1394 Hesyoh.
310 1338 404 1391 δίκη
434 1336 646 1392 πρόδικος·
677 1334 703 1390 ἡ
735 1336 811 1392 πρὸ
842 1343 911 1377 τοῦ
941 1332 1119 1390 ἀχθῆναι
1149 1337 1203 1385 εἰς
1234 1337 1352 1390 δίκην
1372 1334 1674 1390 ὁμολογουμένη.

864 1451 953 1493 268

319 1530 539 1588 ἀνοιγέτω
569 1547 637 1582 τις
667 1529 859 1587 δώματ’·
891 1528 1027 1581 αὐτὸς
1056 1531 1242 1586 ἔρχεται.

0 1622 19 1670 ξ’
227 1617 378 1658 Pollux—
413 1618 459 1666 3,
494 1616 546 1655 74
580 1609 869 1668 Ἀριστοφάνης
905 1610 1005 1653 κατὰ
1042 1609 1116 1665 τὴν
1151 1612 1230 1652 τῶν
1265 1613 1420 1651 πολλῶν
1456 1609 1678 1662 συνήθειαν

0 1675 10 1689 ³
112 1673 185 1716 τὸν
213 1673 415 1726 δεσπότην
443 1669 610 1713 αὐτὸν
637 1670 829 1724 κέκληκεν
858 1669 983 1711 εἰπὼν
1013 1668 1057 1710 ἐν
1079 1667 1289 1723 Δράμασιν
1315 1666 1344 1721 ἢ
1364 1666 1577 1722 Κενταύρῳ
1597 1669 1677 1707 κτλ.

111 1733 285 1775 Bekker.
316 1733 471 1785 Anccd.
506 1733 572 1780 78,
605 1732 658 1771 29
696 1726 840 1781 αὐτός,
879 1725 969 1768 ἀντὶ
998 1727 1068 1767 τοῦ
1096 1724 1117 1767 ὃ
1155 1725 1373 1777 δεσπότης,
1411 1722 1530 1773 αὐτὸς
1562 1722 1675 1777 λέγει,

112 1786 262 1840 αὐτὸς
293 1788 504 1843 ἄρχεται
514 1819 526 1842 ‚
553 1785 856 1842 Ἀριστοφάνης.
889 1788 959 1826 ubi
989 1783 1137 1839 ἔρχεται
1166 1784 1419 1829 Fritzschius.
1456 1779 1593 1834 ἅνοιγέ
1620 1795 1676 1828 τις

113 1847 160 1888 τὰ
191 1848 230 1889 δ.
266 1849 486 1897 Dobmeus,
519 1847 590 1887 sed
620 1846 707 1887 sine
737 1845 906 1885 articulo
937 1838 1219 1896 τραγικώτερον
1256 1843 1381 1881 sonat.
1432 1841 1479 1879 cf.
1512 1839 1675 1879 Theocr.

114 1908 185 1960 24,
217 1908 286 1947 50.
325 1906 434 1946 Nub.
468 1906 563 1944 219.
601 1904 650 1943 fr.
686 1905 779 1944 713.

862 1989 947 2032 269

319 2072 420 2119 ἀλλ’
457 2074 503 2125 ἐς
532 2072 676 2115 κάδον
706 2068 859 2126 λαβών
888 2067 980 2111 τιν’
1013 2064 1138 2125 οὔρει
1168 2068 1385 2109 πίττινον.

229 2160 375 2201 Pollux
407 2159 474 2209 10,
503 2157 583 2196 185
615 2157 694 2201 τοῖς
725 2151 770 2192 δὲ
800 2150 984 2192 σκεύεσιν
1016 2181 1024 2191 .
1058 2182 1067 2191 .
1099 2183 1108 2192 .
1138 2150 1429 2201 προσαριθμεῖν
1457 2144 1524 2186 καὶ
1552 2133 1701 2184 κάδονλ

113 2216 294 2258 πίττινον
314 2215 474 2267 ἔξεστιν,
494 2209 806 2265 Ἀριστοφάνους
828 2208 873 2250 ἐν
890 2207 1098 2263 Δράμασιν
1116 2205 1147 2260 ἢ
1169 2203 1380 2259 Κενταύρῳ
1397 2202 1575 2250 εἰπόντος
1595 2204 1674 2240 κτλ.

856 2322 942 2366 270

323 2404 720 2464 ἐκκρουσαμένους
745 2401 852 2454 τούς
880 2401 1114 2450 πύνδακας

230 2491 377 2535 Pollux
407 2494 480 2540 10,
509 2485 670 2529 ’79ιτὸν
707 2485 752 2526 δὲ
788 2482 981 2537 πυθμένα
1009 2481 1076 2522 καὶ
1105 2480 1291 2520 πύνδακα
1322 2509 1331 2517 .
1364 2508 1373 2517 .
1402 2507 1416 2542 ,⁰
1445 2470 1676 2527 Ἀριστοφά-

115 2565 192 2605 νης
218 2557 322 2606 γοῦν
351 2549 396 2590 ἐν
428 2544 639 2601 Δράμασιν
677 2542 705 2597 ἢ
734 2539 949 2596 Κενταύρῳ
979 2534 1317 2592 ε’κκρουσαμένους
1347 2548 1437 2581 τους
1466 2531 1678 2578 πύνδακας

116 2608 263 2663 εἴρηκε.
313 2601 674 2661 ἕκκρουσαμένους]
723 2596 1033 2654 ἐκκρουσᾶμενος
1081 2595 1244 2636 casaub.
1293 2593 1437 2633 Athen.
1472 2593 1515 2639 7,
1549 2589 1678 2654 3011).

116 2663 458 2719 ἑσκρουσαμένους
497 2676 586 2702 cum
614 2660 812 2701 Meinekio
840 2657 1056 2698 Bekkerus.
1095 2647 1452 2707 ἐκκεκρουσμένους
1473 2647 1678 2698 Bergkius.

117 2738 188 2766 eur
224 2724 503 2766 emendatione
540 2732 637 2770 opus
675 2719 728 2759 sit
761 2730 843 2758 non
876 2715 1005 2756 video.
1051 2713 1270 2762 ‘postquam
1310 2707 1501 2747 doliorum
1534 2703 1680 2752 fundos

92 2776 401 2833 'pmuderuntz
441 2777 632 2820 Centauri
670 2776 830 2827 opinor,
870 2784 1038 2823 quorum
1067 2769 1237 2808 fortasse
1267 2777 1355 2805 cum
1386 2762 1558 2802 Hercule
1588 2772 1678 2798 con-

116 2841 270 2880 vivium
301 2836 614 2879 describebatur.
665 2836 727 2873 est
769 2831 898 2871 exitus
934 2826 1104 2868 trimetri
1141 2823 1299 2863 iambici
1338 2823 1406 2860 aut
1443 2831 1531 2870 pars
1562 2819 1677 2856 tetra-

117 2898 237 2937 metri
267 2896 524 2948 anapaestici.
