1872 3224
223 220 307 264 602
876 220 1148 255 ΠΑΑΤΩΝΟΣ

216 322 513 378 Ἀφροδίτην
545 323 612 364 καὶ
643 323 917 364 Διόνυσον·
958 321 1174 377 ἀμφότεροι
1207 323 1282 378 γὰρ
1312 323 1424 378 ἤρων
1462 330 1533 365 τοῦ
1557 317 1790 374 Ἀδώνιδος.

221 386 258 422 1.
292 379 461 436 Κινύρα]
508 381 657 435 κύπρια
704 383 751 422 A.
839 384 876 421 2.
922 393 983 421 σοι
1027 381 1081 441 Β]
1129 381 1187 422 τοὶ
1231 385 1281 422 Α.
1329 396 1388 422 τοι
1439 384 1708 435 superscripto
1753 397 1794 424 τε

219 441 259 481 C.
292 455 330 479 τε
362 442 405 479 L.
438 454 679 491 quamquam
709 441 782 478 hae
821 441 1053 490 varietates,
1092 442 1125 480 si
1164 443 1267 480 recte
1298 441 1551 480 Dindorfium
1582 441 1791 493 intellego,

218 512 297 537 non
329 499 377 536 ad
409 509 483 545 σοι,
516 498 585 536 sed
615 497 665 535 ad
695 511 734 535 τε
765 498 981 547 pertinent.
1070 499 1109 537 3.
1140 493 1292 536 ὀλεῖτον
1320 495 1537 550 Iacobsius]
1572 494 1720 549 ἔχειτον
1739 499 1790 537 Α.

219 556 259 593 4.
292 553 469 606 ἐρετμοῖς
507 551 554 606 L]
587 552 755 605 ἐριτμοῐς
794 555 840 594 Ρ.
873 553 1020 607 ἕριμοῐς
1051 555 1099 596 V.
1159 551 1311 593 ὀλεῖτον
1348 568 1430 594 non
1466 556 1637 594 mortem
1671 555 1792 606 signi-

218 612 321 659 ficat,
356 613 466 651 euius
497 625 626 662 neque
656 611 792 651 Venus
821 626 949 663 neque
981 612 1157 652 Bacchus
1187 611 1325 652 auctor
1354 613 1446 663 fuit,
1478 612 1549 652 sed
1577 612 1791 664 perniciem

219 670 484 721 cupiditatum
515 670 689 709 stimulis
721 670 914 710 effectam.

419 836 642 882 Ἀδώνιον
999 783 1027 824 4

281 908 284 911 .
333 923 501 964 Bekker.
531 923 682 964 Anecd.
716 923 797 963 346
817 924 918 962 init.
954 916 1143 970 Ἀδώνιος
1166 921 1428 992 Φερεκράτης
1459 916 1569 962 εἶπεν
1598 917 1690 962 ἀντὶ
1719 921 1790 962 τοῦ

214 974 443 1026 Ἀδώνιδος.
511 977 612 1033 λέγει
662 977 704 1018 δὲ
750 977 824 1031 τὴν
869 978 1093 1031 αἰτιατικὴν
1138 978 1207 1019 τὸν
1249 976 1443 1018 Ἀδώνιον
1484 977 1588 1019 οὕτω
1634 975 1678 1018 δὲ
1723 977 1792 1019 και

219 1034 392 1075 Πλάτων
422 1035 518 1075 καὶ.
546 1069 554 1077 .
579 1035 745 1086 .ε’τεροι.
805 1034 960 1090 λέγουσι
979 1034 1038 1076 δὲ
1068 1034 1134 1076 καὶ
1159 1035 1336 1076 ’Ἄδωνιν
1365 1032 1488 1077 αὐτὸν
1508 1035 1708 1084 πολλάκις.
1740 1037 1790 1077 cf.

218 1093 367 1134 Cratin.
402 1096 496 1146 376,
530 1096 710 1135 Pherecr.
748 1097 839 1137 198.
874 1096 1080 1147 Aristoph.
1113 1096 1160 1135 fr.
1195 1097 1289 1137 737,

1000 1208 1028 1250 5

424 1261 680 1319 (ἐφοδεῦσαι

335 1345 507 1386 Πλάτων
524 1344 726 1387 Ἀδώνιδι.
749 1348 933 1400 σημαίνει
956 1346 1033 1388 δὲ.
1080 1342 1388 1400 ,[ἆποπατῆσαι
1408 1348 1568 1398 supplet
1589 1344 1792 1400 Meinek.].

218 1405 567 1444 Bekke1.Anecd.
598 1407 784 1454 472,10,
824 1406 967 1446 Suidas
1004 1377 1248 1456 ἆφοδεῦσαι·
1290 1403 1464 1444 Πλάτων
1499 1400 1696 1443 Ἀδώνιοι.
1726 1402 1795 1443 καὶ
1826 1404 1838 1418 ”

218 1459 373 1511 ἄφοδος
405 1458 441 1503 ὁ
455 1458 672 1510 ἀπόπατος
733 1460 772 1510 ἐξ
802 1457 853 1502 οὗ
893 1461 959 1502 καὶ
996 1459 1215 1512 αφοδεύειν
1252 1455 1315 1516 (τὸ
1353 1456 1574 1502 ἀποπατεῖν
1603 1462 1695 1502 add.
1727 1460 1792 1514 E).

217 1519 392 1571 Hesych.
423 1517 596 1569 ἄφοδος·
630 1515 879 1572 αποχώρησις
911 1517 974 1560 ἐπὶ
1005 1518 1047 1560 τὸ
1075 1516 1316 1571 άφοδεῦσαι

424 1686 447 1731 ὁ
479 1689 527 1732 δὲ
559 1686 728 1745 άχυρός
1001 1633 1027 1675 6

331 1768 430 1823 παρ’
463 1768 661 1812 Εὐπόλιδι
691 1770 735 1812 ἐν
766 1772 914 1828 Χρυσῷ
943 1770 1069 1825 γένει,
1112 1770 1213 1812 όπου
1243 1769 1311 1810 καὶ
1341 1769 1383 1810 τὸ
1414 1769 1632 1819 Πλάτωνος
1663 1768 1791 1823 παρά-

220 1843 345 1868 κειται
375 1827 415 1878 ἐξ
443 1824 671 1878 Ἀδώνιδος.
707 1831 838 1873 Schol.
872 1831 1076 1882 Aristoph.
1111 1831 1227 1881 Vesp.
1261 1830 1382 1869 1310.
1415 1829 1640 1869 Meinekius
1667 1843 1791 1881 αχυρ-

219 1884 305 1938 μός.
338 1884 509 1939 ἅχυρος
517 1887 552 1926 V
585 1888 679 1928 Ald.

1000 1977 1024 2020 7

428 2034 713 2085 λειποτάξιον

337 2114 601 2168 Δημοσθένης
641 2114 685 2155 ἐν
723 2116 776 2170 τῷ
813 2114 913 2155 κατὰ
960 2115 1136 2156 Μειδίου
1179 2130 1244 2155 και
1291 2110 1462 2154 Πλάτων
1506 2111 1550 2154 ἐν
1590 2110 1791 2153 Ἀδώνιδι.

221 2173 387 2213 Photius
420 2175 513 2222 225,
548 2176 613 2214 26.
653 2175 876 2214 Meinekius
908 2172 1146 2223 λιποτάξιον.
1178 2164 1405 2222 λιποταξίου
1435 2174 1542 2212 reete
1575 2171 1626 2211 H.
1657 2171 1793 2211 Iacobi
1862 2230 1872 2238 ἡ

221 2230 263 2269 in
295 2231 438 2270 indice.
471 2232 519 2270 cf.
553 2232 756 2282 Aristoph.
791 2232 838 2270 fr.
873 2233 968 2271 808.
1010 2232 1229 2282 Antiphan.
1268 2232 1358 2279 128,
1392 2232 1430 2269 9.
1463 2230 1565 2269 Plat.
1597 2229 1693 2280 Leg.
1725 2229 1791 2280 12,

222 2288 480 2399 Ξῖξῧῗιίῃᾙγῆ.
512 2289 606 2386 11ἓὲ
615 2289 654 2328 5.
687 2289 894 2328 Demosth.
927 2290 992 2337 21,
1019 2290 1113 2329 103.
1137 2289 1203 2338 39,
1230 2290 1294 2328 17.
1325 2262 1501 2339 L'ycurg.
1533 2286 1672 2328 Leocr.
1697 2257 1791 2325 147.

999 2433 1025 2476 8

425 2494 726 2547 τυροκνῆστις

336 2571 443 2613 ἔστιν
474 2573 517 2614 ἕν
549 2571 764 2621 Πλάτωνος
800 2570 1002 2613 Ἀδώνιδι.
1047 2574 1190 2614 Pollux
1223 2575 1296 2625 10,
1333 2573 1424 2613 104.
1472 2571 1677 2622 Aristoph.
1709 2569 1786 2610 Av.

225 2632 346 2669 1579.
378 2632 496 2671 Hom.
528 2629 576 2674 Il.
609 2634 674 2681 11,
708 2633 803 2672 639.

848 2755 898 2788 AI
922 2754 988 2788 ΑΦ
1014 2754 1167 2788 ΙΕΡΩΝ

335 2850 523 2888 Mulieres
554 2862 580 2888 a
615 2850 739 2889 sacris
776 2849 978 2888 redeuntes
1014 2849 1121 2887 recte
1158 2846 1444 2896 interpretatus
1483 2847 1545 2885 est
1581 2844 1789 2884 Reinesius

222 2905 315 2946 Var.
347 2907 438 2946 lect.
471 2907 510 2958 3,
544 2908 581 2945 7.
614 2907 665 2946 cf.
700 2906 872 2945 Meinek.
906 2906 924 2944 I
958 2907 1051 2945 167.
1082 2906 1120 2944 8.
1152 2904 1299 2956 Bergk.
1331 2903 1380 2942 R.
1411 2916 1443 2942 c.
1474 2903 1560 2942 Att.
1593 2903 1687 2941 381.
