<?xml version="1.0" encoding="UTF-8"?>
<!DOCTYPE html PUBLIC "-//W3C//DTD XHTML 1.0 Transitional//EN"
    "http://www.w3.org/TR/xhtml1/DTD/xhtml1-transitional.dtd">
<html xmlns="http://www.w3.org/1999/xhtml" xml:lang="en" lang="en">
 <head>
  <title>
</title>
<meta http-equiv="Content-Type" content="text/html;charset=utf-8" />
  <meta name='ocr-system' content='tesseract 3.04.00' />
  <meta name='ocr-capabilities' content='ocr_page ocr_carea ocr_par ocr_line ocrx_word'/>
</head>
<body>
  <div class='ocr_page' id='page_1' title='image "./comicorumatticor01kockuoft_0262.png"; bbox 0 0 1872 3224; ppageno 0'>
   <div class='ocr_carea' id='block_1_1' title="bbox 1722 0 1872 947">
    <p class='ocr_par' dir='ltr' id='par_1_1' title="bbox 1722 0 1872 947">
     <span class='ocr_line' id='line_1_1' title="bbox 1722 0 1872 276; baseline 0 0"><span class='ocrx_word' id='word_1_1' title='bbox 1722 0 1872 276; x_wconf 95' lang='lat' dir='ltr'><em>  </em></span> 
     </span>
     <span class='ocr_line' id='line_1_2' title="bbox 1801 276 1872 947; baseline 0 0"><span class='ocrx_word' id='word_1_2' title='bbox 1801 276 1872 947; x_wconf 95' lang='lat' dir='ltr'><em>  </em></span> 
     </span>
    </p>
   </div>
   <div class='ocr_carea' id='block_1_2' title="bbox 213 146 1124 196">
    <p class='ocr_par' dir='ltr' id='par_1_2' title="bbox 213 146 1124 196">
     <span class='ocr_line' id='line_1_3' title="bbox 213 146 1124 196; baseline -0.02 0"><span class='ocrx_word' id='word_1_3' title='bbox 213 153 296 196; x_wconf 83' lang='lat'><em>232</em></span> <span class='ocrx_word' id='word_1_4' title='bbox 854 146 1124 181; x_wconf 76' lang='grc' dir='ltr'>ΕΡΜΙΠΠΟΤ</span> 
     </span>
    </p>
   </div>
   <div class='ocr_carea' id='block_1_3' title="bbox 211 245 1835 811">
    <p class='ocr_par' dir='ltr' id='par_1_3' title="bbox 211 245 1835 811">
     <span class='ocr_line' id='line_1_4' title="bbox 213 245 1820 310; baseline -0.006 -13"><span class='ocrx_word' id='word_1_5' title='bbox 213 257 361 310; x_wconf 82' lang='grc' dir='ltr'><strong><em>κύβους</em></strong></span> <span class='ocrx_word' id='word_1_6' title='bbox 399 253 581 307; x_wconf 79' lang='grc' dir='ltr'><em>ἠφίεσαν.</em></span> <span class='ocrx_word' id='word_1_7' title='bbox 621 251 766 293; x_wconf 81' lang='grc' dir='ltr'><em>πλεκτὰ</em></span> <span class='ocrx_word' id='word_1_8' title='bbox 805 250 849 291; x_wconf 81' lang='grc' dir='ltr'><em>δὲ</em></span> <span class='ocrx_word' id='word_1_9' title='bbox 886 245 938 303; x_wconf 80' lang='grc' dir='ltr'><em>ἧν</em></span> <span class='ocrx_word' id='word_1_10' title='bbox 970 255 1093 290; x_wconf 87' lang='grc' dir='ltr'><em>ταῦτα</em></span> <span class='ocrx_word' id='word_1_11' title='bbox 1126 281 1135 290; x_wconf 96' lang='grc'><em>.</em></span> <span class='ocrx_word' id='word_1_12' title='bbox 1168 280 1175 288; x_wconf 95' lang='grc'><strong>.</strong></span> <span class='ocrx_word' id='word_1_13' title='bbox 1210 280 1217 288; x_wconf 96' lang='grc'><em>.</em></span> <span class='ocrx_word' id='word_1_14' title='bbox 1249 246 1410 303; x_wconf 72' lang='grc' dir='ltr'><em>ἀγγεῖον</em></span> <span class='ocrx_word' id='word_1_15' title='bbox 1438 245 1632 302; x_wconf 79' lang='grc' dir='ltr'><em>πλεκτόν,</em></span> <span class='ocrx_word' id='word_1_16' title='bbox 1668 249 1724 298; x_wconf 71' lang='grc' dir='ltr'><em>εἰς</em></span> <span class='ocrx_word' id='word_1_17' title='bbox 1747 246 1781 292; x_wconf 56' lang='grc' dir='ltr'><em>θ’</em></span> <span class='ocrx_word' id='word_1_18' title='bbox 1803 263 1820 303; x_wconf 70' lang='lat'><em>¹³2</em></span> 
     </span>
     <span class='ocr_line' id='line_1_5' title="bbox 213 303 1830 364; baseline -0.004 -10"><span class='ocrx_word' id='word_1_19' title='bbox 213 313 280 362; x_wconf 83' lang='grc' dir='ltr'><em>τὰς</em></span> <span class='ocrx_word' id='word_1_20' title='bbox 313 312 476 364; x_wconf 81' lang='grc' dir='ltr'><em>ψήφους</em></span> <span class='ocrx_word' id='word_1_21' title='bbox 508 315 675 350; x_wconf 80' lang='grc' dir='ltr'><em>καθιᾶσι</em></span> <span class='ocrx_word' id='word_1_22' title='bbox 706 303 748 349; x_wconf 85' lang='grc' dir='ltr'><em>τὸ</em></span> <span class='ocrx_word' id='word_1_23' title='bbox 778 309 926 361; x_wconf 82' lang='grc' dir='ltr'><em>κήθιον</em></span> <span class='ocrx_word' id='word_1_24' title='bbox 959 342 967 350; x_wconf 92' lang='grc'><strong>.</strong></span> <span class='ocrx_word' id='word_1_25' title='bbox 1000 339 1007 347; x_wconf 96' lang='grc'><strong>.</strong></span> <span class='ocrx_word' id='word_1_26' title='bbox 1044 339 1051 347; x_wconf 92' lang='grc'><strong>.</strong></span> <span class='ocrx_word' id='word_1_27' title='bbox 1084 306 1151 347; x_wconf 84' lang='grc' dir='ltr'><em>καὶ</em></span> <span class='ocrx_word' id='word_1_28' title='bbox 1180 304 1280 360; x_wconf 86' lang='grc' dir='ltr'><em>πρὸς</em></span> <span class='ocrx_word' id='word_1_29' title='bbox 1312 305 1386 359; x_wconf 83' lang='grc' dir='ltr'><em>τὴν</em></span> <span class='ocrx_word' id='word_1_30' title='bbox 1416 312 1498 347; x_wconf 76' lang='grc' dir='ltr'><em>τῶν</em></span> <span class='ocrx_word' id='word_1_31' title='bbox 1526 304 1666 361; x_wconf 83' lang='grc' dir='ltr'><strong><em>κύβων</em></strong></span> <span class='ocrx_word' id='word_1_32' title='bbox 1683 319 1791 353; x_wconf 67' lang='grc' dir='ltr'><em>παν,</em></span> <span class='ocrx_word' id='word_1_33' title='bbox 1827 331 1830 333; x_wconf 19' lang='grc' dir='ltr'><strong>Δ</strong></span> 
     </span>
     <span class='ocr_line' id='line_1_6' title="bbox 212 360 1818 430; baseline -0.004 -20"><span class='ocrx_word' id='word_1_34' title='bbox 212 370 304 411; x_wconf 80' lang='grc' dir='ltr'><em>διὰν</em></span> <span class='ocrx_word' id='word_1_35' title='bbox 332 367 472 422; x_wconf 84' lang='grc' dir='ltr'><em>ὁμοίως</em></span> <span class='ocrx_word' id='word_1_36' title='bbox 504 367 672 420; x_wconf 75' lang='grc' dir='ltr'><em>ἐχρῶντό</em></span> <span class='ocrx_word' id='word_1_37' title='bbox 703 382 779 407; x_wconf 86' lang='grc' dir='ltr'><em>τινι</em></span> <span class='ocrx_word' id='word_1_38' title='bbox 801 363 970 421; x_wconf 80' lang='grc' dir='ltr'><em>(κηθίῳ)</em></span> <span class='ocrx_word' id='word_1_39' title='bbox 998 363 1210 418; x_wconf 79' lang='grc' dir='ltr'><em>βάλλοντες</em></span> <span class='ocrx_word' id='word_1_40' title='bbox 1242 363 1282 430; x_wconf 50' lang='grc' dir='ltr'><em>ε”ξ</em></span> <span class='ocrx_word' id='word_1_41' title='bbox 1312 360 1454 404; x_wconf 77' lang='grc' dir='ltr'><em>αὐτοῦ.</em></span> <span class='ocrx_word' id='word_1_42' title='bbox 1487 362 1556 406; x_wconf 76' lang='grc' dir='ltr'><em>καὶ</em></span> <span class='ocrx_word' id='word_1_43' title='bbox 1582 361 1777 419; x_wconf 71' lang='grc' dir='ltr'><em>γὰρ’Ἐρ-</em></span> <span class='ocrx_word' id='word_1_44' title='bbox 1807 406 1818 416; x_wconf 29' lang='lat'><em>,⁷</em></span> 
     </span>
     <span class='ocr_line' id='line_1_7' title="bbox 211 423 1778 480; baseline -0.002 -13"><span class='ocrx_word' id='word_1_45' title='bbox 211 442 355 480; x_wconf 86' lang='grc' dir='ltr'><em>μιππος</em></span> <span class='ocrx_word' id='word_1_46' title='bbox 387 425 430 466; x_wconf 85' lang='grc' dir='ltr'><em>ἐν</em></span> <span class='ocrx_word' id='word_1_47' title='bbox 461 426 573 473; x_wconf 84' lang='grc' dir='ltr'><em>Θεοῖς</em></span> <span class='ocrx_word' id='word_1_48' title='bbox 603 427 683 465; x_wconf 90' lang='grc' dir='ltr'><em>κτλ.</em></span> <span class='ocrx_word' id='word_1_49' title='bbox 716 423 758 464; x_wconf 89' lang='grc' dir='ltr'><em>τὸ</em></span> <span class='ocrx_word' id='word_1_50' title='bbox 789 425 943 464; x_wconf 61' lang='lat' dir='ltr'>addidit,</span> <span class='ocrx_word' id='word_1_51' title='bbox 963 423 1179 465; x_wconf 70' lang='lat' dir='ltr'>Porsonus.</span> <span class='ocrx_word' id='word_1_52' title='bbox 1211 423 1363 475; x_wconf 89' lang='grc' dir='ltr'><em>κυβους</em></span> <span class='ocrx_word' id='word_1_53' title='bbox 1394 423 1778 474; x_wconf 62' lang='lat' dir='ltr'><em>loa-uminterpmta-</em></span> 
     </span>
     <span class='ocr_line' id='line_1_8' title="bbox 212 480 1835 535; baseline -0.002 -10"><span class='ocrx_word' id='word_1_54' title='bbox 212 491 278 526; x_wconf 82' lang='lat' dir='ltr'><em>tur</em></span> <span class='ocrx_word' id='word_1_55' title='bbox 307 484 544 534; x_wconf 87' lang='lat' dir='ltr'>Meinekius,</span> <span class='ocrx_word' id='word_1_56' title='bbox 575 484 644 522; x_wconf 91' lang='lat' dir='ltr'>ubi</span> <span class='ocrx_word' id='word_1_57' title='bbox 675 481 817 535; x_wconf 82' lang='grc' dir='ltr'><em>κύβοις</em></span> <span class='ocrx_word' id='word_1_58' title='bbox 848 482 1072 522; x_wconf 75' lang='lat' dir='ltr'>ludebatur.</span> <span class='ocrx_word' id='word_1_59' title='bbox 1117 481 1186 520; x_wconf 88' lang='lat' dir='ltr'>sed</span> <span class='ocrx_word' id='word_1_60' title='bbox 1217 481 1352 521; x_wconf 82' lang='lat' dir='ltr'>nescio</span> <span class='ocrx_word' id='word_1_61' title='bbox 1383 493 1435 520; x_wconf 83' lang='lat' dir='ltr'><em>an</em></span> <span class='ocrx_word' id='word_1_62' title='bbox 1466 482 1555 521; x_wconf 84' lang='lat' dir='ltr'><em>tum</em></span> <span class='ocrx_word' id='word_1_63' title='bbox 1584 480 1780 524; x_wconf 71' lang='lat' dir='ltr'>articulus</span> <span class='ocrx_word' id='word_1_64' title='bbox 1834 494 1835 498; x_wconf 54' lang='lat'>¹</span> 
     </span>
     <span class='ocr_line' id='line_1_9' title="bbox 212 541 573 582; baseline -0.008 0"><span class='ocrx_word' id='word_1_65' title='bbox 212 542 412 582; x_wconf 81' lang='lat' dir='ltr'>addendus</span> <span class='ocrx_word' id='word_1_66' title='bbox 442 541 573 580; x_wconf 80' lang='lat' dir='ltr'>fuerit.</span> 
     </span>
     <span class='ocr_line' id='line_1_10' title="bbox 966 627 1021 670; baseline 0.018 -1"><span class='ocrx_word' id='word_1_67' title='bbox 966 627 1021 670; x_wconf 82' lang='lat'><em>28</em></span> 
     </span>
     <span class='ocr_line' id='line_1_11' title="bbox 1070 670 1511 739; baseline 0 -12"><span class='ocrx_word' id='word_1_68' title='bbox 1070 683 1113 736; x_wconf 85' lang='grc' dir='ltr'><em>ἐξ</em></span> <span class='ocrx_word' id='word_1_69' title='bbox 1146 682 1313 739; x_wconf 78' lang='grc' dir='ltr'><em>ἀγορᾶς</em></span> <span class='ocrx_word' id='word_1_70' title='bbox 1343 683 1389 726; x_wconf 82' lang='grc' dir='ltr'><em>δ’</em></span> <span class='ocrx_word' id='word_1_71' title='bbox 1422 670 1511 739; x_wconf 54' lang='grc' dir='ltr'><em>ἐγώ</em></span> 
     </span>
     <span class='ocr_line' id='line_1_12' title="bbox 411 751 1250 811; baseline -0.002 -14"><span class='ocrx_word' id='word_1_72' title='bbox 411 755 643 811; x_wconf 80' lang='grc' dir='ltr'><em>ω’νήσομαι</em></span> <span class='ocrx_word' id='word_1_73' title='bbox 675 754 839 809; x_wconf 84' lang='grc' dir='ltr'><em>λύχνον</em></span> <span class='ocrx_word' id='word_1_74' title='bbox 869 751 956 796; x_wconf 88' lang='grc' dir='ltr'><em>τιν’</em></span> <span class='ocrx_word' id='word_1_75' title='bbox 989 751 1019 808; x_wconf 74' lang='grc' dir='ltr'><em>ἦ</em></span> <span class='ocrx_word' id='word_1_76' title='bbox 1050 755 1250 808; x_wconf 85' lang='grc' dir='ltr'><em>στίλβην.</em></span> 
     </span>
    </p>
   </div>
   <div class='ocr_carea' id='block_1_4' title="bbox 211 832 1782 948">
    <p class='ocr_par' dir='ltr' id='par_1_4' title="bbox 211 832 1782 948">
     <span class='ocr_line' id='line_1_13' title="bbox 322 832 1782 891; baseline -0.001 -13"><span class='ocrx_word' id='word_1_77' title='bbox 322 839 486 878; x_wconf 75' lang='lat' dir='ltr'>photius</span> <span class='ocrx_word' id='word_1_78' title='bbox 527 837 685 889; x_wconf 84' lang='grc' dir='ltr'><em>στίλβη·</em></span> <span class='ocrx_word' id='word_1_79' title='bbox 724 835 854 890; x_wconf 83' lang='grc' dir='ltr'><strong><em>λύχνῳ</em></strong></span> <span class='ocrx_word' id='word_1_80' title='bbox 893 851 929 875; x_wconf 90' lang='grc' dir='ltr'><em>τι</em></span> <span class='ocrx_word' id='word_1_81' title='bbox 960 832 1099 884; x_wconf 83' lang='grc' dir='ltr'><em>ἐοικός.</em></span> <span class='ocrx_word' id='word_1_82' title='bbox 1141 834 1370 889; x_wconf 67' lang='grc' dir='ltr'><em>’Έρμιππος</em></span> <span class='ocrx_word' id='word_1_83' title='bbox 1401 836 1517 885; x_wconf 86' lang='grc' dir='ltr'><em>Θεοῖς</em></span> <span class='ocrx_word' id='word_1_84' title='bbox 1553 838 1637 877; x_wconf 81' lang='grc' dir='ltr'><em>κτλ.</em></span> <span class='ocrx_word' id='word_1_85' title='bbox 1678 833 1782 891; x_wconf 74' lang='grc' dir='ltr'><em>οὖνῆ-</em></span> 
     </span>
     <span class='ocr_line' id='line_1_14' title="bbox 211 891 1308 948; baseline 0 -14"><span class='ocrx_word' id='word_1_86' title='bbox 211 893 345 948; x_wconf 89' lang='grc' dir='ltr'><em>σομαι]</em></span> <span class='ocrx_word' id='word_1_87' title='bbox 379 891 458 935; x_wconf 69' lang='grc' dir='ltr'><em>εὀν.</em></span> <span class='ocrx_word' id='word_1_88' title='bbox 490 895 646 945; x_wconf 87' lang='lat' dir='ltr'>primo.&#39;</span> <span class='ocrx_word' id='word_1_89' title='bbox 682 895 843 934; x_wconf 82' lang='lat' dir='ltr'>Porson.</span> <span class='ocrx_word' id='word_1_90' title='bbox 877 894 927 934; x_wconf 87' lang='lat' dir='ltr'><em>cf.</em></span> <span class='ocrx_word' id='word_1_91' title='bbox 959 895 1060 934; x_wconf 75' lang='lat' dir='ltr'>Plat.</span> <span class='ocrx_word' id='word_1_92' title='bbox 1094 907 1193 934; x_wconf 87' lang='lat' dir='ltr'>eom.</span> <span class='ocrx_word' id='word_1_93' title='bbox 1215 896 1308 935; x_wconf 87' lang='grc'><strong>190.</strong></span> 
     </span>
    </p>
   </div>
   <div class='ocr_carea' id='block_1_5' title="bbox 286 1106 1744 1178">
    <p class='ocr_par' dir='ltr' id='par_1_5' title="bbox 286 1106 1744 1178">
     <span class='ocr_line' id='line_1_15' title="bbox 286 1106 1744 1178; baseline 0.002 -27"><span class='ocrx_word' id='word_1_94' title='bbox 286 1109 365 1152; x_wconf 87' lang='grc' dir='ltr'><em>τόν</em></span> <span class='ocrx_word' id='word_1_95' title='bbox 394 1125 441 1151; x_wconf 88' lang='grc' dir='ltr'><em>τε</em></span> <span class='ocrx_word' id='word_1_96' title='bbox 471 1109 664 1152; x_wconf 81' lang='grc' dir='ltr'><em>κότυλον</em></span> <span class='ocrx_word' id='word_1_97' title='bbox 694 1111 875 1164; x_wconf 74' lang='grc' dir='ltr'><em>πρῶτον</em></span> <span class='ocrx_word' id='word_1_98' title='bbox 905 1106 1056 1165; x_wconf 79' lang='grc' dir='ltr'><em>ἤνεγκ’</em></span> <span class='ocrx_word' id='word_1_99' title='bbox 1091 1109 1311 1165; x_wconf 85' lang='grc' dir='ltr'><em>ἐνέχυρον</em></span> <span class='ocrx_word' id='word_1_100' title='bbox 1341 1112 1433 1153; x_wconf 76' lang='grc' dir='ltr'><em>τῶν</em></span> <span class='ocrx_word' id='word_1_101' title='bbox 1462 1110 1698 1178; x_wconf 68' lang='grc' dir='ltr'><em>γειτόνων.</em></span> <span class='ocrx_word' id='word_1_102' title='bbox 1741 1150 1744 1155; x_wconf 93' lang='grc'>.</span> 
     </span>
    </p>
   </div>
   <div class='ocr_carea' id='block_1_6' title="bbox 211 1189 1784 1362">
    <p class='ocr_par' dir='ltr' id='par_1_6' title="bbox 211 1189 1784 1362">
     <span class='ocr_line' id='line_1_16' title="bbox 323 1189 1782 1247; baseline 0.001 -16"><span class='ocrx_word' id='word_1_103' title='bbox 323 1192 548 1231; x_wconf 73' lang='lat' dir='ltr'><strong>Athenaeus</strong></span> <span class='ocrx_word' id='word_1_104' title='bbox 582 1195 644 1240; x_wconf 78' lang='lat'><em>11,</em></span> <span class='ocrx_word' id='word_1_105' title='bbox 675 1193 787 1232; x_wconf 78' lang='lat'>4780</span> <span class='ocrx_word' id='word_1_106' title='bbox 818 1189 863 1231; x_wconf 78' lang='grc' dir='ltr'><em>τοὶ</em></span> <span class='ocrx_word' id='word_1_107' title='bbox 894 1190 1053 1243; x_wconf 85' lang='grc' dir='ltr'><em>μόνωτα</em></span> <span class='ocrx_word' id='word_1_108' title='bbox 1083 1191 1252 1245; x_wconf 83' lang='grc' dir='ltr'><em>ποτήρια</em></span> <span class='ocrx_word' id='word_1_109' title='bbox 1283 1191 1441 1233; x_wconf 82' lang='grc' dir='ltr'><em>κότυλοι</em></span> <span class='ocrx_word' id='word_1_110' title='bbox 1462 1222 1471 1232; x_wconf 93' lang='grc'><strong>.</strong></span> <span class='ocrx_word' id='word_1_111' title='bbox 1493 1227 1501 1237; x_wconf 87' lang='grc'><em>,</em></span> <span class='ocrx_word' id='word_1_112' title='bbox 1521 1225 1530 1235; x_wconf 88' lang='grc'><em>.</em></span> <span class='ocrx_word' id='word_1_113' title='bbox 1551 1190 1782 1247; x_wconf 78' lang='grc' dir='ltr'><em>”Ερμιππος</em></span> 
     </span>
     <span class='ocr_line' id='line_1_17' title="bbox 211 1245 1781 1304; baseline 0.003 -17"><span class='ocrx_word' id='word_1_114' title='bbox 211 1245 249 1287; x_wconf 79' lang='grc' dir='ltr'><em>δ’</em></span> <span class='ocrx_word' id='word_1_115' title='bbox 283 1247 327 1287; x_wconf 79' lang='grc' dir='ltr'><em>ἐν</em></span> <span class='ocrx_word' id='word_1_116' title='bbox 361 1249 474 1295; x_wconf 85' lang='grc' dir='ltr'><em>Θεοῖς</em></span> <span class='ocrx_word' id='word_1_117' title='bbox 494 1251 574 1288; x_wconf 87' lang='grc' dir='ltr'><em>κτλ.</em></span> <span class='ocrx_word' id='word_1_118' title='bbox 627 1248 802 1302; x_wconf 81' lang='grc' dir='ltr'><em>πρῶτον]</em></span> <span class='ocrx_word' id='word_1_119' title='bbox 826 1250 1013 1302; x_wconf 75' lang='grc' dir='ltr'><em>πρῶτοςὶ)</em></span> <span class='ocrx_word' id='word_1_120' title='bbox 1048 1251 1232 1290; x_wconf 84' lang='lat' dir='ltr'>Dindorf.</span> <span class='ocrx_word' id='word_1_121' title='bbox 1255 1248 1395 1304; x_wconf 78' lang='grc' dir='ltr'><em>ἤνεγκ’</em></span> <span class='ocrx_word' id='word_1_122' title='bbox 1418 1248 1607 1303; x_wconf 78' lang='grc' dir='ltr'><em>ἐνέχυρον</em></span> <span class='ocrx_word' id='word_1_123' title='bbox 1626 1250 1781 1291; x_wconf 76' lang='lat' dir='ltr'>Iacobs.</span> 
     </span>
     <span class='ocr_line' id='line_1_18' title="bbox 211 1305 1784 1362; baseline 0.003 -18"><span class='ocrx_word' id='word_1_124' title='bbox 211 1306 346 1344; x_wconf 76' lang='lat' dir='ltr'>Addit.</span> <span class='ocrx_word' id='word_1_125' title='bbox 376 1306 522 1345; x_wconf 81' lang='lat' dir='ltr'><strong>Athen.</strong></span> <span class='ocrx_word' id='word_1_126' title='bbox 549 1308 642 1347; x_wconf 84' lang='lat'>259.</span> <span class='ocrx_word' id='word_1_127' title='bbox 675 1307 787 1348; x_wconf 77' lang='lat' dir='ltr'>Pors.</span> <span class='ocrx_word' id='word_1_128' title='bbox 811 1320 874 1358; x_wconf 85' lang='lat' dir='ltr'><em>ap.</em></span> <span class='ocrx_word' id='word_1_129' title='bbox 899 1308 1020 1347; x_wconf 84' lang='lat' dir='ltr'>Dobr.</span> <span class='ocrx_word' id='word_1_130' title='bbox 1055 1308 1178 1347; x_wconf 77' lang='lat' dir='ltr'>Arist..</span> <span class='ocrx_word' id='word_1_131' title='bbox 1202 1308 1308 1347; x_wconf 78' lang='lat' dir='ltr'>Plut.</span> <span class='ocrx_word' id='word_1_132' title='bbox 1333 1311 1414 1348; x_wconf 84' lang='lat'><em>451</em></span> <span class='ocrx_word' id='word_1_133' title='bbox 1447 1322 1485 1360; x_wconf 89' lang='lat' dir='ltr'><em>p.</em></span> <span class='ocrx_word' id='word_1_134' title='bbox 1509 1305 1579 1362; x_wconf 88' lang='lat'><em>53]</em></span> <span class='ocrx_word' id='word_1_135' title='bbox 1612 1305 1784 1361; x_wconf 77' lang='grc' dir='ltr'><em>ἤνεγκεν</em></span> 
     </span>
    </p>
   </div>
   <div class='ocr_carea' id='block_1_7' title="bbox 212 1360 1782 1470">
    <p class='ocr_par' dir='ltr' id='par_1_7' title="bbox 212 1360 1782 1470">
     <span class='ocr_line' id='line_1_19' title="bbox 212 1360 1782 1459; baseline 0.004 -58"><span class='ocrx_word' id='word_1_136' title='bbox 212 1360 367 1459; x_wconf 56' lang='grc' dir='ltr'><em>ἐχυρὲὶν.</em></span> <span class='ocrx_word' id='word_1_137' title='bbox 418 1365 582 1459; x_wconf 53' lang='grc' dir='ltr'><em>ῗτορῒοι·</em></span> <span class='ocrx_word' id='word_1_138' title='bbox 626 1364 842 1415; x_wconf 75' lang='lat' dir='ltr'>fragmenti</span> <span class='ocrx_word' id='word_1_139' title='bbox 889 1365 1127 1404; x_wconf 81' lang='lat' dir='ltr'>brevitatem</span> <span class='ocrx_word' id='word_1_140' title='bbox 1172 1378 1254 1405; x_wconf 93' lang='lat' dir='ltr'><em>non</em></span> <span class='ocrx_word' id='word_1_141' title='bbox 1300 1367 1399 1406; x_wconf 76' lang='lat' dir='ltr'>satis</span> <span class='ocrx_word' id='word_1_142' title='bbox 1444 1366 1638 1417; x_wconf 81' lang='lat' dir='ltr'>intellego</span> <span class='ocrx_word' id='word_1_143' title='bbox 1684 1364 1782 1418; x_wconf 86' lang='lat' dir='ltr'>quid</span> 
     </span>
     <span class='ocr_line' id='line_1_20' title="bbox 240 1433 478 1470; baseline 0.004 -12"><span class='ocrx_word' id='word_1_144' title='bbox 240 1433 300 1459; x_wconf 81' lang='lat' dir='ltr'>ica</span> <span class='ocrx_word' id='word_1_145' title='bbox 347 1433 421 1470; x_wconf 86' lang='lat' dir='ltr'>poe</span> <span class='ocrx_word' id='word_1_146' title='bbox 443 1434 478 1459; x_wconf 86' lang='lat' dir='ltr'><em>a.</em></span> 
     </span>
    </p>
   </div>
   <div class='ocr_carea' id='block_1_8' title="bbox 328 1511 1651 1648">
    <p class='ocr_par' dir='ltr' id='par_1_8' title="bbox 328 1511 1651 1648">
     <span class='ocr_line' id='line_1_21' title="bbox 973 1511 1029 1553; baseline 0 0"><span class='ocrx_word' id='word_1_147' title='bbox 973 1511 1029 1553; x_wconf 90' lang='lat'><em>30</em></span> 
     </span>
     <span class='ocr_line' id='line_1_22' title="bbox 328 1587 1651 1648; baseline -0.008 -4"><span class='ocrx_word' id='word_1_148' title='bbox 328 1587 475 1643; x_wconf 77' lang='grc' dir='ltr'><em>φήμης</em></span> <span class='ocrx_word' id='word_1_149' title='bbox 508 1588 626 1642; x_wconf 67' lang='grc' dir='ltr'><em>ἱερᾶς</em></span> <span class='ocrx_word' id='word_1_150' title='bbox 659 1587 974 1646; x_wconf 81' lang='grc' dir='ltr'><em>ἐξοιγνυμένης</em></span> <span class='ocrx_word' id='word_1_151' title='bbox 1005 1588 1158 1646; x_wconf 67' lang='grc' dir='ltr'><em>ὥσπερ</em></span> <span class='ocrx_word' id='word_1_152' title='bbox 1191 1591 1390 1643; x_wconf 82' lang='grc' dir='ltr'><em>πέπονος</em></span> <span class='ocrx_word' id='word_1_153' title='bbox 1420 1592 1651 1648; x_wconf 82' lang='grc' dir='ltr'><em>δοθιῆνος.</em></span> 
     </span>
    </p>
   </div>
   <div class='ocr_carea' id='block_1_9' title="bbox 215 1670 1784 1954">
    <p class='ocr_par' dir='ltr' id='par_1_9' title="bbox 215 1670 1784 1954">
     <span class='ocr_line' id='line_1_23' title="bbox 326 1670 1782 1726; baseline 0.005 -18"><span class='ocrx_word' id='word_1_154' title='bbox 326 1670 571 1710; x_wconf 79' lang='lat' dir='ltr'>Herodianus</span> <span class='ocrx_word' id='word_1_155' title='bbox 600 1672 641 1710; x_wconf 91' lang='lat' dir='ltr'><em>II</em></span> <span class='ocrx_word' id='word_1_156' title='bbox 665 1673 758 1724; x_wconf 86' lang='lat'><strong>923,</strong></span> <span class='ocrx_word' id='word_1_157' title='bbox 785 1674 833 1711; x_wconf 84' lang='lat'><em>16</em></span> <span class='ocrx_word' id='word_1_158' title='bbox 866 1673 1003 1713; x_wconf 85' lang='lat' dir='ltr'>Lentz.</span> <span class='ocrx_word' id='word_1_159' title='bbox 1026 1671 1252 1726; x_wconf 78' lang='grc' dir='ltr'><em>’Έρμιππος</em></span> <span class='ocrx_word' id='word_1_160' title='bbox 1283 1674 1327 1714; x_wconf 80' lang='grc' dir='ltr'><em>ἕν</em></span> <span class='ocrx_word' id='word_1_161' title='bbox 1349 1675 1478 1723; x_wconf 85' lang='grc' dir='ltr'><em>Θεοῖς.</em></span> <span class='ocrx_word' id='word_1_162' title='bbox 1509 1673 1684 1723; x_wconf 80' lang='grc' dir='ltr'><em>πέπονος</em></span> <span class='ocrx_word' id='word_1_163' title='bbox 1714 1672 1782 1715; x_wconf 81' lang='grc' dir='ltr'><em>δο-</em></span> 
     </span>
     <span class='ocr_line' id='line_1_24' title="bbox 215 1727 1784 1785; baseline 0.006 -21"><span class='ocrx_word' id='word_1_164' title='bbox 215 1729 357 1778; x_wconf 81' lang='grc' dir='ltr'><em>θιῆνος</em></span> <span class='ocrx_word' id='word_1_165' title='bbox 387 1727 434 1768; x_wconf 90' lang='lat' dir='ltr'><em>L.</em></span> <span class='ocrx_word' id='word_1_166' title='bbox 467 1727 713 1781; x_wconf 82' lang='lat' dir='ltr'>Dindorfius]</span> <span class='ocrx_word' id='word_1_167' title='bbox 746 1727 926 1769; x_wconf 83' lang='grc' dir='ltr'><em>πέπονθε</em></span> <span class='ocrx_word' id='word_1_168' title='bbox 958 1730 1182 1783; x_wconf 83' lang='grc' dir='ltr'><em>δοθειήνος.</em></span> <span class='ocrx_word' id='word_1_169' title='bbox 1233 1734 1367 1773; x_wconf 84' lang='lat' dir='ltr'>nescio</span> <span class='ocrx_word' id='word_1_170' title='bbox 1403 1747 1482 1785; x_wconf 91' lang='lat' dir='ltr'><em>quo</em></span> <span class='ocrx_word' id='word_1_171' title='bbox 1518 1733 1637 1774; x_wconf 87' lang='lat' dir='ltr'>modo</span> <span class='ocrx_word' id='word_1_172' title='bbox 1667 1727 1784 1785; x_wconf 76' lang='grc' dir='ltr'><em>φήμη</em></span> 
     </span>
     <span class='ocr_line' id='line_1_25' title="bbox 215 1785 1782 1843; baseline 0.006 -21"><span class='ocrx_word' id='word_1_173' title='bbox 215 1797 303 1823; x_wconf 84' lang='lat' dir='ltr'><em>cum</em></span> <span class='ocrx_word' id='word_1_174' title='bbox 331 1785 461 1823; x_wconf 83' lang='lat' dir='ltr'>ulcere</span> <span class='ocrx_word' id='word_1_175' title='bbox 490 1788 644 1825; x_wconf 79' lang='lat' dir='ltr'>maturo</span> <span class='ocrx_word' id='word_1_176' title='bbox 673 1788 800 1836; x_wconf 65' lang='lat' dir='ltr'>possit,</span> <span class='ocrx_word' id='word_1_177' title='bbox 829 1790 1060 1838; x_wconf 82' lang='lat' dir='ltr'>comparari.</span> <span class='ocrx_word' id='word_1_178' title='bbox 1100 1789 1267 1830; x_wconf 83' lang='lat' dir='ltr'>fortasse</span> <span class='ocrx_word' id='word_1_179' title='bbox 1298 1791 1552 1831; x_wconf 82' lang='lat' dir='ltr'>scribendum</span> <span class='ocrx_word' id='word_1_180' title='bbox 1581 1793 1720 1843; x_wconf 82' lang='grc' dir='ltr'><em>φωνῆ</em></span> <span class='ocrx_word' id='word_1_181' title='bbox 1739 1796 1782 1839; x_wconf 75' lang='grc' dir='ltr'><em>ς’,</em></span> 
     </span>
     <span class='ocr_line' id='line_1_26' title="bbox 215 1842 1779 1900; baseline 0.006 -21"><span class='ocrx_word' id='word_1_182' title='bbox 215 1843 260 1879; x_wconf 78' lang='lat' dir='ltr'><em>ut</em></span> <span class='ocrx_word' id='word_1_183' title='bbox 288 1842 448 1881; x_wconf 73' lang='lat' dir='ltr'><em>Periclis</em></span> <span class='ocrx_word' id='word_1_184' title='bbox 478 1855 553 1882; x_wconf 89' lang='lat' dir='ltr'><em>vox</em></span> <span class='ocrx_word' id='word_1_185' title='bbox 584 1843 830 1894; x_wconf 79' lang='lat' dir='ltr'>significetur</span> <span class='ocrx_word' id='word_1_186' title='bbox 850 1842 1059 1897; x_wconf 85' lang='lat' dir='ltr'>(Teleclid.</span> <span class='ocrx_word' id='word_1_187' title='bbox 1085 1847 1156 1898; x_wconf 88' lang='lat'><em>43)</em></span> <span class='ocrx_word' id='word_1_188' title='bbox 1189 1850 1229 1888; x_wconf 79' lang='lat' dir='ltr'>et</span> <span class='ocrx_word' id='word_1_189' title='bbox 1260 1845 1431 1896; x_wconf 82' lang='grc' dir='ltr'><em>πέπονος</em></span> <span class='ocrx_word' id='word_1_190' title='bbox 1460 1847 1656 1900; x_wconf 80' lang='grc' dir='ltr'><em>δοθιῆνος</em></span> <span class='ocrx_word' id='word_1_191' title='bbox 1684 1859 1779 1900; x_wconf 84' lang='lat' dir='ltr'>pen·</span> 
     </span>
     <span class='ocr_line' id='line_1_27' title="bbox 217 1898 1139 1954; baseline 0.008 -18"><span class='ocrx_word' id='word_1_192' title='bbox 217 1898 307 1938; x_wconf 74' lang='lat' dir='ltr'>deat</span> <span class='ocrx_word' id='word_1_193' title='bbox 335 1912 357 1936; x_wconf 85' lang='lat' dir='ltr'>a</span> <span class='ocrx_word' id='word_1_194' title='bbox 385 1900 677 1950; x_wconf 77' lang='lat' dir='ltr'>praepositione</span> <span class='ocrx_word' id='word_1_195' title='bbox 707 1901 817 1941; x_wconf 86' lang='lat' dir='ltr'>verbi</span> <span class='ocrx_word' id='word_1_196' title='bbox 848 1899 1139 1954; x_wconf 81' lang='grc' dir='ltr'><em>ε’ξοιγνυμένης.</em></span> 
     </span>
    </p>
   </div>
   <div class='ocr_carea' id='block_1_10' title="bbox 359 2038 1629 2177">
    <p class='ocr_par' dir='ltr' id='par_1_10' title="bbox 359 2038 1629 2177">
     <span class='ocr_line' id='line_1_28' title="bbox 973 2038 1025 2080; baseline -0.019 0"><span class='ocrx_word' id='word_1_197' title='bbox 973 2038 1025 2080; x_wconf 88' lang='lat'><em>31</em></span> 
     </span>
     <span class='ocr_line' id='line_1_29' title="bbox 359 2111 1629 2177; baseline 0.009 -26"><span class='ocrx_word' id='word_1_198' title='bbox 359 2111 553 2162; x_wconf 79' lang='grc' dir='ltr'><em>λεπάδας</em></span> <span class='ocrx_word' id='word_1_199' title='bbox 585 2112 633 2154; x_wconf 77' lang='grc' dir='ltr'><em>δὲ</em></span> <span class='ocrx_word' id='word_1_200' title='bbox 664 2115 841 2170; x_wconf 76' lang='grc' dir='ltr'><em>πετρῶν</em></span> <span class='ocrx_word' id='word_1_201' title='bbox 871 2113 1208 2170; x_wconf 81' lang='grc' dir='ltr'><em>ἀποκόπτοντες</em></span> <span class='ocrx_word' id='word_1_202' title='bbox 1238 2119 1629 2177; x_wconf 80' lang='grc' dir='ltr'><em>κρεμβαλιάζουσι.</em></span> 
     </span>
    </p>
   </div>
   <div class='ocr_carea' id='block_1_11' title="bbox 213 2193 1786 2883">
    <p class='ocr_par' dir='ltr' id='par_1_11' title="bbox 213 2193 1786 2883">
     <span class='ocr_line' id='line_1_30' title="bbox 331 2193 1784 2255; baseline 0.009 -24"><span class='ocrx_word' id='word_1_203' title='bbox 331 2194 560 2234; x_wconf 76' lang='lat' dir='ltr'>Athenaeus</span> <span class='ocrx_word' id='word_1_204' title='bbox 593 2197 664 2245; x_wconf 83' lang='lat'><em>14,</em></span> <span class='ocrx_word' id='word_1_205' title='bbox 698 2199 844 2238; x_wconf 79' lang='lat' dir='ltr'>6360d</span> <span class='ocrx_word' id='word_1_206' title='bbox 875 2193 928 2250; x_wconf 77' lang='grc' dir='ltr'><em>ἦν</em></span> <span class='ocrx_word' id='word_1_207' title='bbox 956 2193 1029 2252; x_wconf 77' lang='grc' dir='ltr'><em>γὰρ</em></span> <span class='ocrx_word' id='word_1_208' title='bbox 1059 2200 1112 2252; x_wconf 79' lang='grc' dir='ltr'><em>δή</em></span> <span class='ocrx_word' id='word_1_209' title='bbox 1145 2215 1233 2241; x_wconf 84' lang='grc' dir='ltr'><em>τινα</em></span> <span class='ocrx_word' id='word_1_210' title='bbox 1275 2201 1344 2242; x_wconf 85' lang='grc' dir='ltr'><em>καὶ</em></span> <span class='ocrx_word' id='word_1_211' title='bbox 1374 2233 1384 2243; x_wconf 93' lang='grc'><strong>.</strong></span> <span class='ocrx_word' id='word_1_212' title='bbox 1419 2235 1428 2243; x_wconf 91' lang='grc'><strong><em>.</em></strong></span> <span class='ocrx_word' id='word_1_213' title='bbox 1460 2231 1470 2241; x_wconf 89' lang='grc'><strong>.</strong></span> <span class='ocrx_word' id='word_1_214' title='bbox 1501 2200 1612 2255; x_wconf 77' lang='grc' dir='ltr'><em>ἕτερα</em></span> <span class='ocrx_word' id='word_1_215' title='bbox 1643 2201 1784 2252; x_wconf 82' lang='grc' dir='ltr'><em>ψόφου</em></span> 
     </span>
     <span class='ocr_line' id='line_1_31' title="bbox 218 2247 1785 2313; baseline 0.01 -27"><span class='ocrx_word' id='word_1_216' title='bbox 218 2247 342 2300; x_wconf 89' lang='grc' dir='ltr'><em>μόνον</em></span> <span class='ocrx_word' id='word_1_217' title='bbox 370 2253 719 2299; x_wconf 76' lang='grc' dir='ltr'><em>παρασκευαστικά</em></span> <span class='ocrx_word' id='word_1_218' title='bbox 753 2253 1037 2305; x_wconf 81' lang='lat' dir='ltr'>(instrumenta</span> <span class='ocrx_word' id='word_1_219' title='bbox 1066 2255 1253 2312; x_wconf 80' lang='lat' dir='ltr'>musica),</span> <span class='ocrx_word' id='word_1_220' title='bbox 1285 2256 1473 2313; x_wconf 76' lang='grc' dir='ltr'><em>καθάπερ</em></span> <span class='ocrx_word' id='word_1_221' title='bbox 1504 2258 1550 2299; x_wconf 81' lang='grc' dir='ltr'><em>τὰ</em></span> <span class='ocrx_word' id='word_1_222' title='bbox 1581 2258 1785 2313; x_wconf 81' lang='grc' dir='ltr'><em>κρέμβαλα</em></span> 
     </span>
     <span class='ocr_line' id='line_1_32' title="bbox 219 2304 1783 2371; baseline 0.01 -28"><span class='ocrx_word' id='word_1_223' title='bbox 219 2335 228 2344; x_wconf 95' lang='grc'><strong><em>.</em></strong></span> <span class='ocrx_word' id='word_1_224' title='bbox 262 2338 270 2345; x_wconf 94' lang='grc'><strong>.</strong></span> <span class='ocrx_word' id='word_1_225' title='bbox 305 2335 315 2345; x_wconf 93' lang='grc'><strong>.</strong></span> <span class='ocrx_word' id='word_1_226' title='bbox 336 2304 562 2360; x_wconf 62' lang='grc' dir='ltr'><em>’Έρμιππος</em></span> <span class='ocrx_word' id='word_1_227' title='bbox 593 2306 633 2348; x_wconf 82' lang='grc' dir='ltr'><em>δ’</em></span> <span class='ocrx_word' id='word_1_228' title='bbox 667 2308 710 2349; x_wconf 83' lang='grc' dir='ltr'><em>ἐν</em></span> <span class='ocrx_word' id='word_1_229' title='bbox 742 2311 854 2359; x_wconf 86' lang='grc' dir='ltr'><em>Θεοῖς</em></span> <span class='ocrx_word' id='word_1_230' title='bbox 898 2311 938 2352; x_wconf 87' lang='grc' dir='ltr'><em>τὸ</em></span> <span class='ocrx_word' id='word_1_231' title='bbox 970 2311 1120 2363; x_wconf 85' lang='grc' dir='ltr'><em>τούτοις</em></span> <span class='ocrx_word' id='word_1_232' title='bbox 1153 2313 1426 2370; x_wconf 79' lang='grc' dir='ltr'><em>(κρεμβᾶλοις)</em></span> <span class='ocrx_word' id='word_1_233' title='bbox 1466 2315 1628 2371; x_wconf 87' lang='grc' dir='ltr'><em>κρούειν</em></span> <span class='ocrx_word' id='word_1_234' title='bbox 1664 2331 1783 2371; x_wconf 84' lang='grc' dir='ltr'><em>κρεμ-</em></span> 
     </span>
     <span class='ocr_line' id='line_1_33' title="bbox 218 2362 1783 2429; baseline 0.01 -29"><span class='ocrx_word' id='word_1_235' title='bbox 218 2362 390 2414; x_wconf 79' lang='grc' dir='ltr'><em>βαλίζειν</em></span> <span class='ocrx_word' id='word_1_236' title='bbox 419 2363 579 2417; x_wconf 84' lang='grc' dir='ltr'><em>εἴρηκεν</em></span> <span class='ocrx_word' id='word_1_237' title='bbox 616 2364 660 2405; x_wconf 80' lang='grc' dir='ltr'><em>ἐν</em></span> <span class='ocrx_word' id='word_1_238' title='bbox 700 2365 848 2416; x_wconf 89' lang='grc' dir='ltr'><em>τούτοις</em></span> <span class='ocrx_word' id='word_1_239' title='bbox 879 2373 958 2411; x_wconf 89' lang='grc' dir='ltr'><em>κτλ.</em></span> <span class='ocrx_word' id='word_1_240' title='bbox 1011 2371 1343 2425; x_wconf 76' lang='grc' dir='ltr'><em>κρεμβαλιάζουσι</em></span> <span class='ocrx_word' id='word_1_241' title='bbox 1384 2372 1633 2429; x_wconf 85' lang='lat' dir='ltr'>Dindorfius]</span> <span class='ocrx_word' id='word_1_242' title='bbox 1665 2388 1783 2427; x_wconf 71' lang='grc' dir='ltr'><em>κρεμ-</em></span> 
     </span>
     <span class='ocr_line' id='line_1_34' title="bbox 218 2419 1784 2484; baseline 0.01 -28"><span class='ocrx_word' id='word_1_243' title='bbox 218 2419 430 2470; x_wconf 81' lang='grc' dir='ltr'><em>βαλίζουσι.</em></span> <span class='ocrx_word' id='word_1_244' title='bbox 485 2423 532 2464; x_wconf 82' lang='lat' dir='ltr'><em>cf.</em></span> <span class='ocrx_word' id='word_1_245' title='bbox 564 2423 770 2475; x_wconf 77' lang='lat' dir='ltr'>Aristoph.</span> <span class='ocrx_word' id='word_1_246' title='bbox 804 2427 901 2468; x_wconf 84' lang='lat' dir='ltr'><strong>Ran.</strong></span> <span class='ocrx_word' id='word_1_247' title='bbox 924 2429 1031 2468; x_wconf 87' lang='lat'>1305</span> <span class='ocrx_word' id='word_1_248' title='bbox 1065 2443 1153 2469; x_wconf 88' lang='lat' dir='ltr'><em>cum</em></span> <span class='ocrx_word' id='word_1_249' title='bbox 1186 2430 1308 2470; x_wconf 80' lang='lat' dir='ltr'>schol.</span> <span class='ocrx_word' id='word_1_250' title='bbox 1339 2435 1380 2471; x_wconf 81' lang='lat' dir='ltr'>et</span> <span class='ocrx_word' id='word_1_251' title='bbox 1409 2432 1576 2483; x_wconf 79' lang='lat' dir='ltr'>interpr.</span> <span class='ocrx_word' id='word_1_252' title='bbox 1609 2428 1784 2484; x_wconf 69' lang='lat' dir='ltr'>Hesyoh&#39;.</span> 
     </span>
     <span class='ocr_line' id='line_1_35' title="bbox 219 2475 1783 2544; baseline 0.01 -32"><span class='ocrx_word' id='word_1_253' title='bbox 219 2475 533 2544; x_wconf 65' lang='grc' dir='ltr'><em>κρεμβαλιᾶζειν·</em></span> <span class='ocrx_word' id='word_1_254' title='bbox 575 2480 762 2539; x_wconf 64' lang='grc' dir='ltr'><em>κογχύλια</em></span> <span class='ocrx_word' id='word_1_255' title='bbox 799 2482 866 2522; x_wconf 86' lang='grc' dir='ltr'><em>καὶ</em></span> <span class='ocrx_word' id='word_1_256' title='bbox 905 2481 1093 2537; x_wconf 75' lang='grc' dir='ltr'><em>ὀστράκια</em></span> <span class='ocrx_word' id='word_1_257' title='bbox 1131 2493 1440 2540; x_wconf 77' lang='grc' dir='ltr'><em>συγκροτοῦντες</em></span> <span class='ocrx_word' id='word_1_258' title='bbox 1471 2484 1634 2541; x_wconf 79' lang='grc' dir='ltr'><em>ἔρισμόν</em></span> <span class='ocrx_word' id='word_1_259' title='bbox 1664 2485 1783 2542; x_wconf 85' lang='lat' dir='ltr'>(Mei-</span> 
     </span>
     <span class='ocr_line' id='line_1_36' title="bbox 218 2531 1786 2597; baseline 0.011 -28"><span class='ocrx_word' id='word_1_260' title='bbox 218 2533 306 2570; x_wconf 86' lang='lat' dir='ltr'>nek.</span> <span class='ocrx_word' id='word_1_261' title='bbox 339 2531 557 2588; x_wconf 79' lang='grc' dir='ltr'><em>ἒρρυθμον)</em></span> <span class='ocrx_word' id='word_1_262' title='bbox 589 2551 676 2576; x_wconf 84' lang='grc' dir='ltr'><em>τινα</em></span> <span class='ocrx_word' id='word_1_263' title='bbox 706 2539 805 2590; x_wconf 73' lang='grc' dir='ltr'><em>ἦχον</em></span> <span class='ocrx_word' id='word_1_264' title='bbox 833 2537 1040 2581; x_wconf 75' lang='grc' dir='ltr'><em>ἀποτελεῖν</em></span> <span class='ocrx_word' id='word_1_265' title='bbox 1062 2547 1141 2591; x_wconf 88' lang='grc' dir='ltr'><em>τοῖς</em></span> <span class='ocrx_word' id='word_1_266' title='bbox 1164 2540 1431 2597; x_wconf 85' lang='grc' dir='ltr'><em>ὀρχουμένοις.</em></span> <span class='ocrx_word' id='word_1_267' title='bbox 1462 2558 1605 2586; x_wconf 77' lang='lat' dir='ltr'>sonum</span> <span class='ocrx_word' id='word_1_268' title='bbox 1623 2546 1786 2587; x_wconf 56' lang='lat' dir='ltr'>reddere</span> 
     </span>
     <span class='ocr_line' id='line_1_37' title="bbox 213 2591 1784 2649; baseline 0.01 -22"><span class='ocrx_word' id='word_1_269' title='bbox 213 2591 425 2638; x_wconf 74' lang='lat' dir='ltr'>puerilium</span> <span class='ocrx_word' id='word_1_270' title='bbox 471 2596 787 2641; x_wconf 71' lang='lat' dir='ltr'><em>crepitaculorum</em></span> <span class='ocrx_word' id='word_1_271' title='bbox 831 2597 997 2644; x_wconf 78' lang='lat' dir='ltr'>Quintil.</span> <span class='ocrx_word' id='word_1_272' title='bbox 1039 2601 1083 2646; x_wconf 83' lang='lat'><em>9,</em></span> <span class='ocrx_word' id='word_1_273' title='bbox 1124 2603 1170 2649; x_wconf 81' lang='lat'><em>4,</em></span> <span class='ocrx_word' id='word_1_274' title='bbox 1212 2603 1277 2643; x_wconf 91' lang='grc'><em>66.</em></span> <span class='ocrx_word' id='word_1_275' title='bbox 1332 2602 1520 2642; x_wconf 78' lang='lat' dir='ltr'>videntur</span> <span class='ocrx_word' id='word_1_276' title='bbox 1557 2604 1784 2642; x_wconf 75' lang='lat' dir='ltr'>tetrametri</span> 
     </span>
     <span class='ocr_line' id='line_1_38' title="bbox 218 2648 1776 2711; baseline 0.011 -28"><span class='ocrx_word' id='word_1_277' title='bbox 218 2659 331 2696; x_wconf 88' lang='lat' dir='ltr'>anap.</span> <span class='ocrx_word' id='word_1_278' title='bbox 362 2648 548 2697; x_wconf 81' lang='lat' dir='ltr'>reliquiae</span> <span class='ocrx_word' id='word_1_279' title='bbox 578 2664 675 2691; x_wconf 82' lang='lat' dir='ltr'>esse.</span> <span class='ocrx_word' id='word_1_280' title='bbox 709 2653 882 2694; x_wconf 75' lang='lat' dir='ltr'>Cobetus</span> <span class='ocrx_word' id='word_1_281' title='bbox 904 2657 1051 2695; x_wconf 80' lang='lat' dir='ltr'>Mnem.</span> <span class='ocrx_word' id='word_1_282' title='bbox 1075 2658 1132 2696; x_wconf 96' lang='lat' dir='ltr'><em>XI</em></span> <span class='ocrx_word' id='word_1_283' title='bbox 1153 2659 1234 2698; x_wconf 83' lang='lat'><em>295</em></span> <span class='ocrx_word' id='word_1_284' title='bbox 1267 2659 1457 2699; x_wconf 76' lang='lat' dir='ltr'>dimetros</span> <span class='ocrx_word' id='word_1_285' title='bbox 1491 2659 1612 2711; x_wconf 77' lang='lat' dir='ltr'>fingit</span> <span class='ocrx_word' id='word_1_286' title='bbox 1640 2660 1776 2700; x_wconf 75' lang='lat' dir='ltr'>hosce:</span> 
     </span>
     <span class='ocr_line' id='line_1_39' title="bbox 218 2701 1783 2768; baseline 0.012 -29"><span class='ocrx_word' id='word_1_287' title='bbox 218 2701 389 2767; x_wconf 69' lang='grc' dir='ltr'><em>λεπάδας</em></span> <span class='ocrx_word' id='word_1_288' title='bbox 428 2718 466 2743; x_wconf 89' lang='grc' dir='ltr'><em>τε</em></span> <span class='ocrx_word' id='word_1_289' title='bbox 504 2719 544 2744; x_wconf 89' lang='grc' dir='ltr'><em>π.</em></span> <span class='ocrx_word' id='word_1_290' title='bbox 583 2703 648 2748; x_wconf 76' lang='grc' dir='ltr'><em>ἀπ.</em></span> <span class='ocrx_word' id='word_1_291' title='bbox 684 2707 689 2761; x_wconf 90' lang='grc' dir='ltr'>Ι</span> <span class='ocrx_word' id='word_1_292' title='bbox 723 2709 932 2762; x_wconf 85' lang='grc' dir='ltr'><em>κρούοντες</em></span> <span class='ocrx_word' id='word_1_293' title='bbox 970 2714 1338 2765; x_wconf 79' lang='grc' dir='ltr'><em>κρεμβαλιάζουσιν.</em></span> <span class='ocrx_word' id='word_1_294' title='bbox 1390 2719 1509 2767; x_wconf 72' lang='lat' dir='ltr'>atque</span> <span class='ocrx_word' id='word_1_295' title='bbox 1549 2717 1582 2756; x_wconf 82' lang='lat' dir='ltr'>is</span> <span class='ocrx_word' id='word_1_296' title='bbox 1620 2716 1783 2768; x_wconf 84' lang='lat' dir='ltr'>quidem</span> 
     </span>
     <span class='ocr_line' id='line_1_40' title="bbox 218 2762 1780 2824; baseline 0.012 -28"><span class='ocrx_word' id='word_1_297' title='bbox 218 2762 580 2824; x_wconf 67' lang='lat' dir='ltr'>glgantomaehiam</span> <span class='ocrx_word' id='word_1_298' title='bbox 625 2766 815 2817; x_wconf 86' lang='lat' dir='ltr'>aliquam,</span> <span class='ocrx_word' id='word_1_299' title='bbox 863 2770 1194 2812; x_wconf 76' lang='lat' dir='ltr'>Wilamowitzius</span> <span class='ocrx_word' id='word_1_300' title='bbox 1242 2773 1381 2812; x_wconf 87' lang='lat' dir='ltr'>Herm.</span> <span class='ocrx_word' id='word_1_301' title='bbox 1429 2773 1510 2813; x_wconf 87' lang='lat' dir='ltr'><em>VH</em></span> <span class='ocrx_word' id='word_1_302' title='bbox 1553 2774 1634 2813; x_wconf 85' lang='lat'><em>140</em></span> <span class='ocrx_word' id='word_1_303' title='bbox 1678 2773 1780 2813; x_wconf 90' lang='lat' dir='ltr'>conl.</span> 
     </span>
     <span class='ocr_line' id='line_1_41' title="bbox 219 2816 1784 2883; baseline 0.01 -27"><span class='ocrx_word' id='word_1_304' title='bbox 219 2816 420 2868; x_wconf 79' lang='lat' dir='ltr'>Amstoph.</span> <span class='ocrx_word' id='word_1_305' title='bbox 467 2820 538 2861; x_wconf 87' lang='lat' dir='ltr'><em>Av.</em></span> <span class='ocrx_word' id='word_1_306' title='bbox 583 2822 662 2862; x_wconf 81' lang='lat'><em>825</em></span> <span class='ocrx_word' id='word_1_307' title='bbox 707 2825 1052 2877; x_wconf 79' lang='lat' dir='ltr'>gigantomachiae</span> <span class='ocrx_word' id='word_1_308' title='bbox 1096 2830 1302 2880; x_wconf 84' lang='lat' dir='ltr'>parodiam</span> <span class='ocrx_word' id='word_1_309' title='bbox 1340 2830 1655 2883; x_wconf 78' lang='lat' dir='ltr'>intellegendam</span> <span class='ocrx_word' id='word_1_310' title='bbox 1696 2843 1784 2872; x_wconf 78' lang='lat' dir='ltr'>esse</span> 
     </span>
    </p>
   </div>
  </div>
 </body>
</html>
