1872 3224
218 225 272 267 60
865 211 1040 247 KPATIN
1044 210 1110 245 OT

221 325 455 378 ὀφθαλμῶν,
485 321 766 374 μονόφθαλμος
797 315 817 358 ὁ
849 316 919 356 ἕνα
947 310 1071 367 μόνον
1100 307 1315 363 ὀφθαλμὸν
1344 307 1457 361 ἔχων.
1488 309 1657 360 adparet
1674 307 1773 349 haee

220 386 268 424 ad
298 384 431 423 Ulixes
460 381 668 432 pertinere.

939 461 1019 504 150

327 554 468 591 Athen.
502 552 571 597 15,
605 550 682 588 677
705 549 724 586 f
757 547 952 597 Κρατῖνος
989 540 1027 582 δ’
1062 539 1082 581 ὁ
1121 536 1417 595 κωμῳδιοποιὸς
1456 534 1510 577 ἐν.
1530 530 1771 588 Ὀδυσσεῦσι
1815 589 1817 591 ¹

216 607 376 660 κέκληκε
406 603 474 647 τὸν
501 603 562 660 (τὸ
593 602 647 659 Α)
676 597 826 643 λωτὸν
862 596 1165 651 στεφάνωμα.
1736 647 1747 662 ι
1774 626 1781 629 ,

326 667 533 705 Praeterea
569 661 698 712 στίχον
734 657 952 699 ἀδέσποτον
997 658 1114 708 Diog.
1145 656 1191 696 L.
1225 658 1268 703 7,
1305 656 1383 694 163
1422 651 1480 700 τίς
1516 649 1562 692 δέ
1599 648 1640 690 σ’
1679 648 1774 701 ἐτη-ς

215 725 385 772 φλωσεν;
417 720 472 767 τίς
501 716 679 767 ἀφείλετο
707 713 907 769 λαμπάδος
935 710 1082 767 adytis-3
1115 713 1347 752 Welckerus
1378 712 1481 750 Mus.
1513 709 1586 750 Rh.
1617 708 1653 748 V
1685 709 1768 749 588

220 780 268 818 ad
297 780 395 818 hanc
426 777 575 818 Cratini
605 776 778 824 fabulam
808 773 1015 813 referebat.
1048 772 1097 811 cf.
1129 771 1249 810 etiam
1279 770 1328 808 fr.
1362 769 1456 808 326.

854 895 1117 931 IIANOHTAI

329 995 548 1044 Hipponem
569 993 791 1043 Rheginum
811 989 1092 1041 philosophum
1111 990 1184 1027 hac
1211 987 1346 1026 fabula
1366 986 1619 1037 potissimum
1638 986 1767 1025 trans·

218 1051 329 1090 duxit
358 1047 426 1103 (cf.
458 1051 504 1088 fr.
532 1051 639 1098 155),
671 1062 824 1098 unaque
856 1060 941 1086 cum
973 1059 1017 1085 eo
1047 1046 1274 1085 universam
1304 1043 1416 1083 illam
1446 1055 1595 1083 novam
1624 1044 1768 1091 artem,

218 1121 316 1158 quae
346 1110 439 1146 tunc
469 1120 513 1145 ex
543 1106 661 1145 Italia
690 1106 731 1144 in
761 1105 966 1144 Graeciam
994 1101 1319 1153 transmigrabat.
1352 1100 1500 1152 Bergk.
1530 1100 1576 1139 R.
1609 1113 1644 1140 c.
1677 1098 1768 1140 Att.

222 1166 300 1204 164
316 1177 376 1214 sq.
421 1163 559 1202 chorus
604 1162 759 1201 fabulae
800 1161 958 1201 videtur
995 1174 1041 1199 ex
1078 1159 1281 1210 Hipponis
1326 1157 1532 1208 discipulis
1575 1156 1642 1197 vel
1680 1156 1771 1198 aliis

216 1219 457 1270 philosophis
487 1220 726 1269 compositus
756 1219 876 1257 fuisse
909 1218 975 1268 qui
1007 1230 1095 1257 cum
1124 1216 1226 1256 nihil
1254 1228 1295 1255 se
1325 1215 1478 1254 nescire
1508 1216 1551 1254 et
1580 1216 1628 1253 ut
1655 1213 1771 1254 aiunt

217 1277 402 1316 Germani
433 1276 495 1315 vel
525 1276 712 1326 graminis
741 1276 982 1314 incrementa
1011 1286 1171 1314 cernere
1201 1274 1400 1323 putarent,
1430 1274 1522 1323 apte
1554 1267 1772 1310 Πανόπται

216 1333 528 1383 adpellabantur.
560 1333 745 1371 videntur
775 1334 906 1371 autem
927 1332 1036 1382 Argo
1068 1330 1262 1370 simillimi
1292 1330 1502 1369 choreutae
1533 1328 1671 1377 fuisse,
1700 1327 1773 1380 qui

215 1402 292 1428 non
324 1390 450 1428 solum
480 1390 668 1437 oculatus,
700 1389 767 1428 sed
796 1389 915 1427 etiam
944 1389 1076 1439 biceps
1106 1390 1152 1427 ut
1170 1387 1291 1426 Ianus
1320 1386 1546 1438 fingebatur
1565 1382 1634 1439 (fr.
1659 1383 1771 1438 153).

217 1447 264 1485 cf.
297 1446 403 1484 Iahn.
436 1446 539 1495 apud
568 1446 736 1485 Meinek.
769 1445 804 1483 V
838 1448 887 1484 19
919 1448 959 1485 et
988 1445 1133 1496 Bergk.
1167 1446 1260 1484 181.

953 1556 1031 1598 151

328 1638 456 1677 Schol.
487 1639 649 1678 Lucian.
671 1638 789 1678 Vind.
814 1640 894 1678 140
923 1639 1109 1679 Iacobitz.
1140 1634 1457 1691 δἈριστόδημος
1479 1633 1524 1676 δὲ
1544 1633 1685 1690 μιαρὸς
1704 1634 1774 1677 καὶ
1847 1669 1850 1675 .

218 1693 456 1746 καταπύγων
493 1692 531 1741 ἐς
569 1691 811 1747 ὑπερβολήν,
850 1691 922 1744 ἀφ’
955 1690 1004 1735 οὗ
1033 1694 1101 1734 καὶ
1128 1692 1150 1734 ὅ
1180 1692 1358 1748 πρωκτὸς
1385 1689 1668 1747 Ἀριστόδημος
1697 1707 1771 1733 κα-

217 1752 349 1790 λεῖται.
409 1752 602 1803 Κρατῖνος
634 1751 883 1800 Πανόπταις·
913 1749 1192 1805 Ἀριστόδημος
1230 1749 1284 1799 ὡς
1325 1748 1567 1804 ἀρχημονῶν
1604 1748 1648 1790 ἕν
1683 1753 1771 1799 ταῖς

216 1807 359 1858 κιμωνί
383 1804 574 1859 ἀνεριπια,
604 1809 719 1848 Phot.
750 1805 950 1860 Κιμώνεια
981 1808 1149 1861 ἐρείπια·
1184 1806 1432 1860 Ἀθήνησιν,
1463 1806 1508 1848 ἐν
1525 1803 1585 1856 οἷς
1614 1805 1770 1848 ἀπεπά-

217 1877 310 1902 τουν
338 1862 405 1903 καὶ
434 1862 693 1914 ἐπεραίνοντο.
753 1866 923 1917 Hesych.
945 1865 1148 1917 Κιμώνεια
1177 1864 1348 1918 ἐρείπια·
1380 1863 1484 1904 ἔνθα
1513 1861 1774 1917 ἠσχημόνουν

216 1919 508 1972 περαινόμενοι,
540 1936 638 1972 quae
668 1936 714 1961 ex
744 1924 902 1962 scholiis
942 1923 1140 1964 Cratineis
1180 1925 1390 1973 desumpta
1427 1936 1514 1963 esse
1552 1923 1774 1964 arbitratur

219 1977 412 2027 Sauppius
443 1979 530 2017 Act.
553 1992 629 2018 soc.
651 1993 711 2029 gr.
732 1979 772 2018 II
802 1981 897 2019 433.
958 1977 1011 2027 ὥς
1041 1994 1112 2030 pro
1134 1977 1187 2027 ὡς
1215 1981 1358 2031 Bergk.
1385 1981 1478 2028 183,
1509 1976 1569 2019 ὢν
1598 1980 1770 2020 Meinek.

217 2029 450 2084 ἀσχημονῶν
481 2035 686 2082 Schubart‚
718 2030 936 2087 ἀσχημονεῖ
961 2038 1169 2088 Sauppius.
1203 2035 1440 2088 Κιμωνείοις
1460 2033 1564 2089 ἀνὴρ
1586 2034 1772 2090 ἐρειπίοις

221 2090 374 2140 Bergk„
406 2086 514 2142 ἀρῶν
550 2105 622 2141 pro
659 2088 761 2144 ἀνὴρ
793 2094 991 2144 Sauppius
1021 2094 1140 2145 (conl.
1181 2094 1418 2146 Shakesper.
1457 2095 1607 2134 Anton.
1639 2094 1772 2146 Cleop.

219 2146 258 2184 II
290 2148 311 2184 2
343 2150 441 2188 extr.
473 2148 529 2187 ‘er
550 2151 696 2199 pfluqte
724 2148 791 2198 sie,
822 2148 879 2189 sie
908 2149 1097 2204 ermete').
1157 2151 1206 2191 cf.
1238 2152 1362 2191 Arist.
1394 2151 1494 2192 Rau.
1524 2152 1606 2190 422
1629 2165 1689 2202 sq.
1715 2152 1770 2191 fr.

219 2203 309 2243 231.
340 2203 387 2242 de
414 2203 655 2245 Aristodemo
685 2207 782 2245 nihil
812 2210 1016 2256 praeterea
1046 2210 1305 2258 compertum,
1325 2221 1452 2258 neque
1480 2205 1571 2259 quis
1602 2221 1692 2248 cum
1722 2221 1770 2248 eo

219 2264 463 2308 comparetur
501 2265 666 2301 constat.
726 2262 928 2313 Κιμώνεια
966 2261 1115 2313 ἐρείπια
1159 2277 1240 2304 11011
1278 2265 1469 2315 sepulcri,
1509 2265 1579 2304 sed
1615 2266 1773 2306 aediwm

220 2315 481 2355 Cimoniarum
510 2319 697 2368 reliquias
727 2320 768 2357 in
798 2320 1059 2360 Laciadarum
1088 2321 1234 2361 finibus
1255 2322 1351 2361 sitas
1372 2322 1665 2373 intellegendas
1685 2334 1772 2362 esse

223 2371 415 2422 Sauppius
437 2374 578 2413 docuit.
611 2379 784 2414 ceterum
806 2384 892 2415 cum
916 2375 1219 2417 Aristodemum
1239 2379 1461 2430 Hesychius
1481 2382 1618 2419 narret
1637 2379 1774 2431 turpia

220 2440 297 2465 non
326 2429 450 2467 facere
481 2431 653 2480 solitum,
685 2433 754 2471 sed
783 2435 865 2482 pati
889 2431 1213 2488 (περαινόμενοι),
1234 2448 1363 2486 neque
1383 2432 1487 2488 ἀνήρ
1506 2449 1636 2487 neque
1661 2431 1774 2488 ἀροῦν

221 2484 485 2549 recipiendum
514 2487 692 2538 videtur,
724 2490 792 2528 sed
822 2486 1039 2541 ἀσχημονεῖ
1061 2491 1067 2545 Ι
1093 2489 1136 2530 ἐν
1173 2495 1275 2538 τοῖς
1313 2491 1642 2544 Κιμωνείοισι
1679 2497 1773 2532 νῦν

224 2539 410 2589 ερειπίοις.
441 2542 514 2585 νῦν
545 2547 590 2582 ut
620 2545 742 2584 Arist.
773 2546 873 2585 Ran.
904 2549 998 2589 419.

949 2658 1030 2700 152

313 2735 451 2779 μισεῖς
479 2728 560 2785 γὰρ
590 2730 666 2783 τὰς
694 2742 928 2790 γυναῖκας,
960 2735 1071 2792 πρὸς
1101 2737 1285 2781 παιδικὰ
1315 2739 1364 2783 δὲ
1396 2740 1536 2797 τρέπῃ
1567 2742 1668 2783 νῦν.

334 2808 492 2850 Photius
521 2814 703 2853 παιδικά·
736 2814 800 2855 ε’πὶ
829 2819 1004 2868 θηλειῶν
1033 2817 1100 2858 καὶ
1136 2817 1314 2871 ἀρρένων
1352 2820 1560 2875 ἐρωμένων
1597 2819 1773 2862 τάττεται

225 2858 248 2911 ἡ
279 2860 392 2911 λέξις·
427 2895 435 2903 .
455 2895 462 2903 .
482 2896 490 2905 .
513 2870 704 2921 Κρατῖνος
739 2872 973 2921 Πανόπταις
1003 2877 1083 2914 κτλ.
1123 2877 1259 2916 eadem
1287 2881 1498 2929 grammat.
1540 2880 1771 2919 Montefalo.
1851 2887 1853 2891 '
