1872 3224
2 3143 28 3224 eme-s
2 3100 18 3136 w
2 3039 27 3093 ε*

792 217 1060 252 ΜΑΛΘΑΚΟΙ
1663 213 1719 255 43

110 337 324 365 -amurcae
355 325 499 371 simili,
533 324 775 374 percolando
807 320 969 376 agatur)
1001 337 1052 363 an
1082 318 1265 389 ἀμοργίδ’
1309 322 1391 374 (vel
1428 318 1601 374 α’μοργιν
1631 334 1721 360 cum

137 381 425 434 Aristophane)
466 354 587 420 ἔνδον
623 380 821 433 βρυτίνην
855 377 1002 433 νήθειν
1048 375 1149 420 τινά.
1193 381 1361 421 verbum
1400 377 1548 431 νήθειν
1588 381 1720 418 exstat

137 440 242 491 apud
273 440 379 479 Plat.
413 439 570 479 Politie.
599 440 712 479 2890
743 437 891 490 νήθειν
922 453 961 478 τε
991 437 1061 478 καὶ
1092 437 1258 488 ξαίνειν.
1291 439 1468 477 attamen
1500 450 1591 476 eum
1622 434 1719 488 βρύ-

137 511 246 545 τινος
266 510 339 549 pro
361 494 557 550 βύσσινος
578 510 773 547 nusquam
798 497 902 547 apud
923 497 1084 536 Atticos
1105 497 1338 536 inveniatur
1359 497 1400 534 et
1420 495 1505 535 sola
1525 494 1719 545 Hesychii

135 555 293 595 nitatur
323 556 574 604 auctoritate,
609 555 737 594 altera
765 555 1051 608 interpretatio
1082 555 1246 596 videtur
1274 553 1547 607 praeferenda.

908 680 962 723 97

199 763 266 812 τίς
296 758 372 818 ἄρ’
406 761 585 818 ἐρῶντά
615 759 667 816 μ’
702 757 852 817 οἶδεν,
885 754 925 804 οἷ
955 758 1205 818 Γνήσιππ’,
1239 758 1328 816 ἐγώ
1360 761 1508 817 πολλῇ
1538 761 1663 815 χολῇ.

194 833 346 887 οἴομαι
376 828 465 886 γὰρ
496 830 640 887 μηδὲν
672 829 817 882 οὕτως
847 834 1005 887 μῶρον
1037 826 1154 873 εἶναι
1186 830 1261 873 καὶ
1293 829 1443 873 κενόν.

250 926 484 966 Athenaeus
518 927 585 978 14,
619 927 733 966 638e
763 925 1004 977 Γνησίππου
1044 923 1153 973 τινὸς
1184 923 1427 978 μνημονεύει
1456 920 1721 976 παιγνιαγρά-

136 998 217 1034 φου
249 989 319 1036 τῆς
350 983 489 1037 ἱλαροῖς
519 981 673 1036 μούσης
707 986 1016 1032 ..Κρατῖνος
1049 981 1093 1031 ἐν
1123 985 1384 1030 Μαλθακοῖς
1423 978 1574 1033 ἐρῶντά
1606 980 1723 1020 Dale-

137 1038 335 1095 eampius]
369 1039 508 1095 ε’ρωτά.
560 1044 599 1082 2.
633 1040 710 1094 γὰρ
741 1043 831 1082 add.
865 1042 1045 1082 Grotius.
1079 1065 1134 1070 —
1157 1041 1204 1082 Gr.
1234 1042 1493 1081 Hermannus
1526 1033 1603 1078 εἶδε
1608 1053 1632 1077 ν
1652 1061 1707 1066 -

139 1101 184 1140 Β.
218 1097 293 1152 ἐγώ
325 1097 390 1140 οὔ.
421 1095 548 1151 πολλὴ
579 1099 712 1151 σχολή.
745 1101 874 1140 Dobr.
905 1100 1011 1140 Adv.
1044 1100 1085 1139 II
1117 1100 1199 1139 348
1240 1094 1451 1150 Γνήσιππέ
1475 1111 1557 1147 πως
1598 1093 1722 1146 πολλὴ

138 1155 255 1210 χολή,
287 1158 390 1200 conl.
417 1157 551 1198 Arist.
581 1158 682 1198 Rau.
714 1158 756 1198 4.
788 1171 860 1209 pro
891 1154 1020 1209 μηδὲν
1050 1158 1119 1197 alii
1149 1153 1307 1209 μηδέν’.
1346 1157 1517 1196 fortasse
1549 1154 1724 1195 scriben-

138 1216 234 1255 dum
266 1209 298 1254 ὦ
330 1209 536 1266 Γνήσιππ’
548 1230 558 1266 ;
593 1217 637 1257 Β.
660 1211 748 1280 ἐγώ..
783 1217 837 1255 A.
859 1213 983 1267 πολλὴ
1015 1214 1132 1267 χολή,
1164 1215 1234 1255 sed
1262 1215 1386 1254 talem
1406 1227 1567 1254 versum
1592 1225 1720 1252 emen-

138 1273 233 1312 dare
262 1273 365 1312 nihil
395 1273 505 1312 aliud
537 1275 600 1313 est
629 1287 750 1324 quam
780 1275 822 1313 in
852 1274 1030 1314 tenebris
1063 1274 1222 1313 micare.
1262 1273 1310 1312 de
1342 1271 1540 1321 Gnesippo
1586 1271 1636 1310 cf.
1669 1269 1720 1308 fr.

142 1331 207 1370 15.
243 1353 295 1359 -
327 1331 477 1370 Herod.
510 1331 530 1369 I
564 1332 666 1381 192,
701 1332 754 1371 26
785 1332 913 1371 Lentz
943 1326 1074 1384 μωρός
1106 1328 1175 1370 καὶ
1205 1335 1337 1383 μωρος
1365 1327 1565 1376 Ἀττικῶς.
1614 1328 1724 1367 deni-

138 1402 215 1440 que
245 1385 372 1440 μηδὲν
402 1389 538 1440 paullo
568 1389 808 1429 insolentius
839 1390 974 1440 posuit
1003 1402 1076 1441 pro
1109 1386 1244 1429 οὐδέν.

253 1595 487 1644 παντοίοις
515 1608 568 1648 γε
598 1591 689 1649 μὴν
720 1593 929 1650 κεφαλὴν
961 1591 1180 1649 ἀνθέμοις
1212 1592 1456 1649 ἐρέπτομαι

257 1665 466 1718 λειρίοις,
499 1661 674 1719 ῥόδοις,
707 1664 938 1718 κρίνεσιν,
970 1661 1378 1719 κοσμοσανδάλοις,
1413 1665 1518 1714 ἰόις,

257 1732 332 1774 καὶ
363 1733 672 1788 σισυμβρίοις,
705 1730 959 1788 ἀνεμωνῶν
989 1730 1159 1784 κάλυξί
1183 1730 1222 1775 τ’
1254 1729 1457 1787 ἠριναῖς,

255 1800 488 1858 ἑρπύλλῳ,
521 1800 723 1858 κρόκοις,
756 1799 1020 1857 ὑακίνθοις,
1053 1801 1322 1857 ἑλειχρύσου
1354 1799 1561 1854 κλάδοις,
1631 1791 1636 1795 “

210 1879 231 1911 5
261 1869 558 1927 οἰνάνθῃσιν,
589 1868 898 1927 ἡμεροκαλλεῖ
923 1886 971 1914 τε
1001 1872 1064 1927 τῷ
1094 1869 1381 1926 φιλουμένῳ,

255 1937 528 1992 ἀνθρύσκου
559 1938 704 1996 φόβῃ,
767 1961 786 1982 *
847 1958 870 1982 20<
928 1957 951 1982 ὀι
1009 1943 1033 1981 ἐκ
1090 1958 1113 1982 >02
1171 1957 1194 1982 η(
1253 1956 1276 1982 *
1334 1955 1357 1980 *
1415 1955 1439 1980 ηε

255 2009 317 2065 τῷ
346 2006 387 2050 τ’
421 2006 686 2091 ἀειφρούρῳ
713 2009 948 2065 μελιλώτῳ
979 2009 1100 2062 κάρα
1131 2007 1408 2063 πυκάζομαι,

254 2075 330 2120 καὶ
362 2075 544 2128 κύτισος
574 2076 826 2133 αὐτόματος
856 2091 978 2133 παρα
1010 2077 1252 2127 Μέδοντος
1282 2077 1471 2134 ἔρχεται.

254 2172 488 2212 Athenaeus
522 2173 587 2222 15,
622 2174 770 2214 685b0
800 2170 868 2211 καὶ
900 2174 1099 2226 Κρατῖνος
1132 2170 1177 2211 ἐν
1209 2174 1471 2243 Μαλθακοῖς.
1504 2172 1651 2210 Pollux
1684 2173 1721 2218 6,

142 2231 223 2270 106
254 2243 302 2268 τα
333 2226 379 2268 δὲ
418 2226 463 2268 ἔν
499 2233 586 2277 τοῖς
625 2229 840 2280 στεφάνοις
878 2229 1015 2282 α’ν,θη
1055 2229 1176 2282 ῥόδα,
1215 2229 1280 2280 ιά,
1317 2229 1465 2281 κρίνα,
1492 2223 1723 2280 σισύμβρια,

138 2283 363 2339 ἀνεμῶναι,
393 2283 796 2340 ε’ρπυλλος(ε’ρπάλλοι
826 2290 913 2328 eod.
945 2286 1016 2342 A),
1047 2285 1209 2340 κρόκος,
1241 2282 1463 2337 ὑάκινθος,
1505 2283 1721 2337 ἑλίχρυσος,

137 2340 423 2396 ἡμεροκαλλές,
455 2342 644 2398 ἑλένειον,
675 2345 893 2398 θρυαλλίς,
915 2342 1138 2403 ἅνθρίσκος
1164 2345 1261 2395 (11011
1282 2341 1459 2413 -ύσκος),
1494 2341 1722 2396 νάρκισσος,

138 2400 372 2453 μελίλωτον,
410 2397 605 2472 ἀνθεμίς,
644 2402 863 2456 παρθενίς,
899 2418 967 2442 και
1000 2397 1119 2442 τᾶλλα
1157 2401 1230 2442 ὅσα
1261 2399 1290 2452 ἢ
1320 2398 1549 2452 ὀφθαλμοῖς
1580 2399 1724 2451 τέρψιν

137 2455 167 2510 ἢ
197 2457 305 2511 ρισὶν
333 2455 476 2511 ἡδεῖαν
505 2457 707 2512 ὄσφρησιν
735 2458 908 2513 παρέχει.
939 2458 1135 2512 μέμνηται
1165 2457 1210 2498 δὲ
1240 2474 1321 2499 των
1350 2458 1546 2498 πλείστων
1577 2459 1723 2508 Κρατῖ-

140 2529 209 2563 νος
248 2513 292 2555 ἐν
332 2518 600 2568 Μαλθακοῖς,
638 2515 773 2569 ωσπερ
812 2517 880 2558 καὶ
916 2513 1246 2570 κοσμοσανδάλου
1284 2515 1351 2556 καὶ
1389 2515 1584 2568 σμίλου,
1623 2512 1722 2567 ὅπερ

140 2574 194 2625 ἠν
224 2578 294 2624 τῆς
334 2573 523 2626 σμίλακος
560 2573 708 2622 ἄνθος.
741 2577 888 2619 Athen
926 2578 989 2625 15,
1024 2576 1143 2616 681b
1174 2572 1515 2626 κοσμοσανδάλων
1545 2570 1590 2611 δὲ
1620 2587 1722 2624 μνη

139 2625 299 2682 μονεύει
331 2633 529 2684 Κρατῖνος
561 2630 605 2672 ἐν
636 2634 886 2681 Μαλθακοῖς
917 2631 984 2672 διὰ
1006 2631 1181 2672 τούτων·
1216 2629 1397 2682 κεφαλὴν
1424 2655 1470 2660 —-
1495 2640 1721 2681 κοσμοσαν-

142 2683 291 2736 δάλοις.
325 2690 439 2728 6813,
470 2691 670 2743 Κρατῖνος
710 2688 751 2729 δ’
786 2689 830 2730 ἐν
862 2692 1112 2737 Μαλθακοῖς
1151 2698 1297 2740 φησιν·
1331 2686 1510 2742 ἑρπύλλῳ
1540 2711 1595 2717 ——
1624 2686 1721 2726 κλά-

142 2743 239 2793 δοις.
293 2747 406 2786 681e
453 2752 524 2786 τοῦ
567 2744 863 2800 ἡμεροκαλλοῦς
909 2745 1159 2797 καλουμένου
1204 2744 1385 2796 ἀνθους,
1428 2743 1452 2784 ὃ
1497 2744 1587 2796 τὴν
1631 2742 1722 2796 μὲν

142 2795 300 2841 νύκτα
330 2803 655 2856 μαραίνεται,
687 2803 786 2855 ἅμα
817 2804 869 2844 δὲ
899 2820 959 2860 τῳ
997 2801 1119 2859 ἡλίῳ
1165 2799 1493 2843 ἀνατέλλοντι
1523 2800 1673 2841 θάλλε
1658 2817 1719 2851 ct,

142 2858 385 2911 μνημονεύει
417 2863 618 2914 Κρατῖνος
647 2860 692 2901 ἐν
713 2864 962 2910 Μαλθακοῖς
993 2860 1119 2914 λέγων
1149 2857 1297 2908 ούτως·
1330 2857 1594 2913 ἡμεροκαλλεῖ
1608 2874 1646 2899 τε
1669 2859 1721 2916 τῷ

143 2915 384 2974 φιλουμένῳ.
439 2920 551 2959 685f
578 2921 777 2972 Κρατῖνος
812 2949 820 2958 .
847 2951 855 2958 .
881 2954 889 2964 ,
923 2934 975 2976 τῳ
1007 2915 1044 2958 τ’
1077 2915 1306 2974 ἀειφρούρῳ
1337 2917 1548 2975 μελιλώτῳ.
