1872 3224
618 186 833 222 ΑΔΗΛῼΝ
858 186 1131 221 ΔΡΑΜΑΤῼΝ
1615 186 1671 229 95

838 289 924 332 276

332 366 441 420 τούς
472 367 678 420 ἐξοδίους
707 367 820 424 ὑμῖν
849 367 916 412 ἵν’
950 368 1079 412 afim
1110 369 1218 421 τοὺς
1247 369 1433 426 νόμους.

199 465 344 506 Suidas
383 462 528 513 ἐξόδιοι
565 459 700 516 νόμοι*
740 461 952 517 αὐλήματα
992 461 1050 503 δι’
1093 480 1154 504 ων
1192 462 1359 520 ἐξῄεσαν
1395 465 1438 505 οἵ
1461 463 1570 519 χοροὶ
1601 464 1670 506 καὶ

83 523 124 563 οἱ
149 517 333 575 αὐληταί.
373 519 480 561 οὕτω
510 523 722 570 Κνατῖνος,
753 523 952 562 eiusmodi
983 525 1139 563 cantica
1169 525 1312 563 exodia
1342 524 1485 564 Aelius
1516 525 1670 576 Diony-

39 599 48 608 ¹
82 583 167 622 sius
204 581 392 621 Eustath.
425 581 532 633 239,
567 582 623 620 20
668 581 865 632 quaedam
905 584 1211 633 commatum-,at
1252 582 1534 633 rhapsodioum
1572 583 1670 623 hoo.

22 646 26 650 ⁴
83 643 164 680 νῦν
201 635 245 678 δὲ
282 636 374 678 θεοὶ
410 636 587 691 μάκαρες
627 643 710 677 τῶν
740 636 903 677 ἐσθλῶν
931 636 1117 689 ἄφθονοι
1147 636 1257 690 ἕστε,
1297 640 1499 691 tragicum
1530 637 1672 679 πολλαὶ

0 688 25 754 35·
82 694 238 750 μορφαὶ
275 702 358 736 τῶν
394 695 618 749 δαιμονίων
656 694 834 751 (Μθίιιη)
874 697 932 736 sic
963 699 1188 736 extremum
1227 697 1431 770 Ranarufn
1472 698 1672 737 canticum

0 760 19 775 '‘
84 755 274 795 exodium
304 757 378 795 est.

840 845 924 888 277

290 923 375 982 τὴν
406 932 534 981 χεῖρα
564 923 623 981 μὴ
651 923 882 981 ’πίβαλλε,
916 922 976 981 μὴ
1008 925 1166 968 κλάων
1197 924 1334 982 κάθῃ.

198 1011 373 1050 Zonaras
407 1010 517 1049 1168
549 1010 750 1061 Κρατῖνος
782 1007 858 1061 τὴν
887 1012 1031 1062 χεῖρα.
1088 1006 1245 1064 ,κάθῃ
1277 1006 1379 1062 λέγει
1410 1008 1486 1062 γὰρ
1508 1007 1551 1048 τὸ
1572 1006 1673 1049 ὑπο-

6 1075 10 1090 ³
81 1065 271 1107 τακτικὸν
299 1063 380 1106 ἀπὸ
421 1067 492 1106 τοῦ
521 1065 680 1120 κάθημι
719 1064 962 1122 (κάθημαι).
1002 1066 1137 1122 καθῇς
1173 1068 1223 1106 K.
1263 1068 1368 1108 Mus.
1407 1068 1533 1107 Rhen.
1564 1069 1675 1108 XXX

81 1123 182 1179 415]
214 1123 339 1181 κάθῃ.
390 1126 442 1165 cf.
473 1125 683 1177 Aristoph.
715 1127 793 1166 Av.
827 1126 923 1165 364.
967 1125 1174 1176 Euphron.
1205 1128 1243 1175 1,
1276 1126 1344 1165 24.
1387 1125 1494 1165 Plat.
1527 1127 1675 1169 Phaed.

85 1185 172 1224 610
204 1186 244 1224 et
274 1197 375 1235 quae
405 1184 612 1235 disputavi
642 1184 685 1223 in
715 1183 818 1225 Mus.
847 1183 924 1225 Rh.

839 1295 924 1339 278

291 1377 334 1420 εἰ
361 1379 540 1433 πρῶτος
570 1377 725 1427 ἔλθοις
754 1374 844 1419 κᾶν
875 1378 1148 1429 καθίζεσθαι
1179 1376 1349 1432 λάβοις.

199 1461 343 1502 Zonar.
366 1463 474 1502 1169
491 1458 652 1514 λέγουσι
672 1457 718 1500 δὲ
737 1458 805 1500 καὶ
826 1460 1021 1509 καθίζανε
1044 1493 1053 1503 .
1071 1492 1081 1501 .
1101 1491 1110 1501 .
1133 1462 1334 1515 Κρατῖνος
1352 1461 1388 1501 εἰ
1406 1465 1562 1514 πρῶτος
1583 1463 1667 1501 κτλ.

833 1585 918 1629 279

306 1662 383 1722 ἐφ’
419 1659 456 1723 ᾧ
484 1665 527 1708 τ’
560 1663 628 1722 ἔμ’
662 1663 807 1722 αὐτὴν
838 1666 1182 1721 συγκαθεύδειν
1212 1665 1275 1724 τῷ
1304 1668 1455 1723 πατρί.

201 1751 375 1790 Zonaras
415 1751 496 1790 929
545 1745 612 1800 ἐφ’
660 1764 689 1804 ῳ
733 1764 774 1790 τε
813 1781 823 1791 .
857 1780 865 1788 .
900 1783 909 1792 .
950 1748 1018 1790 και
1063 1746 1252 1819 ὁριστικῷ
1296 1748 1563 1790 συντάσσεται
1609 1748 1677 1790 καὶ

85 1799 388 1875 ἆπαρεμφάτῳ.
442 1808 673 1860 ,Κρατῖνος
695 1804 765 1858 ἐφ’
786 1823 817 1863 ῳ
838 1810 921 1846 κτλ.
943 1831 1000 1837 —-
1021 1804 1083 1859 ἔμ’
1107 1804 1239 1860 αὐτὴν
1259 1805 1373 1862 Κ.’]
1355 1806 1547 1860 εμαυτὴν
1572 1809 1676 1848 Titt-

86 1867 226 1906 manni
257 1866 459 1906 dubitatio
490 1866 540 1904 de
571 1868 734 1905 auctore
764 1879 904 1906 versus
934 1866 1059 1905 inrita
1089 1868 1163 1907 est.
1212 1879 1334 1905 unam
1372 1867 1536 1906 memini
1575 1879 1676 1917 quae

85 1924 183 1963 haec
211 1924 325 1975 loqui
355 1923 499 1974 possit.
539 1924 618 1963 Dio
649 1922 858 1975 chrysost.
891 1925 969 1971 66,
1009 1925 1033 1962 6
1065 1928 1114 1977 τῇ
1145 1920 1190 1961 δὲ
1222 1923 1452 1977 Πελοπίᾳ
1491 1920 1513 1962 ὁ
1544 1921 1676 1976 πατὴρ

88 1978 234 2033 ἐμίχθη
264 1979 332 2020 καὶ
362 1978 434 2020 τὸν
464 1979 671 2033 Αἴγισθον
700 1978 894 2034 ἔσπειρεν.
926 1981 1079 2032 Hygin.
1112 1981 1210 2020 Fab.
1245 1983 1312 2023 87.
1346 1983 1411 2021 88.

841 2093 928 2136 280

296 2170 320 2215 ὁ
350 2173 548 2228 τάλαρος
578 2170 690 2228 ὑμῖν
720 2171 948 2224 διάπλεως
978 2174 1103 2216 ἔσται
1129 2171 1291 2231 γάρου.

204 2257 439 2297 Athenaeus
470 2258 517 2306 2,
559 2259 644 2297 67ο
679 2255 822 2310 γάρος·
864 2259 1075 2310 Κρατῖνος.
1123 2258 1270 2325 Pollux
1302 2259 1351 2305 6,
1384 2260 1436 2298 65
1463 2259 1677 2328 ,Κρατῖνος

88 2311 110 2354 ὁ
143 2312 311 2368 τάλαρος
339 2316 420 2353 κτλ.
453 2310 553 2366 ὑμῖν
581 2315 686 2355 Poll.
688 2313 706 2368 ]
739 2329 858 2382 υμων
887 2316 1036 2355 Athen.
1060 2315 1179 2365 BOD,
1210 2311 1328 2366 ἡμῶν
1348 2315 1432 2356 VL.
1460 2313 1569 2354 ε’σται
1598 2329 1675 2356 om.

89 2373 194 2412 Poll.
217 2396 272 2401 —
288 2374 331 2411 at
350 2370 534 2425 τάλαρος,
557 2374 700 2438 ᾳιιαϋιιε
719 2375 916 2413 vimineas
941 2369 1274 2440 (P011.10,125)
1294 2386 1372 2423 quo
1394 2374 1513 2413 modo
1533 2375 1678 2424 plenus

91 2442 176 2470 esse
214 2430 344 2481 possit
380 2427 529 2483 γάρου,
568 2431 637 2470 vix
673 2431 940 2482 intellegitur.
982 2431 1075 2470 fort.
1115 2426 1137 2468 ὁ
1173 2427 1297 2483 κάδος
1335 2426 1404 2483 ἄρ’
1447 2431 1511 2497 vel
1542 2427 1563 2469 ὁ
1602 2429 1679 2483 γὰρ

90 2485 229 2535 κάδος.
259 2487 311 2527 ad
342 2485 512 2539 Νόμους
544 2488 687 2528 referri
716 2490 864 2539 potest.
898 2488 949 2528 ef.
982 2489 1033 2527 fr.
1069 2489 1164 2527 121.
1200 2489 1295 2529 125.

838 2611 920 2654 281

364 2689 535 2748 ποιμὴν
566 2688 814 2747 καθέστηκ’
847 2687 1035 2740 αἰπόλος
1065 2690 1140 2733 καὶ
1171 2688 1412 2746 βουκόλος.

207 2775 286 2814 Dio
325 2774 535 2826 chrysost.
575 2775 686 2815 Orat.
727 2775 781 2815 56
811 2775 902 2814 init.
933 2770 962 2825 ἢ
991 2771 1066 2813 οὐκ
1096 2770 1329 2826 ἀνέγνωκας
1360 2779 1476 2813 τοῦτο
1507 2772 1550 2813 τὸ
1582 2772 1675 2821 ἔπος

94 2830 318 2883 Κρατίνου·
350 2830 503 2884 ποιμὴν
531 2834 614 2872 κτλ.
663 2827 887 2884 καθέστηκ’
928 2832 1077 2883 Bergk.
1111 2832 1158 2870 R.
1191 2844 1224 2871 c.
1256 2832 1343 2871 Att.
1378 2828 1454 2886 34]
1485 2829 1678 2883 καθέστη.

95 2889 146 2928 ad
159 2889 361 2930 Bubuloos
377 2890 540 2930 rettulit
554 2890 775 2942 Bergkius3
792 2891 961 2930 fortasse
979 2890 1030 2929 ad
1046 2889 1462 2940 Dionysalexandrum
1486 2891 1680 2940 pertinet.
