1872 3224
193 227 196 231 ’
230 224 313 266 608
881 223 1155 257 ΠΛΑΤῼΝΟΣ

231 330 276 368 L.
307 325 413 379 ἡμᾶς
445 342 522 378 om.
554 329 638 370 cod.
673 327 813 367 Ottob.
904 329 942 366 2.
974 323 1080 378 ὑμᾶς
1118 330 1158 367 et
1194 328 1234 366 4.
1274 322 1374 377 ὑμῖν
1413 327 1552 368 Cobet.
1585 327 1682 368 ObS.
1713 330 1802 370 erit.

233 388 331 425 191:
379 387 483 435 ipsas
530 386 634 424 enim
682 385 830 424 bestias
874 386 983 435 loqui
1024 388 1070 422 ut
1110 385 1151 423 in
1190 383 1362 424 Cratetis
1401 385 1523 425 Fet-is.
1566 386 1616 425 cf.
1655 386 1702 425 fr.
1735 387 1803 428 35.

229 445 267 481 4.
300 439 474 493 ὑστριχὶς
507 442 553 481 G.
579 442 764 480 Dindorf.
787 442 904 481 Thes.
928 439 1025 495 524]
1049 439 1243 511 ὕστριχες.
1277 439 1416 494 πηλὸς]
1440 439 1609 489 πέλεθος
1630 443 1802 484 Meinek.

233 497 429 551 (ὕστριχες
459 495 557 549 ἡμῖν
578 497 644 537 καὶ
665 496 837 545 πέλεθός
860 512 898 537 τε
921 513 956 536 κ.
979 497 1052 553 β..)
1084 497 1152 538 καὶ
1181 496 1306 550 πηλὸς
1335 496 1434 550 ἡμῖν
1465 497 1673 552 Heinsius]
1705 495 1805 551 ἡμῖν

228 555 295 595 καὶ
334 553 472 605 πηλὸς.
514 556 561 596 cf.
594 556 743 595 Cratet.
779 558 841 597 17.
879 569 1007 606 neque
1045 557 1252 606 anapaesti
1293 570 1414 607 prava
1456 556 1596 596 incisio
1635 557 1677 596 in
1707 571 1744 597 v.
1779 559 1802 596 1

227 627 354 663 neque
386 611 464 651 ἔδει
495 610 538 651 τὸ
567 608 707 651 λοιπόν
738 614 903 652 tolerari
931 615 1076 664 potest
1110 614 1366 652 scribendum
1397 613 1558 653 videtur
1587 606 1677 652 οὐκ
1706 610 1802 652 ἄπο-

229 669 399 708 κτείνειν
428 666 488 708 ἐῶ
517 666 623 721 ὑμᾶς
655 672 716 737 (et
745 684 781 710 v.
814 671 839 708 4
870 666 1001 723 ὑμῖν).
1034 672 1090 710 sic
1119 670 1325 720 Aristoph.
1347 671 1422 720 Eq.
1448 672 1529 710 160
1559 666 1606 709 οὐ
1636 666 1804 710 πλύνειν

229 725 312 781 ἐᾷς.
344 727 438 778 Lys.
471 729 552 766 509
585 723 632 765 οὐ
662 723 736 779 γὰρ
767 724 924 779 γρύζειν
954 719 1065 767 εἰᾶθ’
1097 724 1214 779 ἡμᾶς.
1246 730 1452 778 praeterea
1482 728 1523 766 in
1554 741 1592 768 v.
1616 729 1639 766 2
1671 729 1803 768 scribo

228 783 275 823 τά
307 798 353 823 τε
383 782 458 837 γὰρ
488 782 594 836 κρέα.

995 862 1051 904 29

1051 940 1218 993 ἐξιόντι
1249 957 1324 998 μοι

434 1007 587 1061 ἁλιεὺς
617 1008 875 1066 ἀπήντησεν
907 1010 1062 1067 φέρων
1090 1025 1166 1065 μοι
1197 1010 1422 1067 κεστρέας.

434 1082 484 1122 B.
517 1080 650 1134 ἰχθῦς
680 1076 864 1130 ἀσίτους
894 1079 970 1122 καὶ
1002 1077 1273 1135 πονηροὺς.

343 1163 575 1203 Athenaeus
608 1164 644 1211 7,
678 1163 794 1203 308a
833 1161 1008 1201 Πλάτων
1046 1176 1086 1201 τε
1125 1159 1170 1201 ἐν
1201 1158 1381 1227 Εορταῖς
1418 1172 1543 1214 φησιν
1580 1163 1661 1202 κτλ.
1719 1159 1802 1216 μοι]

229 1217 303 1271 μὲν
338 1218 414 1272 γὰρ
452 1220 531 1259 ΒΡ.
622 1222 659 1261 3.
692 1217 914 1273 πονηροὺς]
954 1233 1044 1286 τους
1082 1232 1282 1272 πονηρους
1319 1217 1392 1271 ἠγέ
1428 1217 1618 1283 μοι.σὺ
1654 1216 1700 1258 δέ
1737 1233 1804 1271 μοι

229 1274 313 1317 εἰπέ
353 1278 519 1316 codices.
580 1270 652 1328 ἦγέ
696 1290 762 1341 μοι
806 1291 885 1317 non
934 1278 1060 1328 magis
1092 1279 1240 1327 poetae
1278 1281 1371 1316 sunt
1410 1291 1530 1328 quam
1568 1270 1619 1316 σὺ
1657 1274 1702 1315 δέ
1737 1290 1804 1331 μοι

230 1332 326 1374 εἰπέ.
380 1335 550 1373 fortasse
587 1327 788 1385 πονηρους
829 1332 879 1373 ἓν
913 1330 951 1386 γ’
994 1332 1114 1386 ἐμοί.
1158 1335 1207 1374 οΓ.
1239 1335 1444 1385 Aristoph.
1476 1335 1526 1374 fr.
1560 1335 1655 1383 267,
1686 1337 1727 1374 et
1756 1335 1805 1374 de

228 1396 366 1431 cestreo
397 1392 603 1441 Aristoph.
637 1392 687 1430 fr.
724 1393 815 1434 156.

997 1514 1055 1557 30

975 1586 1027 1636 εὖ
1057 1594 1110 1648 γε’
1137 1604 1208 1636 σοι
1238 1593 1430 1649 γένοιθ’,
1463 1591 1531 1636 ὅτι

434 1664 607 1713 ἔσωσας
639 1663 689 1706 ἐκ
721 1665 814 1705 τῶν
845 1669 982 1718 σῖγμα
1013 1665 1105 1705 τῶν
1137 1661 1406 1718 Εὐριπίδου.

344 1746 476 1786 Schol.
515 1747 653 1796 Eurip.
694 1747 798 1785 Med.
839 1747 921 1785 476
959 1742 980 1784 ὁ
1027 1743 1201 1784 Πλάτων
1245 1744 1290 1785 ἐν
1335 1749 1421 1793 ταῖς
1463 1742 1640 1796 Ἑορταῖς
1677 1755 1804 1798 φησιν

228 1805 309 1842 κτλ.
362 1803 598 1843 Eustathius
639 1805 741 1851 813,
783 1805 836 1842 46
879 1801 1022 1850 Αἴλιος
1066 1800 1111 1840 δὲ
1158 1803 1372 1850 Διονύσιος
1411 1803 1561 1856 ἱστορεῖ
1590 1800 1682 1850 τοὺς
1727 1817 1802 1842 κω-

227 1858 369 1911 μικοὺς
406 1858 576 1911 μάλιστα
623 1858 820 1899 ἐκκλίνειν
862 1865 946 1898 πᾶν
991 1858 1033 1899 τὸ
1081 1857 1170 1910 ἕχον
1215 1858 1356 1913 σιγμὸν
1391 1858 1459 1899 καὶ
1504 1858 1691 1912 ἕξήχησιν
1735 1858 1804 1900 καὶ

229 1913 370 1967 ψόφον
401 1947 410 1956 .
441 1947 450 1956 .
483 1947 492 1956 .
532 1914 594 1955 διὸ
632 1915 700 1956 καὶ
739 1916 997 1968 διασύροντες
1035 1914 1127 1964 τοὺς
1166 1915 1377 1970 τραγικοὺς
1416 1914 1470 1964 ὡς
1508 1915 1562 1969 μὴ
1600 1915 1802 1965 τοιούτους

228 1973 540 2043 προσπαίζουσιν
571 1972 615 2013 ἐν
645 1979 699 2029 τῷ
729 1971 879 2022 ἔσωσας
910 1977 991 2013 κτλ.
1029 1976 1070 2013 et
1101 1975 1204 2026 896,
1237 1977 1290 2015 56
1330 1972 1398 2014 καὶ
1427 1971 1452 2026 ἡ
1483 1973 1669 2029 κωμῳδία
1703 1972 1800 2025 μετὰ

229 2027 302 2082 τὴν
333 2029 492 2083 εὕρεσιν
523 2036 593 2083 τῆς
631 2016 809 2084 χρήσεως
848 2036 920 2070 τοῦ
951 2047 971 2070 τ
1002 2028 1092 2070 ἀντὶ
1129 2036 1199 2070 τοῦ
1237 2043 1260 2069 σ
1300 2030 1598 2083 ἐπισημαίνεται
1636 2030 1801 2083 χαίρειν,

229 2085 283 2135 ὡς
308 2085 590 2152 ἀπαλλαγεῖσα
629 2094 710 2128 τῶν
747 2085 947 2141 σιγμοὲτων
984 2084 1224 2141 Εὐριπίδου.
1265 2091 1395 2139 1379,
1434 2090 1486 2128 58
1525 2087 1644 2140 δηλοῖ
1675 2086 1742 2127 και
1780 2085 1801 2127 ὁ

228 2139 346 2204 πρός
387 2159 494 2184 τινα
533 2143 587 2184 ἐν
629 2145 1025 2198 διπλασιασμοΐς
1068 2149 1152 2184 τοῦ
1191 2161 1211 2184 τ
1249 2142 1562 2193 αττικίζοντα
1592 2143 1716 2186 εἰπών
1746 2141 1801 2193 ὥς

230 2204 274 2242 εὐ
305 2200 354 2255 γε’
379 2212 441 2240 σοι
471 2199 533 2241 ὅτι
561 2199 798 2254 οἷπήλλαξας
817 2199 934 2272 ,ἡμᾶς
976 2217 1058 2241 των
1089 2200 1293 2254 σιγματων
1327 2199 1564 2255 Εὐριπίδου.
1624 2202 1801 2246 Cramer.

228 2260 379 2299 Anecd.
413 2259 504 2299 Par.
535 2260 597 2298 III
630 2261 694 2309 13,
728 2262 780 2299 36
812 2257 960 2299 ἔσωσεν
989 2256 1093 2311 ἡμας
1125 2258 1168 2299 ἐκ
1199 2265 1280 2300 τῶν
1318 2271 1518 2312 σιγματων
1547 2256 1648 2312 Εὐρ.
1681 2255 1727 2300 εὖ
1755 2259 1798 2313 γε’

229 2326 290 2355 σοι
322 2312 477 2369 γένοιθ’
518 2330 578 2354 οτι
618 2290 785 2358 Meinek.
826 2318 886 2356 ed.
927 2315 1045 2369 min.]
1087 2311 1135 2356 εὖ
1171 2314 1216 2369 γε’
1253 2327 1315 2356 σοι
1350 2332 1410 2356 οτι
1447 2318 1634 2356 Eustath.
1678 2320 1798 2369 1379,

230 2375 295 2412 58.
328 2370 433 2424 ἡμᾶς
465 2371 524 2411 ὅτι
555 2374 724 2414 Meinek.
757 2375 934 2413 antehac.
966 2370 1069 2425 ημᾶς
1100 2375 1234 2413 omitti
1266 2375 1383 2415 iussit
1414 2374 1553 2414 Cobet.
1589 2373 1683 2414 Obs.
1707 2366 1798 2415 erit-

234 2432 311 2470 183
344 2431 446 2470 conl.
487 2431 696 2482 Aristoph.
737 2431 842 2471 Plut.
884 2432 979 2471 390.
1018 2431 1124 2470 Nub.
1169 2432 1289 2471 1499.
1329 2435 1448 2484 σῖγμα
1484 2445 1564 2470 των
1601 2430 1797 2472 Choerob.

228 2488 398 2527 Bekke'r.
430 2487 578 2527 Aneod.
614 2485 736 2559 1169]
770 2498 980 2540 σιγματων.
1008 2484 1068 2526 ’τὸ
1099 2484 1144 2526 δὲ
1173 2484 1437 2560 αληθέστερον
1468 2485 1567 2526 κατὰ
1589 2485 1800 2528 διαστασιν

227 2541 564 2596 αναγινωσκεται,
610 2539 698 2583 οἷον
743 2542 873 2583 &ammi
912 2541 952 2582 6'
994 2542 1037 2583 ἔκ
1076 2549 1157 2583 τῶν
1194 2548 1313 2597 σῖγμα
1351 2544 1419 2585 καὶ
1457 2542 1683 2609 ἐπιφέρεται
1719 2550 1800 2584 τῶν

229 2598 499 2653 Εὐριπίδου.
521 2603 570 2643 cf.
595 2602 740 2641 Eubul.
771 2603 835 2642 26.
858 2603 924 2641 27.
955 2603 1054 2641 Xen.
1078 2601 1183 2641 Hell.
1222 2604 1262 2650 4,
1286 2605 1324 2654 7,
1352 2604 1404 2642 10
1433 2595 1479 2640 τὰ
1508 2600 1627 2654 σίγμα
1658 2601 1703 2641 τὰ
1735 2600 1799 2641 ἔπι

229 2658 309 2696 τῶν
346 2655 544 2697 ασπίδων.
604 2653 651 2697 εὖ
692 2669 755 2697 σοι
792 2657 945 2711 γένοιτο
981 2659 1107 2709 ipsius
1143 2633 1348 2710 Euripidis
1383 2661 1488 2701 sunt.
1526 2659 1578 2698 cf.
1609 2660 1704 2702 Eur.
1747 2660 1796 2698 fr.

232 2716 312 2755 702
343 2715 396 2755 N.
427 2716 578 2758 Athen.
611 2716 652 2768 5,
690 2717 809 2756 1860.

433 2892 514 2937 τὸν
543 2894 832 2951 μαινόμενον,
864 2895 943 2938 τὸν
974 2897 1144 2952 Κρῆτα,
1176 2893 1256 2938 τὸν
1285 2894 1414 2951 μόγις
1440 2892 1654 2940 Ἀττικόν.
