<?xml version="1.0" encoding="UTF-8"?>
<!DOCTYPE html PUBLIC "-//W3C//DTD XHTML 1.0 Transitional//EN"
    "http://www.w3.org/TR/xhtml1/DTD/xhtml1-transitional.dtd">
<html xmlns="http://www.w3.org/1999/xhtml" xml:lang="en" lang="en">
 <head>
  <title>
</title>
<meta http-equiv="Content-Type" content="text/html;charset=utf-8" />
  <meta name='ocr-system' content='tesseract 3.04.00' />
  <meta name='ocr-capabilities' content='ocr_page ocr_carea ocr_par ocr_line ocrx_word'/>
</head>
<body>
  <div class='ocr_page' id='page_1' title='image "./comicorumatticor01kockuoft_0345.png"; bbox 0 0 1872 3224; ppageno 0'>
   <div class='ocr_carea' id='block_1_1' title="bbox 0 0 222 1223">
    <p class='ocr_par' dir='ltr' id='par_1_1' title="bbox 0 0 222 1223">
     <span class='ocr_line' id='line_1_1' title="bbox 0 0 222 1223; baseline 0 0"><span class='ocrx_word' id='word_1_1' title='bbox 0 0 222 1223; x_wconf 95' lang='lat' dir='ltr'><strong><em> </em></strong></span> 
     </span>
    </p>
   </div>
   <div class='ocr_carea' id='block_1_2' title="bbox 799 189 1680 245">
    <p class='ocr_par' dir='ltr' id='par_1_2' title="bbox 799 189 1680 245">
     <span class='ocr_line' id='line_1_2' title="bbox 799 189 1680 245; baseline 0.005 -22"><span class='ocrx_word' id='word_1_2' title='bbox 799 189 994 226; x_wconf 72' lang='grc' dir='ltr'><strong><em>ΠοΑΕιΣ</em></strong></span> <span class='ocrx_word' id='word_1_3' title='bbox 1597 202 1680 245; x_wconf 85' lang='lat'><strong><em>315</em></strong></span> 
     </span>
    </p>
   </div>
   <div class='ocr_carea' id='block_1_3' title="bbox 62 287 1678 464">
    <p class='ocr_par' dir='ltr' id='par_1_3' title="bbox 62 287 1678 466">
     <span class='ocr_line' id='line_1_3' title="bbox 78 287 1677 357; baseline 0.013 -29"><span class='ocrx_word' id='word_1_4' title='bbox 78 287 279 348; x_wconf 47' lang='grc' dir='ltr'><strong><em>Ἰᾗίρβεειιϊὶο</em></strong></span> <span class='ocrx_word' id='word_1_5' title='bbox 311 289 573 340; x_wconf 85' lang='lat' dir='ltr'>desumptum</span> <span class='ocrx_word' id='word_1_6' title='bbox 595 305 680 333; x_wconf 85' lang='lat' dir='ltr'>esse</span> <span class='ocrx_word' id='word_1_7' title='bbox 702 294 972 346; x_wconf 73' lang='lat' dir='ltr'><strong>fragmentum</strong></span> <span class='ocrx_word' id='word_1_8' title='bbox 995 300 1237 350; x_wconf 75' lang='lat' dir='ltr'>opinaretur.</span> <span class='ocrx_word' id='word_1_9' title='bbox 1270 303 1388 355; x_wconf 86' lang='lat' dir='ltr'>fingit</span> <span class='ocrx_word' id='word_1_10' title='bbox 1407 307 1540 346; x_wconf 88' lang='lat' dir='ltr'>nescio</span> <span class='ocrx_word' id='word_1_11' title='bbox 1562 321 1677 357; x_wconf 79' lang='lat' dir='ltr'>quem</span> 
     </span>
     <span class='ocr_line' id='line_1_4' title="bbox 77 344 1678 414; baseline 0.012 -28"><span class='ocrx_word' id='word_1_12' title='bbox 77 344 312 395; x_wconf 64' lang='lat' dir='ltr'>‘Philinum</span> <span class='ocrx_word' id='word_1_13' title='bbox 341 346 557 388; x_wconf 83' lang='lat' dir='ltr'>libidinose</span> <span class='ocrx_word' id='word_1_14' title='bbox 589 363 708 389; x_wconf 88' lang='lat' dir='ltr'>unam</span> <span class='ocrx_word' id='word_1_15' title='bbox 748 365 795 391; x_wconf 85' lang='lat' dir='ltr'><strong><em>ex</em></strong></span> <span class='ocrx_word' id='word_1_16' title='bbox 841 353 1081 397; x_wconf 73' lang='lat' dir='ltr'>Civitatibus</span> <span class='ocrx_word' id='word_1_17' title='bbox 1126 360 1330 410; x_wconf 81' lang='lat' dir='ltr'>adspicere</span> <span class='ocrx_word' id='word_1_18' title='bbox 1361 363 1549 414; x_wconf 88' lang='lat' dir='ltr'>iubetque</span> <span class='ocrx_word' id='word_1_19' title='bbox 1582 379 1678 405; x_wconf 82' lang='lat' dir='ltr'><strong><em>eum</em></strong></span> 
     </span>
     <span class='ocr_line' id='line_1_5' title="bbox 62 403 1516 464; baseline 0.012 -21"><span class='ocrx_word' id='word_1_20' title='bbox 62 403 147 456; x_wconf 71' lang='lat' dir='ltr'><strong><em>jn</em></strong></span> <span class='ocrx_word' id='word_1_21' title='bbox 176 403 376 445; x_wconf 79' lang='lat' dir='ltr'>coloniam</span> <span class='ocrx_word' id='word_1_22' title='bbox 407 405 616 459; x_wconf 82' lang='lat' dir='ltr'>facessere,</span> <span class='ocrx_word' id='word_1_23' title='bbox 649 422 749 459; x_wconf 85' lang='lat' dir='ltr'>quae</span> <span class='ocrx_word' id='word_1_24' title='bbox 781 413 895 461; x_wconf 84' lang='lat' dir='ltr'>quasi</span> <span class='ocrx_word' id='word_1_25' title='bbox 924 410 1096 464; x_wconf 82' lang='grc' dir='ltr'><strong><em>μέτοικοι</em></strong></span> <span class='ocrx_word' id='word_1_26' title='bbox 1126 422 1219 456; x_wconf 86' lang='lat' dir='ltr'>sunt</span> <span class='ocrx_word' id='word_1_27' title='bbox 1249 418 1353 458; x_wconf 78' lang='lat' dir='ltr'>inter</span> <span class='ocrx_word' id='word_1_28' title='bbox 1384 421 1516 460; x_wconf 86' lang='lat' dir='ltr'>urbes.</span> 
     </span>
    </p>
   </div>
   <div class='ocr_carea' id='block_1_4' title="bbox 857 523 939 567">
    <p class='ocr_par' dir='ltr' id='par_1_4' title="bbox 857 523 939 567">
     <span class='ocr_line' id='line_1_6' title="bbox 857 523 939 567; baseline 0.024 -2"><span class='ocrx_word' id='word_1_29' title='bbox 857 523 939 567; x_wconf 83' lang='grc'><strong><em>207</em></strong></span> 
     </span>
    </p>
   </div>
   <div class='ocr_carea' id='block_1_5' title="bbox 26 598 1679 1168">
    <p class='ocr_par' dir='ltr' id='par_1_5' title="bbox 304 598 1459 803">
     <span class='ocr_line' id='line_1_7' title="bbox 310 598 1272 665; baseline 0.011 -25"><span class='ocrx_word' id='word_1_30' title='bbox 310 598 601 655; x_wconf 82' lang='grc' dir='ltr'><strong><em>Συρακόσιος</em></strong></span> <span class='ocrx_word' id='word_1_31' title='bbox 632 598 674 643; x_wconf 88' lang='grc' dir='ltr'><strong><em>δ’</em></strong></span> <span class='ocrx_word' id='word_1_32' title='bbox 709 603 873 659; x_wconf 80' lang='grc' dir='ltr'><strong><em>ἔοικεν,</em></strong></span> <span class='ocrx_word' id='word_1_33' title='bbox 905 602 1028 660; x_wconf 83' lang='grc' dir='ltr'><strong><em>ἡνίκ’</em></strong></span> <span class='ocrx_word' id='word_1_34' title='bbox 1060 604 1119 649; x_wconf 83' lang='grc' dir='ltr'><strong><em>οἰ“ν</em></strong></span> <span class='ocrx_word' id='word_1_35' title='bbox 1150 607 1272 665; x_wconf 80' lang='grc' dir='ltr'><strong><em>λέγῃ,</em></strong></span> 
     </span>
     <span class='ocr_line' id='line_1_8' title="bbox 306 669 1315 732; baseline 0.011 -23"><span class='ocrx_word' id='word_1_36' title='bbox 306 674 401 719; x_wconf 82' lang='grc' dir='ltr'><strong><em>τοῖς</em></strong></span> <span class='ocrx_word' id='word_1_37' title='bbox 431 669 680 713; x_wconf 84' lang='grc' dir='ltr'><strong><em>κυνιδίοισι</em></strong></span> <span class='ocrx_word' id='word_1_38' title='bbox 711 679 859 715; x_wconf 82' lang='grc' dir='ltr'><strong><em>τοῖσιν</em></strong></span> <span class='ocrx_word' id='word_1_39' title='bbox 891 672 965 717; x_wconf 82' lang='grc' dir='ltr'><strong><em>ἐπὶ</em></strong></span> <span class='ocrx_word' id='word_1_40' title='bbox 996 678 1087 718; x_wconf 73' lang='grc' dir='ltr'><strong><em>τῶν</em></strong></span> <span class='ocrx_word' id='word_1_41' title='bbox 1117 678 1315 732; x_wconf 86' lang='grc' dir='ltr'><strong><em>τειχίων·</em></strong></span> 
     </span>
     <span class='ocr_line' id='line_1_9' title="bbox 304 733 1459 803; baseline 0.01 -24"><span class='ocrx_word' id='word_1_42' title='bbox 304 733 479 793; x_wconf 77' lang='grc' dir='ltr'><strong><em>ἀναβὰς</em></strong></span> <span class='ocrx_word' id='word_1_43' title='bbox 508 736 596 794; x_wconf 74' lang='grc' dir='ltr'><strong><em>γὰρ</em></strong></span> <span class='ocrx_word' id='word_1_44' title='bbox 629 738 703 782; x_wconf 81' lang='grc' dir='ltr'><strong><em>ἐπὶ</em></strong></span> <span class='ocrx_word' id='word_1_45' title='bbox 734 740 783 783; x_wconf 91' lang='grc' dir='ltr'><strong><em>τὸ</em></strong></span> <span class='ocrx_word' id='word_1_46' title='bbox 813 740 923 798; x_wconf 81' lang='grc' dir='ltr'><strong><em>βῆμ’</em></strong></span> <span class='ocrx_word' id='word_1_47' title='bbox 957 739 1145 788; x_wconf 77' lang='grc' dir='ltr'><strong><em>ὑλακτεῖ</em></strong></span> <span class='ocrx_word' id='word_1_48' title='bbox 1171 748 1459 803; x_wconf 75' lang='grc' dir='ltr'><strong><em>περιτρέχων.</em></strong></span> 
     </span>
    </p>

    <p class='ocr_par' dir='ltr' id='par_1_6' title="bbox 19 819 1679 1168">
     <span class='ocr_line' id='line_1_10' title="bbox 217 819 1679 883; baseline 0.008 -23"><span class='ocrx_word' id='word_1_49' title='bbox 217 819 350 861; x_wconf 82' lang='lat' dir='ltr'>Schol.</span> <span class='ocrx_word' id='word_1_50' title='bbox 382 821 590 874; x_wconf 85' lang='lat' dir='ltr'>Aristoph.</span> <span class='ocrx_word' id='word_1_51' title='bbox 624 824 702 864; x_wconf 85' lang='lat' dir='ltr'>Av.</span> <span class='ocrx_word' id='word_1_52' title='bbox 740 826 847 864; x_wconf 80' lang='lat'>1297</span> <span class='ocrx_word' id='word_1_53' title='bbox 880 820 995 874; x_wconf 75' lang='grc' dir='ltr'><strong><em>οὗτος</em></strong></span> <span class='ocrx_word' id='word_1_54' title='bbox 1025 825 1101 880; x_wconf 76' lang='grc' dir='ltr'><strong><em>γὰρ</em></strong></span> <span class='ocrx_word' id='word_1_55' title='bbox 1132 834 1214 868; x_wconf 78' lang='grc' dir='ltr'><strong><em>τῶν</em></strong></span> <span class='ocrx_word' id='word_1_56' title='bbox 1243 828 1332 881; x_wconf 86' lang='grc' dir='ltr'><strong><em>περὶ</em></strong></span> <span class='ocrx_word' id='word_1_57' title='bbox 1363 824 1404 869; x_wconf 83' lang='grc' dir='ltr'><strong><em>τὸ</em></strong></span> <span class='ocrx_word' id='word_1_58' title='bbox 1433 832 1553 883; x_wconf 87' lang='grc' dir='ltr'><strong><em>βῆμα.</em></strong></span> <span class='ocrx_word' id='word_1_59' title='bbox 1613 832 1679 872; x_wconf 85' lang='grc' dir='ltr'><strong><em>καὶ</em></strong></span> 
     </span>
     <span class='ocr_line' id='line_1_11' title="bbox 102 874 1679 938; baseline 0.008 -22"><span class='ocrx_word' id='word_1_60' title='bbox 102 874 285 926; x_wconf 72' lang='grc' dir='ltr'><strong><em>Εὔπολις</em></strong></span> <span class='ocrx_word' id='word_1_61' title='bbox 317 874 373 926; x_wconf 77' lang='grc' dir='ltr'><strong><em>ὥς</em></strong></span> <span class='ocrx_word' id='word_1_62' title='bbox 413 878 537 919; x_wconf 76' lang='grc' dir='ltr'><strong><em>λάλον</em></strong></span> <span class='ocrx_word' id='word_1_63' title='bbox 574 879 619 920; x_wconf 80' lang='grc' dir='ltr'><strong><em>έν</em></strong></span> <span class='ocrx_word' id='word_1_64' title='bbox 648 877 798 921; x_wconf 82' lang='grc' dir='ltr'><strong><em>Πόλεσι</em></strong></span> <span class='ocrx_word' id='word_1_65' title='bbox 829 882 1030 937; x_wconf 82' lang='grc' dir='ltr'><em>διασύρει·</em></span> <span class='ocrx_word' id='word_1_66' title='bbox 1066 885 1317 938; x_wconf 80' lang='grc' dir='ltr'><strong><em>Συρακόσιος</em></strong></span> <span class='ocrx_word' id='word_1_67' title='bbox 1355 891 1435 927; x_wconf 81' lang='grc' dir='ltr'><strong><em>κτλ.</em></strong></span> <span class='ocrx_word' id='word_1_68' title='bbox 1467 889 1679 929; x_wconf 83' lang='grc' dir='ltr'><strong><em>κυνιδίοισι</em></strong></span> 
     </span>
     <span class='ocr_line' id='line_1_12' title="bbox 27 936 1677 998; baseline 0.009 -25"><span class='ocrx_word' id='word_1_69' title='bbox 27 941 29 945; x_wconf 84' lang='grc'><strong><em>’</em></strong></span> <span class='ocrx_word' id='word_1_70' title='bbox 100 937 232 975; x_wconf 82' lang='grc' dir='ltr'><strong><em>τοῖσιν</em></strong></span> <span class='ocrx_word' id='word_1_71' title='bbox 273 936 440 978; x_wconf 80' lang='lat' dir='ltr'>Grotius</span> <span class='ocrx_word' id='word_1_72' title='bbox 485 938 582 978; x_wconf 82' lang='lat' dir='ltr'>Exc.</span> <span class='ocrx_word' id='word_1_73' title='bbox 616 938 718 992; x_wconf 84' lang='lat'>502]</span> <span class='ocrx_word' id='word_1_74' title='bbox 764 941 960 990; x_wconf 81' lang='grc' dir='ltr'><em>κυνιδίοις</em></span> <span class='ocrx_word' id='word_1_75' title='bbox 1004 946 1098 991; x_wconf 82' lang='grc' dir='ltr'><strong><em>τοῖς.</em></strong></span> <span class='ocrx_word' id='word_1_76' title='bbox 1138 944 1294 996; x_wconf 90' lang='grc' dir='ltr'><strong><em>τειχίων</em></strong></span> <span class='ocrx_word' id='word_1_77' title='bbox 1335 945 1475 998; x_wconf 85' lang='lat' dir='ltr'>Dobr.]</span> <span class='ocrx_word' id='word_1_78' title='bbox 1509 945 1677 998; x_wconf 83' lang='grc' dir='ltr'><strong><em>τειχέων.</em></strong></span> 
     </span>
     <span class='ocr_line' id='line_1_13' title="bbox 26 993 1676 1055; baseline 0.007 -22"><span class='ocrx_word' id='word_1_79' title='bbox 26 1011 30 1045; x_wconf 61' lang='lat'>3</span> <span class='ocrx_word' id='word_1_80' title='bbox 101 993 278 1046; x_wconf 83' lang='lat' dir='ltr'>Hesych.</span> <span class='ocrx_word' id='word_1_81' title='bbox 311 993 478 1047; x_wconf 83' lang='grc' dir='ltr'><strong><em>τειχίον·</em></strong></span> <span class='ocrx_word' id='word_1_82' title='bbox 512 996 554 1035; x_wconf 83' lang='grc' dir='ltr'><strong><em>οἱ</em></strong></span> <span class='ocrx_word' id='word_1_83' title='bbox 577 993 745 1036; x_wconf 82' lang='grc' dir='ltr'><strong><em>Ἀττικοὶ</em></strong></span> <span class='ocrx_word' id='word_1_84' title='bbox 774 996 845 1038; x_wconf 87' lang='grc' dir='ltr'><strong><em>τὸν</em></strong></span> <span class='ocrx_word' id='word_1_85' title='bbox 880 999 1090 1052; x_wconf 82' lang='grc' dir='ltr'><strong><em>περίβολον</em></strong></span> <span class='ocrx_word' id='word_1_86' title='bbox 1130 1005 1211 1049; x_wconf 89' lang='grc' dir='ltr'><strong><em>τοῖς</em></strong></span> <span class='ocrx_word' id='word_1_87' title='bbox 1250 1002 1418 1055; x_wconf 88' lang='grc' dir='ltr'><strong><em>χωρίοις.</em></strong></span> <span class='ocrx_word' id='word_1_88' title='bbox 1470 1006 1676 1055; x_wconf 89' lang='lat' dir='ltr'>Aristoph.</span> 
     </span>
     <span class='ocr_line' id='line_1_14' title="bbox 101 1051 1679 1109; baseline 0.008 -18.358"><span class='ocrx_word' id='word_1_89' title='bbox 101 1051 225 1103; x_wconf 85' lang='lat' dir='ltr'>Vesp.</span> <span class='ocrx_word' id='word_1_90' title='bbox 259 1054 385 1095; x_wconf 89' lang='lat'>1109.</span> <span class='ocrx_word' id='word_1_91' title='bbox 417 1053 526 1094; x_wconf 83' lang='lat' dir='ltr'>Eccl.</span> <span class='ocrx_word' id='word_1_92' title='bbox 559 1055 657 1095; x_wconf 84' lang='lat'>497.</span> <span class='ocrx_word' id='word_1_93' title='bbox 697 1056 869 1107; x_wconf 85' lang='lat' dir='ltr'>Raspius</span> <span class='ocrx_word' id='word_1_94' title='bbox 906 1061 1110 1109; x_wconf 85' lang='lat' dir='ltr'>comparat</span> <span class='ocrx_word' id='word_1_95' title='bbox 1157 1059 1237 1101; x_wconf 85' lang='lat' dir='ltr'>Cic.</span> <span class='ocrx_word' id='word_1_96' title='bbox 1278 1061 1392 1100; x_wconf 88' lang='lat' dir='ltr'>Brut.</span> <span class='ocrx_word' id='word_1_97' title='bbox 1429 1063 1498 1109; x_wconf 90' lang='lat'><strong><em>15,</em></strong></span> <span class='ocrx_word' id='word_1_98' title='bbox 1531 1063 1584 1102; x_wconf 82' lang='lat'><strong><em>58</em></strong></span> <span class='ocrx_word' id='word_1_99' title='bbox 1624 1064 1679 1102; x_wconf 86' lang='lat' dir='ltr'><strong><em>la-</em></strong></span> 
     </span>
     <span class='ocr_line' id='line_1_15' title="bbox 99 1112 1678 1168; baseline 0.006 -19"><span class='ocrx_word' id='word_1_100' title='bbox 99 1113 212 1150; x_wconf 77' lang='lat' dir='ltr'>trant</span> <span class='ocrx_word' id='word_1_101' title='bbox 240 1112 346 1150; x_wconf 79' lang='lat' dir='ltr'>enim</span> <span class='ocrx_word' id='word_1_102' title='bbox 374 1113 459 1151; x_wconf 80' lang='lat' dir='ltr'>iam</span> <span class='ocrx_word' id='word_1_103' title='bbox 488 1114 650 1162; x_wconf 79' lang='lat' dir='ltr'>quidam</span> <span class='ocrx_word' id='word_1_104' title='bbox 679 1118 862 1160; x_wconf 82' lang='lat' dir='ltr'>oratores,</span> <span class='ocrx_word' id='word_1_105' title='bbox 893 1128 976 1156; x_wconf 70' lang='lat' dir='ltr'><strong><em>‘non</em></strong></span> <span class='ocrx_word' id='word_1_106' title='bbox 1005 1118 1230 1166; x_wconf 76' lang='lat' dir='ltr'><strong><em>loquuntur,</em></strong></span> <span class='ocrx_word' id='word_1_107' title='bbox 1252 1121 1292 1157; x_wconf 90' lang='lat' dir='ltr'><strong><em>et</em></strong></span> <span class='ocrx_word' id='word_1_108' title='bbox 1319 1119 1378 1158; x_wconf 88' lang='lat' dir='ltr'><strong><em>De</em></strong></span> <span class='ocrx_word' id='word_1_109' title='bbox 1401 1122 1498 1158; x_wconf 83' lang='lat' dir='ltr'>orat.</span> <span class='ocrx_word' id='word_1_110' title='bbox 1523 1122 1560 1168; x_wconf 90' lang='lat'><strong><em>3,</em></strong></span> <span class='ocrx_word' id='word_1_111' title='bbox 1587 1121 1678 1159; x_wconf 89' lang='lat'>138.</span> 
     </span>
    </p>
   </div>
   <div class='ocr_carea' id='block_1_6' title="bbox 338 1311 1426 1514">
    <p class='ocr_par' dir='ltr' id='par_1_7' title="bbox 338 1311 1426 1514">
     <span class='ocr_line' id='line_1_16' title="bbox 339 1311 1415 1377; baseline 0.002 -17"><span class='ocrx_word' id='word_1_112' title='bbox 339 1315 480 1368; x_wconf 80' lang='grc' dir='ltr'><strong><em>κακός</em></strong></span> <span class='ocrx_word' id='word_1_113' title='bbox 509 1317 594 1373; x_wconf 79' lang='grc' dir='ltr'><strong><em>μὲν</em></strong></span> <span class='ocrx_word' id='word_1_114' title='bbox 625 1311 709 1360; x_wconf 83' lang='grc' dir='ltr'><strong><em>οὐκ</em></strong></span> <span class='ocrx_word' id='word_1_115' title='bbox 738 1311 812 1374; x_wconf 81' lang='grc' dir='ltr'><strong><em>ἦν,</em></strong></span> <span class='ocrx_word' id='word_1_116' title='bbox 845 1321 1092 1376; x_wconf 79' lang='grc' dir='ltr'><strong><em>φιλοπότης</em></strong></span> <span class='ocrx_word' id='word_1_117' title='bbox 1122 1321 1172 1363; x_wconf 81' lang='grc' dir='ltr'><strong><em>δὲ</em></strong></span> <span class='ocrx_word' id='word_1_118' title='bbox 1203 1318 1415 1377; x_wconf 76' lang='grc' dir='ltr'><strong><em>κάμελής’</em></strong></span> 
     </span>
     <span class='ocr_line' id='line_1_17' title="bbox 338 1384 1426 1446; baseline 0.003 -17"><span class='ocrx_word' id='word_1_119' title='bbox 338 1384 515 1429; x_wconf 76' lang='grc' dir='ltr'><strong><em>κάνίοτ’</em></strong></span> <span class='ocrx_word' id='word_1_120' title='bbox 547 1384 606 1430; x_wconf 74' lang='grc' dir='ltr'><strong><em>ἂν</em></strong></span> <span class='ocrx_word' id='word_1_121' title='bbox 636 1385 902 1442; x_wconf 76' lang='grc' dir='ltr'><strong><em>ἀπεκοιμᾶτ’</em></strong></span> <span class='ocrx_word' id='word_1_122' title='bbox 932 1387 991 1432; x_wconf 75' lang='grc' dir='ltr'><strong><em>ἂν</em></strong></span> <span class='ocrx_word' id='word_1_123' title='bbox 1023 1389 1075 1432; x_wconf 83' lang='grc' dir='ltr'><strong><em>ἐν</em></strong></span> <span class='ocrx_word' id='word_1_124' title='bbox 1105 1391 1426 1446; x_wconf 88' lang='grc' dir='ltr'><strong><em>Λακεδαίμονι,</em></strong></span> 
     </span>
     <span class='ocr_line' id='line_1_18' title="bbox 339 1453 1362 1514; baseline 0.004 -16"><span class='ocrx_word' id='word_1_125' title='bbox 339 1454 429 1499; x_wconf 76' lang='grc' dir='ltr'><strong><em>κᾶν</em></strong></span> <span class='ocrx_word' id='word_1_126' title='bbox 453 1453 717 1512; x_wconf 86' lang='grc' dir='ltr'><strong><em>Ἐλπινίκην</em></strong></span> <span class='ocrx_word' id='word_1_127' title='bbox 746 1457 883 1513; x_wconf 86' lang='grc' dir='ltr'><strong><em>τήνδε</em></strong></span> <span class='ocrx_word' id='word_1_128' title='bbox 914 1457 1175 1502; x_wconf 70' lang='grc' dir='ltr'><strong><em>καταλιπών</em></strong></span> <span class='ocrx_word' id='word_1_129' title='bbox 1205 1458 1362 1514; x_wconf 90' lang='grc' dir='ltr'><strong><em>μόνην.</em></strong></span> 
     </span>
    </p>
   </div>
   <div class='ocr_carea' id='block_1_7' title="bbox 101 1538 1679 2213">
    <p class='ocr_par' dir='ltr' id='par_1_8' title="bbox 101 1538 1679 2213">
     <span class='ocr_line' id='line_1_19' title="bbox 218 1538 1678 1595; baseline 0.001 -15"><span class='ocrx_word' id='word_1_130' title='bbox 218 1540 460 1582; x_wconf 76' lang='lat' dir='ltr'>Plutarchus</span> <span class='ocrx_word' id='word_1_131' title='bbox 491 1541 593 1581; x_wconf 86' lang='lat' dir='ltr'>Cim.</span> <span class='ocrx_word' id='word_1_132' title='bbox 630 1542 680 1580; x_wconf 88' lang='lat'><strong><em>15</em></strong></span> <span class='ocrx_word' id='word_1_133' title='bbox 712 1538 781 1580; x_wconf 89' lang='grc' dir='ltr'><strong><em>τὸν</em></strong></span> <span class='ocrx_word' id='word_1_134' title='bbox 813 1541 942 1594; x_wconf 80' lang='grc' dir='ltr'><strong><em>δῆμον</em></strong></span> <span class='ocrx_word' id='word_1_135' title='bbox 982 1539 1213 1594; x_wconf 79' lang='grc' dir='ltr'><strong><em>ἐξηρέθιζον</em></strong></span> <span class='ocrx_word' id='word_1_136' title='bbox 1248 1540 1380 1582; x_wconf 79' lang='grc' dir='ltr'><strong><em>ἕκεῖνοὶ</em></strong></span> <span class='ocrx_word' id='word_1_137' title='bbox 1419 1558 1458 1582; x_wconf 87' lang='grc' dir='ltr'><strong><em>τε</em></strong></span> <span class='ocrx_word' id='word_1_138' title='bbox 1496 1541 1542 1581; x_wconf 73' lang='grc' dir='ltr'><strong><em>τὰ</em></strong></span> <span class='ocrx_word' id='word_1_139' title='bbox 1580 1541 1678 1595; x_wconf 87' lang='grc' dir='ltr'><strong><em>πρὸς</em></strong></span> 
     </span>
     <span class='ocr_line' id='line_1_20' title="bbox 104 1592 1678 1650; baseline 0.001 -14"><span class='ocrx_word' id='word_1_140' title='bbox 104 1593 179 1650; x_wconf 88' lang='grc' dir='ltr'><strong><em>τὴν</em></strong></span> <span class='ocrx_word' id='word_1_141' title='bbox 208 1592 393 1650; x_wconf 76' lang='grc' dir='ltr'><strong><em>ἀδελφὴν</em></strong></span> <span class='ocrx_word' id='word_1_142' title='bbox 421 1593 713 1648; x_wconf 72' lang='grc' dir='ltr'><strong><em>ἀνανεούμενοι</em></strong></span> <span class='ocrx_word' id='word_1_143' title='bbox 743 1597 810 1638; x_wconf 85' lang='grc' dir='ltr'><strong><em>καὶ</em></strong></span> <span class='ocrx_word' id='word_1_144' title='bbox 841 1597 1116 1650; x_wconf 82' lang='grc' dir='ltr'><strong><em>Λακωνισμὸν</em></strong></span> <span class='ocrx_word' id='word_1_145' title='bbox 1137 1598 1435 1647; x_wconf 82' lang='grc' dir='ltr'><strong><em>ἐπικαλοῦντες·</em></strong></span> <span class='ocrx_word' id='word_1_146' title='bbox 1468 1600 1524 1647; x_wconf 87' lang='grc' dir='ltr'><strong><em>εἰς</em></strong></span> <span class='ocrx_word' id='word_1_147' title='bbox 1554 1597 1582 1638; x_wconf 70' lang='grc' dir='ltr'><strong><em>ὁὲ</em></strong></span> <span class='ocrx_word' id='word_1_148' title='bbox 1612 1598 1678 1638; x_wconf 83' lang='grc' dir='ltr'><strong><em>καὶ</em></strong></span> 
     </span>
     <span class='ocr_line' id='line_1_21' title="bbox 102 1652 1677 1709; baseline 0.001 -15"><span class='ocrx_word' id='word_1_149' title='bbox 102 1653 148 1694; x_wconf 78' lang='grc' dir='ltr'><strong><em>τὰ</em></strong></span> <span class='ocrx_word' id='word_1_150' title='bbox 181 1652 410 1703; x_wconf 79' lang='grc' dir='ltr'><strong><em>Εὐπόλιδος</em></strong></span> <span class='ocrx_word' id='word_1_151' title='bbox 452 1655 764 1709; x_wconf 79' lang='grc' dir='ltr'><strong><em>διατεθρύληται</em></strong></span> <span class='ocrx_word' id='word_1_152' title='bbox 800 1655 889 1709; x_wconf 86' lang='grc' dir='ltr'><strong><em>περὶ</em></strong></span> <span class='ocrx_word' id='word_1_153' title='bbox 926 1656 1112 1708; x_wconf 83' lang='grc' dir='ltr'><strong><em>Κίμωνος</em></strong></span> <span class='ocrx_word' id='word_1_154' title='bbox 1151 1655 1211 1696; x_wconf 79' lang='grc' dir='ltr'><strong><em>ὅτι</em></strong></span> <span class='ocrx_word' id='word_1_155' title='bbox 1249 1652 1368 1705; x_wconf 80' lang='grc' dir='ltr'><strong><em>κακὸς</em></strong></span> <span class='ocrx_word' id='word_1_156' title='bbox 1406 1661 1485 1697; x_wconf 83' lang='grc' dir='ltr'><strong><em>κτλ.</em></strong></span> <span class='ocrx_word' id='word_1_157' title='bbox 1547 1658 1677 1697; x_wconf 85' lang='lat' dir='ltr'>Schol.</span> 
     </span>
     <span class='ocr_line' id='line_1_22' title="bbox 101 1711 1678 1767; baseline 0.001 -15"><span class='ocrx_word' id='word_1_158' title='bbox 101 1713 294 1754; x_wconf 82' lang='lat' dir='ltr'>Aristidis</span> <span class='ocrx_word' id='word_1_159' title='bbox 334 1715 416 1753; x_wconf 86' lang='lat'><strong><em>515</em></strong></span> <span class='ocrx_word' id='word_1_160' title='bbox 455 1714 574 1755; x_wconf 88' lang='lat' dir='ltr'>Dind.</span> <span class='ocrx_word' id='word_1_161' title='bbox 615 1711 864 1765; x_wconf 82' lang='grc' dir='ltr'><strong><em>πεντήκοντα</em></strong></span> <span class='ocrx_word' id='word_1_162' title='bbox 903 1711 947 1752; x_wconf 83' lang='grc' dir='ltr'><strong><em>δὲ</em></strong></span> <span class='ocrx_word' id='word_1_163' title='bbox 985 1713 1157 1754; x_wconf 77' lang='grc' dir='ltr'><strong><em>τάλαντα</em></strong></span> <span class='ocrx_word' id='word_1_164' title='bbox 1197 1713 1416 1765; x_wconf 77' lang='grc' dir='ltr'><strong><em>ἐπράξαντο</em></strong></span> <span class='ocrx_word' id='word_1_165' title='bbox 1456 1712 1678 1767; x_wconf 84' lang='grc' dir='ltr'><strong><em>(Κίμωνα).</em></strong></span> 
     </span>
     <span class='ocr_line' id='line_1_23' title="bbox 105 1767 1679 1827; baseline 0.001 -19"><span class='ocrx_word' id='word_1_166' title='bbox 105 1769 286 1823; x_wconf 87' lang='grc' dir='ltr'><strong><em>Δίδυμος</em></strong></span> <span class='ocrx_word' id='word_1_167' title='bbox 315 1769 361 1810; x_wconf 90' lang='grc' dir='ltr'><strong><em>δέ</em></strong></span> <span class='ocrx_word' id='word_1_168' title='bbox 391 1780 518 1823; x_wconf 84' lang='grc' dir='ltr'><strong><em>φησιν</em></strong></span> <span class='ocrx_word' id='word_1_169' title='bbox 547 1767 619 1823; x_wconf 85' lang='grc' dir='ltr'><strong><em>οὐχ</em></strong></span> <span class='ocrx_word' id='word_1_170' title='bbox 650 1769 710 1810; x_wconf 80' lang='grc' dir='ltr'><strong><em>ὅτι</em></strong></span> <span class='ocrx_word' id='word_1_171' title='bbox 741 1769 990 1824; x_wconf 75' lang='grc' dir='ltr'><strong><em>ε’λακώνιζεν,</em></strong></span> <span class='ocrx_word' id='word_1_172' title='bbox 1018 1767 1106 1810; x_wconf 74' lang='grc' dir='ltr'><strong><em>ἀλλ’</em></strong></span> <span class='ocrx_word' id='word_1_173' title='bbox 1139 1770 1198 1810; x_wconf 79' lang='grc' dir='ltr'><strong><em>ὅτι</em></strong></span> <span class='ocrx_word' id='word_1_174' title='bbox 1215 1769 1421 1827; x_wconf 77' lang='grc' dir='ltr'><strong><em>Ἐλπινίκῃ</em></strong></span> <span class='ocrx_word' id='word_1_175' title='bbox 1453 1777 1499 1826; x_wconf 83' lang='grc' dir='ltr'><strong><em>τῇ</em></strong></span> <span class='ocrx_word' id='word_1_176' title='bbox 1526 1768 1679 1824; x_wconf 67' lang='grc' dir='ltr'><strong><em>ἀδελφῇ</em></strong></span> 
     </span>
     <span class='ocr_line' id='line_1_24' title="bbox 102 1825 1679 1881; baseline 0 -15"><span class='ocrx_word' id='word_1_177' title='bbox 102 1827 246 1880; x_wconf 83' lang='grc' dir='ltr'><strong><em>συνῆν.</em></strong></span> <span class='ocrx_word' id='word_1_178' title='bbox 307 1827 430 1868; x_wconf 81' lang='grc' dir='ltr'><strong><em>αἴτιοι</em></strong></span> <span class='ocrx_word' id='word_1_179' title='bbox 460 1825 504 1868; x_wconf 83' lang='grc' dir='ltr'><strong><em>δὲ</em></strong></span> <span class='ocrx_word' id='word_1_180' title='bbox 536 1833 606 1880; x_wconf 84' lang='grc' dir='ltr'><strong><em>τῆς</em></strong></span> <span class='ocrx_word' id='word_1_181' title='bbox 637 1827 827 1880; x_wconf 83' lang='grc' dir='ltr'><strong><em>διαβολῆς</em></strong></span> <span class='ocrx_word' id='word_1_182' title='bbox 858 1829 898 1868; x_wconf 86' lang='grc' dir='ltr'><strong><em>οἱ</em></strong></span> <span class='ocrx_word' id='word_1_183' title='bbox 923 1827 1103 1880; x_wconf 78' lang='grc' dir='ltr'><strong><em>κωμικοί,</em></strong></span> <span class='ocrx_word' id='word_1_184' title='bbox 1134 1828 1201 1868; x_wconf 85' lang='grc' dir='ltr'><strong><em>καὶ</em></strong></span> <span class='ocrx_word' id='word_1_185' title='bbox 1229 1825 1395 1881; x_wconf 78' lang='grc' dir='ltr'><strong><em>μάλιστα</em></strong></span> <span class='ocrx_word' id='word_1_186' title='bbox 1425 1827 1604 1875; x_wconf 77' lang='grc' dir='ltr'><strong><em>Εὔπολις</em></strong></span> <span class='ocrx_word' id='word_1_187' title='bbox 1636 1826 1679 1866; x_wconf 82' lang='grc' dir='ltr'><strong><em>ἐν</em></strong></span> 
     </span>
     <span class='ocr_line' id='line_1_25' title="bbox 106 1881 1676 1936; baseline 0 -12"><span class='ocrx_word' id='word_1_188' title='bbox 106 1883 289 1928; x_wconf 84' lang='grc' dir='ltr'><strong><em>Πόλεσιν.</em></strong></span> <span class='ocrx_word' id='word_1_189' title='bbox 324 1887 486 1926; x_wconf 86' lang='lat' dir='ltr'>Tzetzes</span> <span class='ocrx_word' id='word_1_190' title='bbox 526 1887 632 1926; x_wconf 84' lang='lat' dir='ltr'>Hist.</span> <span class='ocrx_word' id='word_1_191' title='bbox 665 1886 685 1925; x_wconf 97' lang='lat' dir='ltr'>I</span> <span class='ocrx_word' id='word_1_192' title='bbox 716 1888 811 1927; x_wconf 88' lang='lat'>590.</span> <span class='ocrx_word' id='word_1_193' title='bbox 852 1881 1005 1925; x_wconf 78' lang='grc' dir='ltr'><strong><em>κάνίοτ’</em></strong></span> <span class='ocrx_word' id='word_1_194' title='bbox 1045 1882 1099 1925; x_wconf 73' lang='grc' dir='ltr'><strong><em>οἲν</em></strong></span> <span class='ocrx_word' id='word_1_195' title='bbox 1134 1887 1336 1926; x_wconf 89' lang='lat' dir='ltr'>Porsonus</span> <span class='ocrx_word' id='word_1_196' title='bbox 1375 1887 1515 1936; x_wconf 87' lang='lat' dir='ltr'>Eurip-</span> <span class='ocrx_word' id='word_1_197' title='bbox 1549 1885 1676 1925; x_wconf 87' lang='lat' dir='ltr'>Orest.</span> 
     </span>
     <span class='ocr_line' id='line_1_26' title="bbox 104 1939 1676 1998; baseline -0.001 -15"><span class='ocrx_word' id='word_1_198' title='bbox 104 1941 206 1997; x_wconf 86' lang='lat'>581]</span> <span class='ocrx_word' id='word_1_199' title='bbox 239 1940 411 1984; x_wconf 76' lang='grc' dir='ltr'><strong><em>κάνίοτ’.</em></strong></span> <span class='ocrx_word' id='word_1_200' title='bbox 444 1939 580 1996; x_wconf 76' lang='grc' dir='ltr'><strong><em>τήνδε]</em></strong></span> <span class='ocrx_word' id='word_1_201' title='bbox 615 1943 710 1998; x_wconf 83' lang='grc' dir='ltr'><strong><em>τῇδε</em></strong></span> <span class='ocrx_word' id='word_1_202' title='bbox 741 1943 997 1991; x_wconf 86' lang='lat' dir='ltr'>Sintenisius,</span> <span class='ocrx_word' id='word_1_203' title='bbox 1029 1944 1264 1995; x_wconf 87' lang='lat' dir='ltr'>Meinekius,</span> <span class='ocrx_word' id='word_1_204' title='bbox 1297 1944 1349 1983; x_wconf 91' lang='lat' dir='ltr'><strong><em>H.</em></strong></span> <span class='ocrx_word' id='word_1_205' title='bbox 1380 1944 1527 1983; x_wconf 85' lang='lat' dir='ltr'>Iacobi.</span> <span class='ocrx_word' id='word_1_206' title='bbox 1559 1946 1676 1982; x_wconf 86' lang='lat' dir='ltr'>recte.</span> 
     </span>
     <span class='ocr_line' id='line_1_27' title="bbox 102 1999 1676 2052; baseline -0.002 -12"><span class='ocrx_word' id='word_1_207' title='bbox 102 2002 193 2052; x_wconf 88' lang='lat' dir='ltr'>quis</span> <span class='ocrx_word' id='word_1_208' title='bbox 225 2002 334 2040; x_wconf 88' lang='lat' dir='ltr'>enim</span> <span class='ocrx_word' id='word_1_209' title='bbox 365 2002 502 2040; x_wconf 86' lang='lat' dir='ltr'>credat</span> <span class='ocrx_word' id='word_1_210' title='bbox 531 2002 744 2050; x_wconf 85' lang='lat' dir='ltr'>Elpinicen</span> <span class='ocrx_word' id='word_1_211' title='bbox 775 2001 817 2040; x_wconf 91' lang='lat' dir='ltr'><strong><em>in</em></strong></span> <span class='ocrx_word' id='word_1_212' title='bbox 848 2014 991 2040; x_wconf 83' lang='lat' dir='ltr'>scaena</span> <span class='ocrx_word' id='word_1_213' title='bbox 1029 2001 1290 2051; x_wconf 81' lang='lat' dir='ltr'>adparuisse?</span> <span class='ocrx_word' id='word_1_214' title='bbox 1350 2001 1533 2039; x_wconf 83' lang='lat' dir='ltr'>Muelleri</span> <span class='ocrx_word' id='word_1_215' title='bbox 1565 1999 1676 2038; x_wconf 86' lang='lat' dir='ltr'>Stru-</span> 
     </span>
     <span class='ocr_line' id='line_1_28' title="bbox 101 2058 1677 2110; baseline -0.002 -12"><span class='ocrx_word' id='word_1_216' title='bbox 101 2058 312 2110; x_wconf 81' lang='lat' dir='ltr'>bingensis</span> <span class='ocrx_word' id='word_1_217' title='bbox 343 2059 499 2098; x_wconf 86' lang='lat' dir='ltr'>somnia</span> <span class='ocrx_word' id='word_1_218' title='bbox 529 2059 598 2108; x_wconf 90' lang='lat' dir='ltr'><strong><em>qui</em></strong></span> <span class='ocrx_word' id='word_1_219' title='bbox 629 2058 738 2097; x_wconf 87' lang='lat' dir='ltr'>volet</span> <span class='ocrx_word' id='word_1_220' title='bbox 769 2058 949 2097; x_wconf 87' lang='lat' dir='ltr'>conferat</span> <span class='ocrx_word' id='word_1_221' title='bbox 968 2072 1006 2108; x_wconf 90' lang='lat' dir='ltr'><strong><em>p.</em></strong></span> <span class='ocrx_word' id='word_1_222' title='bbox 1032 2059 1127 2097; x_wconf 84' lang='grc'><strong><em>286.</em></strong></span> <span class='ocrx_word' id='word_1_223' title='bbox 1153 2060 1175 2096; x_wconf 84' lang='grc'><strong>7</strong></span> <span class='ocrx_word' id='word_1_224' title='bbox 1198 2058 1290 2097; x_wconf 85' lang='lat' dir='ltr'>adn.</span> <span class='ocrx_word' id='word_1_225' title='bbox 1322 2058 1534 2108; x_wconf 85' lang='lat' dir='ltr'>Elpinicen</span> <span class='ocrx_word' id='word_1_226' title='bbox 1563 2070 1677 2095; x_wconf 88' lang='lat' dir='ltr'>num—</span> 
     </span>
     <span class='ocr_line' id='line_1_29' title="bbox 103 2114 1676 2167; baseline -0.002 -12"><span class='ocrx_word' id='word_1_227' title='bbox 103 2129 224 2167; x_wconf 80' lang='lat' dir='ltr'>quam</span> <span class='ocrx_word' id='word_1_228' title='bbox 254 2118 419 2167; x_wconf 85' lang='lat' dir='ltr'>nuptam</span> <span class='ocrx_word' id='word_1_229' title='bbox 453 2116 576 2155; x_wconf 79' lang='lat' dir='ltr'>fuisse</span> <span class='ocrx_word' id='word_1_230' title='bbox 607 2115 732 2154; x_wconf 84' lang='lat' dir='ltr'>edixit</span> <span class='ocrx_word' id='word_1_231' title='bbox 761 2114 1093 2155; x_wconf 76' lang='lat' dir='ltr'>Wilamowitzius</span> <span class='ocrx_word' id='word_1_232' title='bbox 1124 2115 1262 2154; x_wconf 90' lang='lat' dir='ltr'>Herm.</span> <span class='ocrx_word' id='word_1_233' title='bbox 1283 2115 1360 2154; x_wconf 93' lang='lat' dir='ltr'><strong><em>XII</em></strong></span> <span class='ocrx_word' id='word_1_234' title='bbox 1384 2116 1480 2154; x_wconf 88' lang='lat'>339.</span> <span class='ocrx_word' id='word_1_235' title='bbox 1502 2115 1582 2153; x_wconf 87' lang='lat'><strong><em>40:</em></strong></span> <span class='ocrx_word' id='word_1_236' title='bbox 1605 2114 1676 2152; x_wconf 91' lang='lat' dir='ltr'>sci-</span> 
     </span>
     <span class='ocr_line' id='line_1_30' title="bbox 103 2172 1221 2213; baseline 0 0"><span class='ocrx_word' id='word_1_237' title='bbox 103 2173 201 2213; x_wconf 84' lang='lat' dir='ltr'>licet</span> <span class='ocrx_word' id='word_1_238' title='bbox 231 2186 322 2213; x_wconf 89' lang='lat' dir='ltr'><strong><em>cum</em></strong></span> <span class='ocrx_word' id='word_1_239' title='bbox 352 2173 478 2212; x_wconf 86' lang='lat' dir='ltr'>fratre</span> <span class='ocrx_word' id='word_1_240' title='bbox 508 2173 810 2212; x_wconf 80' lang='lat' dir='ltr'>matrimonium</span> <span class='ocrx_word' id='word_1_241' title='bbox 842 2172 1006 2213; x_wconf 85' lang='lat' dir='ltr'>finxisse</span> <span class='ocrx_word' id='word_1_242' title='bbox 1036 2173 1221 2213; x_wconf 86' lang='lat' dir='ltr'>comicos.</span> 
     </span>
    </p>
   </div>
   <div class='ocr_carea' id='block_1_8' title="bbox 856 2264 989 2339">
    <p class='ocr_par' dir='ltr' id='par_1_9' title="bbox 856 2264 989 2339">
     <span class='ocr_line' id='line_1_31' title="bbox 856 2264 989 2339; baseline 0 -1"><span class='ocrx_word' id='word_1_243' title='bbox 856 2296 942 2339; x_wconf 82' lang='lat'><strong><em>209</em></strong></span> <span class='ocrx_word' id='word_1_244' title='bbox 986 2264 989 2267; x_wconf 33' lang='grc'>“</span> 
     </span>
    </p>
   </div>
   <div class='ocr_carea' id='block_1_9' title="bbox 368 2374 1435 2563">
    <p class='ocr_par' dir='ltr' id='par_1_10' title="bbox 368 2374 1435 2563">
     <span class='ocr_line' id='line_1_32' title="bbox 369 2374 1270 2434; baseline -0.002 -15"><span class='ocrx_word' id='word_1_245' title='bbox 369 2375 592 2434; x_wconf 79' lang='grc' dir='ltr'><strong><em>χοὲμυνίοις</em></strong></span> <span class='ocrx_word' id='word_1_246' title='bbox 624 2376 798 2427; x_wconf 77' lang='grc' dir='ltr'><strong><em>ἐκεῖνος</em></strong></span> <span class='ocrx_word' id='word_1_247' title='bbox 828 2374 981 2426; x_wconf 76' lang='grc' dir='ltr'><strong><em>ἀμέλει</em></strong></span> <span class='ocrx_word' id='word_1_248' title='bbox 1012 2375 1270 2429; x_wconf 82' lang='grc' dir='ltr'><strong><em>κλαύσεται,</em></strong></span> 
     </span>
     <span class='ocr_line' id='line_1_33' title="bbox 368 2442 1391 2501; baseline -0.005 -11"><span class='ocrx_word' id='word_1_249' title='bbox 368 2445 438 2491; x_wconf 80' lang='grc' dir='ltr'><strong><em>ὅτι</em></strong></span> <span class='ocrx_word' id='word_1_250' title='bbox 469 2443 535 2489; x_wconf 75' lang='grc' dir='ltr'><strong><em>α’)’ν</em></strong></span> <span class='ocrx_word' id='word_1_251' title='bbox 565 2444 780 2501; x_wconf 80' lang='grc' dir='ltr'><strong><em>ἄγροικος</em></strong></span> <span class='ocrx_word' id='word_1_252' title='bbox 808 2445 985 2488; x_wconf 83' lang='grc' dir='ltr'><strong><em>ἵσταται</em></strong></span> <span class='ocrx_word' id='word_1_253' title='bbox 1016 2442 1128 2500; x_wconf 84' lang='grc' dir='ltr'><strong><em>πρὸς</em></strong></span> <span class='ocrx_word' id='word_1_254' title='bbox 1156 2449 1220 2500; x_wconf 77' lang='grc' dir='ltr'><strong><em>τῷ</em></strong></span> <span class='ocrx_word' id='word_1_255' title='bbox 1248 2442 1391 2499; x_wconf 79' lang='grc' dir='ltr'><strong><em>μύρῳ,</em></strong></span> 
     </span>
     <span class='ocr_line' id='line_1_34' title="bbox 369 2509 1435 2563; baseline -0.006 -5"><span class='ocrx_word' id='word_1_256' title='bbox 369 2514 438 2558; x_wconf 82' lang='grc' dir='ltr'><strong><em>ὅτι</em></strong></span> <span class='ocrx_word' id='word_1_257' title='bbox 467 2517 594 2558; x_wconf 79' lang='grc' dir='ltr'><strong><em>θεῶν</em></strong></span> <span class='ocrx_word' id='word_1_258' title='bbox 624 2512 743 2558; x_wconf 79' lang='grc' dir='ltr'><strong><em>ἕνεκ’</em></strong></span> <span class='ocrx_word' id='word_1_259' title='bbox 776 2515 967 2557; x_wconf 85' lang='grc' dir='ltr'><strong><em>ἔπλευσε</em></strong></span> <span class='ocrx_word' id='word_1_260' title='bbox 998 2510 1133 2563; x_wconf 81' lang='grc' dir='ltr'><strong><em>κακὸς</em></strong></span> <span class='ocrx_word' id='word_1_261' title='bbox 1163 2509 1229 2556; x_wconf 71' lang='grc' dir='ltr'><strong><em>α’)’ν</em></strong></span> <span class='ocrx_word' id='word_1_262' title='bbox 1260 2515 1435 2554; x_wconf 73' lang='grc' dir='ltr'><strong><em>εἴσεται.</em></strong></span> 
     </span>
    </p>
   </div>
   <div class='ocr_carea' id='block_1_10' title="bbox 103 2590 1677 2825">
    <p class='ocr_par' dir='ltr' id='par_1_11' title="bbox 103 2590 1677 2825">
     <span class='ocr_line' id='line_1_35' title="bbox 220 2590 1677 2650; baseline -0.007 -10"><span class='ocrx_word' id='word_1_263' title='bbox 220 2601 353 2640; x_wconf 84' lang='lat' dir='ltr'>Schol.</span> <span class='ocrx_word' id='word_1_264' title='bbox 365 2598 704 2650; x_wconf 87' lang='lat' dir='ltr'>Aristoph.Vesp.</span> <span class='ocrx_word' id='word_1_265' title='bbox 717 2599 821 2636; x_wconf 87' lang='grc'><strong><em>1271</em></strong></span> <span class='ocrx_word' id='word_1_266' title='bbox 836 2594 902 2635; x_wconf 84' lang='grc' dir='ltr'><strong><em>καὶ</em></strong></span> <span class='ocrx_word' id='word_1_267' title='bbox 919 2594 1097 2643; x_wconf 79' lang='grc' dir='ltr'><strong><em>Εὔπολις</em></strong></span> <span class='ocrx_word' id='word_1_268' title='bbox 1120 2594 1301 2647; x_wconf 73' lang='grc' dir='ltr'><strong><em>ἐμφαίνει</em></strong></span> <span class='ocrx_word' id='word_1_269' title='bbox 1316 2591 1389 2645; x_wconf 85' lang='grc' dir='ltr'><strong><em>τὴν</em></strong></span> <span class='ocrx_word' id='word_1_270' title='bbox 1403 2590 1677 2646; x_wconf 77' lang='grc' dir='ltr'><strong><em>πρεσβείανὲν</em></strong></span> 
     </span>
     <span class='ocr_line' id='line_1_36' title="bbox 103 2647 1674 2709; baseline -0.005 -13"><span class='ocrx_word' id='word_1_271' title='bbox 103 2660 190 2705; x_wconf 86' lang='grc' dir='ltr'><strong><em>ταῖς</em></strong></span> <span class='ocrx_word' id='word_1_272' title='bbox 214 2653 409 2698; x_wconf 83' lang='grc' dir='ltr'><strong><em>Πόλεσιν·</em></strong></span> <span class='ocrx_word' id='word_1_273' title='bbox 432 2652 629 2709; x_wconf 78' lang='grc' dir='ltr'><strong><em>χᾶμυνιάς</em></strong></span> <span class='ocrx_word' id='word_1_274' title='bbox 651 2658 732 2695; x_wconf 83' lang='grc' dir='ltr'><strong><em>κτλ.</em></strong></span> <span class='ocrx_word' id='word_1_275' title='bbox 758 2655 889 2695; x_wconf 85' lang='lat' dir='ltr'>Schol.</span> <span class='ocrx_word' id='word_1_276' title='bbox 917 2654 1020 2694; x_wconf 91' lang='lat' dir='ltr'>Nub.</span> <span class='ocrx_word' id='word_1_277' title='bbox 1045 2656 1121 2693; x_wconf 88' lang='grc'><strong><em>691</em></strong></span> <span class='ocrx_word' id='word_1_278' title='bbox 1147 2650 1325 2698; x_wconf 77' lang='grc' dir='ltr'><strong><em>Εὔπολις</em></strong></span> <span class='ocrx_word' id='word_1_279' title='bbox 1343 2648 1386 2689; x_wconf 83' lang='grc' dir='ltr'><strong><em>δὲ</em></strong></span> <span class='ocrx_word' id='word_1_280' title='bbox 1407 2647 1460 2698; x_wconf 82' lang='grc' dir='ltr'><strong><em>ὥς</em></strong></span> <span class='ocrx_word' id='word_1_281' title='bbox 1477 2664 1674 2703; x_wconf 86' lang='grc' dir='ltr'><strong><em>παραπρε-</em></strong></span> 
     </span>
     <span class='ocr_line' id='line_1_37' title="bbox 104 2704 1676 2767; baseline -0.006 -14"><span class='ocrx_word' id='word_1_282' title='bbox 104 2714 280 2767; x_wconf 81' lang='grc' dir='ltr'><strong><em>σβευτήν</em></strong></span> <span class='ocrx_word' id='word_1_283' title='bbox 303 2711 514 2766; x_wconf 89' lang='grc' dir='ltr'><strong><em>(Ἀμυνίαν</em></strong></span> <span class='ocrx_word' id='word_1_284' title='bbox 532 2711 738 2765; x_wconf 79' lang='grc' dir='ltr'><strong><em>σκώπτει),</em></strong></span> <span class='ocrx_word' id='word_1_285' title='bbox 757 2710 853 2764; x_wconf 81' lang='grc' dir='ltr'><strong><em>’ὅπερ</em></strong></span> <span class='ocrx_word' id='word_1_286' title='bbox 868 2710 934 2751; x_wconf 81' lang='grc' dir='ltr'><strong><em>καὶ</em></strong></span> <span class='ocrx_word' id='word_1_287' title='bbox 956 2711 999 2752; x_wconf 84' lang='grc' dir='ltr'><strong><em>έν</em></strong></span> <span class='ocrx_word' id='word_1_288' title='bbox 1014 2714 1094 2757; x_wconf 84' lang='grc' dir='ltr'><strong><em>τοῖς</em></strong></span> <span class='ocrx_word' id='word_1_289' title='bbox 1113 2708 1242 2762; x_wconf 82' lang='grc' dir='ltr'><strong><em>Σφηξὶ</em></strong></span> <span class='ocrx_word' id='word_1_290' title='bbox 1259 2708 1457 2759; x_wconf 87' lang='grc' dir='ltr'><strong><em>φαίνεται.</em></strong></span> <span class='ocrx_word' id='word_1_291' title='bbox 1483 2704 1676 2759; x_wconf 78' lang='grc' dir='ltr'><strong><em>χᾶμυνίας</em></strong></span> 
     </span>
     <span class='ocr_line' id='line_1_38' title="bbox 103 2765 1674 2825; baseline -0.006 -13"><span class='ocrx_word' id='word_1_292' title='bbox 103 2770 186 2821; x_wconf 83' lang='grc' dir='ltr'><strong><em>(καὶ</em></strong></span> <span class='ocrx_word' id='word_1_293' title='bbox 215 2769 236 2812; x_wconf 84' lang='grc' dir='ltr'><strong>ὁ</strong></span> <span class='ocrx_word' id='word_1_294' title='bbox 264 2769 370 2824; x_wconf 85' lang='grc' dir='ltr'><strong><em>Ἀμ.)</em></strong></span> <span class='ocrx_word' id='word_1_295' title='bbox 388 2768 590 2825; x_wconf 89' lang='lat' dir='ltr'>Dindorf.]</span> <span class='ocrx_word' id='word_1_296' title='bbox 618 2767 835 2822; x_wconf 80' lang='grc' dir='ltr'><strong><em>χὼμυνίας.</em></strong></span> <span class='ocrx_word' id='word_1_297' title='bbox 894 2771 931 2808; x_wconf 85' lang='grc'><strong><em>2.</em></strong></span> <span class='ocrx_word' id='word_1_298' title='bbox 955 2766 1014 2809; x_wconf 70' lang='grc' dir='ltr'><strong><em>ὢν</em></strong></span> <span class='ocrx_word' id='word_1_299' title='bbox 1037 2769 1124 2807; x_wconf 85' lang='lat' dir='ltr'>add.</span> <span class='ocrx_word' id='word_1_300' title='bbox 1143 2767 1268 2807; x_wconf 88' lang='lat' dir='ltr'>Dobr.</span> <span class='ocrx_word' id='word_1_301' title='bbox 1289 2767 1416 2806; x_wconf 86' lang='lat' dir='ltr'>Arist.</span> <span class='ocrx_word' id='word_1_302' title='bbox 1442 2766 1549 2805; x_wconf 85' lang='lat' dir='ltr'>Eccl.</span> <span class='ocrx_word' id='word_1_303' title='bbox 1581 2765 1674 2803; x_wconf 83' lang='lat'>289.</span> 
     </span>
    </p>
   </div>
   <div class='ocr_carea' id='block_1_11' title="bbox 104 2822 1676 2940">
    <p class='ocr_par' dir='ltr' id='par_1_12' title="bbox 104 2822 1676 2940">
     <span class='ocr_line' id='line_1_39' title="bbox 104 2822 1674 2881; baseline -0.004 -13"><span class='ocrx_word' id='word_1_304' title='bbox 104 2827 166 2868; x_wconf 79' lang='grc' dir='ltr'><strong><em>’ὅτι</em></strong></span> <span class='ocrx_word' id='word_1_305' title='bbox 181 2826 218 2868; x_wconf 87' lang='grc' dir='ltr'><strong><em>τ’</em></strong></span> <span class='ocrx_word' id='word_1_306' title='bbox 243 2827 303 2869; x_wconf 69' lang='grc' dir='ltr'><strong><em>ὢν</em></strong></span> <span class='ocrx_word' id='word_1_307' title='bbox 324 2830 464 2870; x_wconf 85' lang='lat' dir='ltr'>Herm.</span> <span class='ocrx_word' id='word_1_308' title='bbox 489 2829 634 2880; x_wconf 89' lang='lat' dir='ltr'>Opusc.</span> <span class='ocrx_word' id='word_1_309' title='bbox 652 2829 689 2867; x_wconf 90' lang='lat' dir='ltr'><strong>V</strong></span> <span class='ocrx_word' id='word_1_310' title='bbox 707 2830 801 2868; x_wconf 83' lang='lat'>297.</span> <span class='ocrx_word' id='word_1_311' title='bbox 826 2825 948 2881; x_wconf 60' lang='grc' dir='ltr'><strong><em>μύρῳΔ</em></strong></span> <span class='ocrx_word' id='word_1_312' title='bbox 974 2822 1115 2879; x_wconf 87' lang='lat' dir='ltr'>Dobr.]</span> <span class='ocrx_word' id='word_1_313' title='bbox 1136 2824 1268 2877; x_wconf 75' lang='grc' dir='ltr'><strong><em>μορίῳ.</em></strong></span> <span class='ocrx_word' id='word_1_314' title='bbox 1284 2825 1332 2863; x_wconf 88' lang='lat' dir='ltr'>cf.</span> <span class='ocrx_word' id='word_1_315' title='bbox 1347 2823 1529 2862; x_wconf 85' lang='lat' dir='ltr'>Pherecr.</span> <span class='ocrx_word' id='word_1_316' title='bbox 1548 2824 1585 2860; x_wconf 84' lang='lat'>2.</span> <span class='ocrx_word' id='word_1_317' title='bbox 1636 2823 1674 2861; x_wconf 89' lang='lat'><strong><em>3.</em></strong></span> 
     </span>
     <span class='ocr_line' id='line_1_40' title="bbox 106 2878 1676 2940; baseline -0.008 -14"><span class='ocrx_word' id='word_1_318' title='bbox 106 2883 236 2940; x_wconf 74' lang='grc' dir='ltr'><strong><em>ἕνεκ’]</em></strong></span> <span class='ocrx_word' id='word_1_319' title='bbox 260 2886 415 2926; x_wconf 76' lang='grc' dir='ltr'><strong><em>εἵνεκεν</em></strong></span> <span class='ocrx_word' id='word_1_320' title='bbox 430 2888 479 2927; x_wconf 88' lang='lat' dir='ltr'>V.</span> <span class='ocrx_word' id='word_1_321' title='bbox 495 2887 750 2926; x_wconf 88' lang='lat' dir='ltr'>Hermannus</span> <span class='ocrx_word' id='word_1_322' title='bbox 767 2882 826 2924; x_wconf 77' lang='grc' dir='ltr'><strong><em>ὅτι</em></strong></span> <span class='ocrx_word' id='word_1_323' title='bbox 841 2881 891 2923; x_wconf 79' lang='grc' dir='ltr'><strong><em>θ’</em></strong></span> <span class='ocrx_word' id='word_1_324' title='bbox 911 2878 970 2924; x_wconf 73' lang='grc' dir='ltr'><strong><em>ὦν</em></strong></span> <span class='ocrx_word' id='word_1_325' title='bbox 985 2881 1119 2922; x_wconf 74' lang='grc' dir='ltr'><strong><em>ἕνεκεν</em></strong></span> <span class='ocrx_word' id='word_1_326' title='bbox 1134 2880 1335 2921; x_wconf 77' lang='grc' dir='ltr'><strong><em>ἔπλευσεν.</em></strong></span> <span class='ocrx_word' id='word_1_327' title='bbox 1351 2881 1551 2920; x_wconf 89' lang='lat' dir='ltr'>Porsonus</span> <span class='ocrx_word' id='word_1_328' title='bbox 1567 2881 1676 2916; x_wconf 79' lang='grc' dir='ltr'><strong><em>θεῶν</em></strong></span> 
     </span>
    </p>
   </div>
  </div>
 </body>
</html>
