1872 3224
226 184 305 227 163
831 175 1194 212 ΦΕΡΕΚΡΑΤΟΤΣ

979 334 1032 377 81

424 418 554 474 λήψει
585 416 629 459 δ’
662 415 884 458 ἐν”Αιδου
915 411 1207 469 κραπάταλον
1238 411 1494 468 τριωβόλου

424 486 497 529 καὶ
527 487 692 539 ψωθία.

336 572 561 610 Athenaeus
604 569 673 619 14,
706 568 821 607 6460
857 565 1002 616 ψωθία
1041 561 1087 604 τὰ
1129 558 1331 617 ψαθύρια.
1391 561 1644 616 Φερεκράτης
1681 551 1802 635 Koa·-
1832 545 1835 592 ⁵,

1784 428 1786 431 ,
1816 406 1827 426 s

1788 442 1831 491 ,lu

223 624 429 675 πατάλλοις
467 629 547 666 κτλ.
603 622 894 676 Ἀπολλόδωρος
935 620 977 662 δὲ
1015 619 1036 662 ὁ
1071 619 1289 674 Ἀθηναῖος
1326 619 1395 661 καὶ
1436 617 1642 675 Θεόδωρος
1671 617 1712 662 δ’
1744 619 1824 664 ἐν·

220 684 411 732 Ἀττικαῖς
440 682 649 750 γλώσσαις
665 686 735 721 τοῦ
771 679 894 733 ἄρτου
931 679 977 719 τὰ
1014 675 1263 731 άποψώμενα
1301 677 1448 729 ψωθία
1485 681 1723 747 καλεῖσθαι,
1759 671 1808 719 ἂν
1839 699 1843 701 ·

225 735 333 789 τινας
378 735 584 791 ὀνομάζειν
626 736 885 806 ἀτταράγους.
945 738 1040 777 libri
1085 732 1386 788 Κραπατάλλοις
1425 738 1466 776 et
1500 732 1792 790 κραπαταλλον.

225 797 495 852 κραπάτταλον
526 798 575 836 Β.
606 792 818 850 τριωβόλου
848 795 1104 835 manifestum
1136 797 1196 835 est
1233 795 1795 846 101010101001001111111.οῃ10

225 857 331 895 oboli
361 856 466 906 apud
494 854 642 894 inferos
662 867 743 893 non
764 853 960 893 valebant.
1020 853 1308 892 intellexerunt
1337 852 1412 892 hoc
1441 851 1666 894 Meinekius
1715 850 1791 905 Qu.
1846 879 1847 882 =

226 926 329 953 scen.
359 913 400 952 ΙΙ
432 912 513 962 37),
544 912 613 961 qui
642 914 778 961 postea
809 910 1047 950 sententiam
1076 910 1265 962 mutavit,
1297 911 1337 948 et
1366 909 1660 950 Herwerdenus
1726 901 1789 963 bs.
1846 919 1860 928 ·’

227 971 311 1010 crit.
348 972 409 1009 10.
442 969 509 1008 sed
538 981 618 1007 non
649 968 742 1007 satis
773 969 833 1007 est
863 960 1078 1019 τριωβόλου
1109 968 1247 1010 eicere.
1287 967 1450 1017 scripsit
1485 967 1605 1017 poeta
1639 957 1793 1019 λήψει
1866 1000 1872 1015 2

226 1023 267 1065 δ’
300 1024 353 1065 ἐν
378 1024 549 1064 ’Ἅιδου
586 1019 901 1077 κραπατάλου
939 1022 1020 1063 καὶ
1057 1023 1285 1075 ψωθίας,
1323 1025 1414 1067 1.0.
1453 1024 1794 1074 vilissimo-prdie
1867 1023 1872 1049 ‘3

227 1085 333 1133 apud
360 1083 508 1131 inferos
545 1094 643 1121 emes
682 1082 786 1132 quod
827 1082 930 1132 apud
967 1095 1040 1121 nos
1076 1082 1204 1121 multo
1240 1082 1368 1131 pluris
1406 1082 1578 1122 constat.
1637 1081 1685 1124 de
1718 1081 1795 1125 hae

227 1140 511 1191 significatione
551 1139 662 1178 verbi
697 1136 921 1190 λαμβάνειν
959 1135 1111 1191 (emere)
1150 1139 1198 1178 cf.
1238 1139 1455 1190 Phrynich.
1495 1139 1563 1179 51.
1622 1138 1798 1184 fortasse,

228 1199 348 1237 etiam
378 1196 633 1247 proverbium
663 1197 768 1246 quod
798 1197 903 1247 apud
933 1196 1119 1236 Photium
1151 1199 1213 1236 est
1248 1191 1395 1248 ὀβολοῦ
1432 1191 1582 1249 χίμαιρ’
1616 1191 1661 1236 ἐν
1689 1190 1798 1254 ᾅδου

228 1268 275 1293 ex
303 1255 375 1293 hac
406 1253 539 1292 fabula
577 1253 831 1304 desumptum
869 1255 908 1293 et
945 1266 1035 1293 cum
1073 1254 1388 1305 interrogatione
1426 1253 1672 1293 efferendum
1692 1235 1795 1294 est·

229 1312 314 1350 erat
357 1310 463 1350 enim
500 1323 599 1360 quae
636 1310 885 1349 incredibilia
929 1310 1108 1351 audierat
1146 1324 1236 1351 cum
1273 1311 1357 1351 risu
1395 1310 1615 1363 repetentis
1650 1305 1796 1364 ὀβολοῦ

228 1363 374 1419 χίμαιρ’
409 1364 452 1405 ἐν
479 1364 603 1420 ἅδους

988 1478 1043 1520 82

431 1556 654 1613 μάχαιραν
684 1551 762 1613 ἆρ’
795 1558 1036 1613 ἐνέθηκας;
1068 1561 1119 1600 Β.
1152 1558 1223 1604 οὔ.
1257 1562 1310 1602 Α.
1342 1561 1386 1601 τί
1413 1556 1466 1614 μ’
1500 1561 1731 1614 εἴργασαις

433 1624 677 1680 ἄμάχαιρος
707 1625 780 1669 ἐπὶ
809 1625 936 1681 βόεια
967 1625 1172 1683 νοστήσω
1203 1627 1329 1683 κρέα,

433 1691 548 1748 ἀνὴρ
578 1692 738 1749 γε’ρων,
771 1692 1031 1746 ανόδοντος;

344 1776 485 1814 Pollux
524 1777 595 1825 10,
627 1778 679 1815 89
718 1774 814 1816 ὅταν
850 1775 1099 1830 Φερεκράτης
1138 1773 1437 1831 Κραπατάλλοις
1476 1783 1536 1834 φῇ
1575 1773 1798 1832 ’μάχαιραν

234 1847 287 1861 -·
317 1828 543 1879 άνόδοντος’
547 1861 558 1883 ,
602 1829 680 1873 ἀπὸ
726 1839 826 1886 γοῦν
862 1835 929 1886 τῆς
971 1835 1164 1888 μαχαίρας
1201 1834 1269 1876 και
1305 1840 1360 1890 τῷ
1403 1834 1600 1892 μαχαιρίῳ
1640 1834 1709 1877 καὶ
1746 1840 1798 1892 τῇ

233 1887 433 1942 μαχαιρίδι
462 1886 660 1942 χρηστέον.
788 1893 823 1931 1.
863 1889 1080 1944 ἐνέθηκαςς
1122 1894 1167 1934 Β.
1196 1891 1272 1933 -0v'.
1332 1893 1534 1935 Porsonus
1563 1894 1671 1935 Adv.
1713 1894 1796 1934 295

235 1949 275 1986 et
303 1947 442 1986 Elmsl.
501 1946 672 1987 Acharn.
709 1948 806 2000 715]
847 1946 1022 2000 ἐνέθηκα
1059 1961 1142 1989 σου.
1203 1946 1381 2002 νοστήσω
1426 1951 1595 1990 verbum
1632 1953 1695 1991 est
1732 1963 1797 1992 eo-

234 2003 346 2042 micis
376 2004 616 2043 inusitatius.
681 2005 884 2056 Aristoph.
930 2007 1033 2049 Plut.
1067 2010 1149 2048 610
1189 2005 1355 2061 (Bergk.
1394 2008 1443 2047 R.
1477 2020 1509 2048 0.
1547 2009 1636 2048 Att.
1680 2006 1799 2060 296).

236 2060 422 2099 Αο11.29.
450 2060 525 2100 Av.
556 2062 676 2101 1270.
708 2075 796 2101 cum
828 2066 1003 2103 extrema
1032 2065 1154 2105 verba
1183 2066 1226 2104 in
1257 2065 1431 2104 Bekkeri
1460 2065 1614 2105 Anecd.
1645 2065 1792 2116 406,1

237 2114 301 2167 (fr.
334 2113 404 2168 74)
436 2117 661 2157 adferantur
697 2132 745 2158 ex
784 2119 1000 2170 Corianno‚
1040 2122 1263 2162 Meinekius
1298 2122 1503 2162 Pollucem
1542 2122 1651 2173 quod
1690 2122 1799 2162 haud

236 2174 292 2211 ita
320 2185 407 2211 ralo
438 2173 532 2214 feeit
561 2187 710 2215 errasse
741 2178 780 2215 ct
809 2177 883 2216 1100
920 2178 1190 2230 fragmentum
1225 2179 1452 2234 ‚Coriannus
1490 2192 1576 2219 esse
1614 2179 1798 2230 coniecit,

239 2229 557 2280 coniungendam
587 2244 675 2271 eum
704 2233 752 2273 fr.
785 2235 850 2273 74.
909 2235 984 2275 hoc
1014 2237 1048 2276 si
1077 2249 1218 2276 verum
1249 2238 1328 2285 est,
1367 2240 1450 2276 n'on
1485 2236 1802 2277 contemnendus

239 2286 397 2325 videtur
425 2287 715 2329 Herwerdenus
755 2290 849 2333 Obs.
883 2292 970 2331 crit.
1006 2295 1055 2331 11
1088 2294 1196 2343 quod
1233 2267 1347 2332 addit
1383 2294 1668 2345 grammaticus
1697 2293 1800 2332 Bek-

239 2343 324 2381 keri
343 2339 484 2394 ἆλήθει
504 2344 559 2384 sic
580 2349 823 2388 commutans
844 2343 947 2401 ἀνὴρ
968 2346 1096 2403 γέρων
1115 2346 1331 2397 ἅνόδοντος
1352 2347 1429 2389 ων·
1453 2346 1556 2389 ἄλλ’
1589 2347 1800 2393 ἐντίθει.

993 2471 1048 2514 83

392 2543 516 2587 ταῦτ’
548 2547 660 2601 ἔχων
691 2547 742 2591 ἐν
771 2555 867 2600 ταῖς
897 2548 1018 2600 ὁδοῖς
1047 2549 1274 2606 ἁρπαζέτω
1304 2549 1383 2602 τὰς
1414 2550 1639 2608 ἐγκρίδας.

353 2626 579 2669 Athenaeus
611 2630 681 2679 14,
722 2632 837 2671 6450
875 2630 1072 2685 ἐγκρίδες,
1110 2631 1335 2686 πεμμάτιον
1372 2629 1572 2686 εψόμενον
1607 2631 1653 2674 ἕν
1683 2631 1801 2690 §zaim

242 2679 309 2720 καὶ
339 2696 432 2730 μετα
463 2689 574 2723 τοῦτο
602 2686 911 2738 μελιτούμενον.
966 2689 1247 2759 ,Φερεκράτης
1278 2689 1323 2730 ἐν
1352 2688 1670 2744 Κραπατάλλοις.
1707 2673 1802 2744 κρᾶ·

243 2733 448 2786 πατάλλοις
477 2741 525 2791 Β,
555 2742 674 2784 Basil.
704 2745 750 2783 L
781 2746 955 2797 Hesych.
989 2744 1164 2799 ἐγκρίδες
1194 2746 1327 2799 πέμμα
1358 2746 1474 2803 ἐλαίῳ
1505 2746 1708 2799 ἑψόμενον
1734 2745 1804 2788 καὶ

242 2792 527 2846 μελιτούμενον.
586 2802 626 2838 et
663 2797 812 2853 ἐγκρίς·
860 2798 1065 2854 γλύκασμα
1109 2802 1149 2853 ἐξ
1192 2802 1326 2844 ε’λαίου
1355 2788 1514 2858 ὑδαρὲς.
1559 2818 1634 2856 pro
1677 2809 1802 2844 ταῦτα

245 2851 411 2891 fortasse
441 2855 596 2905 scripsit
626 2855 822 2910 σπυρίδ’
856 2861 896 2899 et
925 2873 1020 2900 voce
1050 2858 1150 2912 ἔχων
1179 2862 1407 2901 trimetrum
1436 2861 1685 2903 terminavit.
