1872 3224
783 173 975 207 ΠοΛΕΙΣ
1580 179 1663 221 319

22 263 31 307 ἕ
86 273 177 314 AV.
219 269 430 326 ἆπλήγιος]
463 269 614 322 ἁπλοῦς
656 277 742 315 cod.
775 277 970 328 Bekkeri,
1011 280 1043 319 si
1074 283 1182 320 reete
1212 281 1437 322 Bekkerum
1470 284 1660 324 intellexi.

18 367 26 378 ⁴.
89 333 188 373 ‘non
218 333 397 372 curiosus
425 333 488 372 ille
518 336 583 382 est,
615 335 682 373 sed
710 337 872 384 simplex
901 338 1050 377 nimis'.
1085 338 1247 379 Grotius
1270 340 1365 379 Exc.
1389 342 1483 380 503.

837 447 920 491 223

0 410 37 647 ξ
293 523 460 580 ἄνδρες
491 524 696 581 λογισταὶ
726 529 819 569 τῶν
849 525 1132 573 ὑπευθύνων
1161 534 1310 586 χορῶν

199 609 464 660 Harpocratio
497 611 590 659 121,
624 611 675 650 15
708 608 887 658 Εὔπολις
918 612 1093 653 Πόλεσιν
1122 617 1202 654 κτλ.
1234 612 1502 670 ὑπευθύνων]
1534 613 1660 656 ὑπευ-

83 666 233 706 θυνῶν
271 668 319 706 Α.
364 664 612 706 ἑπευθυνοῖν
648 668 731 708 BG.
772 667 919 722 χορῶν]
958 677 1097 724 χωρῶν
1141 673 1189 712 G.
1222 678 1364 723 χειρῶν
1408 673 1453 714 O.
1488 675 1667 727 λογισταί

83 725 148 764 hie
184 737 267 765 non
306 728 401 764 sunt
438 726 508 776 qui
551 727 712 777 proprie
758 727 995 777 dicebantur
1034 727 1102 781 (ef.
1147 730 1324 770 Schoem.
1358 732 1498 783 Antiq.
1530 730 1611 783 gr.²
1641 733 1661 771 I

83 779 209 835 422),
242 782 313 823 sed
350 783 527 834 quinque
564 784 625 823 illi
662 787 871 835 poetarum
909 786 1080 836 iudices,
1120 788 1265 838 quibus
1303 789 1411 828 chori
1450 790 1562 839 quasi
1600 803 1660 829 ra-

83 841 238 881 tionem
267 840 434 880 reddere
473 841 684 881 debebant.
746 843 796 882 cf.
827 842 1009 884 Phereer.
1053 847 1120 885 96.
1152 845 1345 886 Fritzseh.
1375 846 1532 887 Daetal.
1567 848 1658 886 120.

84 897 232 950 Saupp.
261 897 356 938 Ber.
390 898 428 938 d.
460 899 586 939 saclas.
618 898 710 939 Ges.
742 900 779 939 d.
811 900 934 941 Wiss.
967 902 1076 941 1855
1106 917 1144 954 p.
1178 904 1244 941 11.

835 1013 920 1055 224

291 1092 391 1148 ἐμοὶ
420 1090 508 1147 γὰρ
541 1088 626 1135 οὐκ
659 1090 752 1136 ἔστ’
787 1092 894 1137 οὐδὲ
926 1093 1090 1137 λα’σαν’
1122 1094 1238 1138 ὅπου
1270 1096 1397 1151 χέσω.

196 1175 344 1216 Moeris
377 1177 471 1225 202,
506 1178 562 1216 30
591 1175 768 1216 λάσανον
797 1176 864 1217 καὶ
895 1175 986 1226 τοὺς
1008 1174 1253 1231 χυτρόποδας
1274 1177 1340 1218 καὶ
1362 1176 1452 1226 τοὺς
1474 1179 1656 1233 δίφρους,

81 1228 136 1279 ὥς
167 1230 349 1280 Εὔπολις
382 1232 558 1273 Πόλεσιν
587 1237 668 1273 κτλ.
702 1231 845 1274 λάσαν’
879 1234 1065 1290 Raspius]
1106 1234 1295 1276 λάσανον.
1344 1236 1559 1277 Civitatem
1590 1239 1658 1277 ali-

81 1304 202 1341 quam
233 1291 292 1330 ita
322 1304 363 1330 se
394 1291 703 1332 Atheniensium
743 1294 935 1333 aviditate
973 1295 1205 1334 exhaustam
1244 1307 1328 1333 esse
1366 1295 1498 1344 queri,
1530 1298 1577 1334 ut
1605 1309 1655 1335 ne

78 1348 218 1388 laeana
247 1349 410 1399 quidem
446 1349 594 1388 habeat
631 1351 680 1389 ad
720 1354 902 1391 ventrem
939 1352 1176 1400 levandum,
1216 1352 1386 1402 Raspius
1424 1347 1514 1405 (89)
1555 1354 1656 1392 arbi-

78 1407 223 1445 tratur.
256 1407 306 1446 cf.
340 1407 390 1448 fr.
424 1408 518 1448 225.
549 1410 592 1447 at
621 1409 771 1460 singuli
802 1409 1013 1448 choreutae
1044 1410 1140 1448 talia
1178 1422 1258 1449 non
1298 1409 1429 1448 solent
1466 1411 1654 1460 proferre.

834 1521 918 1563 225

879 1601 995 1644 κακοὶ
1027 1602 1180 1644 τοιάδε

286 1667 541 1725 πάσχουσα,
573 1669 686 1726 μηδὲ
719 1671 891 1724 πρᾶσιν
921 1671 1052 1722 αἰτῶ;

193 1752 339 1792 Pollux
371 1755 413 1800 7,
457 1755 508 1793 13
541 1749 565 1792 ὃ
601 1751 645 1792 δὲ
684 1753 725 1793 οἵ
758 1758 837 1793 νῦν
874 1764 975 1804 φασι
1012 1751 1105 1801 τοὺς
1144 1750 1295 1799 οἰκέτας
1332 1758 1481 1804 πρᾶσιν
1517 1753 1655 1802 αἰτεῖν,

78 1807 187 1848 ἔστιν
216 1806 354 1859 εὑρεῖν
387 1841 395 1850 .
419 1841 428 1849 .
453 1841 462 1850 .
495 1808 539 1849 ἐν
569 1814 656 1858 ταῖς
694 1804 921 1859 Εὐπόλιδος
954 1810 1128 1851 Πόλεσιν
1165 1814 1246 1852 κτλ.
1303 1807 1404 1861 μηδὲ
1433 1809 1653 1863 Bekkerus]

78 1862 186 1909 οὐδὲ.
243 1869 346 1908 talia
382 1881 565 1918 perpessa
602 1882 652 1908 ‘ne
689 1871 802 1910 alteri
839 1871 993 1919 quidem
1030 1871 1186 1909 domino
1225 1872 1269 1908 ut
1305 1869 1444 1908 tradar
1465 1870 1655 1918 poscam?

78 1925 127 1963 ef.
160 1925 425 1966 Schoemann.
458 1926 598 1977 Antiq.
630 1924 712 1978 gvi-‚²
742 1927 763 1966 I
793 1928 874 1966 362
907 1930 948 1966 et
977 1927 1036 1966 De
1068 1940 1167 1966 com.
1197 1926 1344 1965 Athen.
1377 1926 1529 1976 403sq.
1561 1925 1652 1964 Ari·
1788 1942 1801 1997 f

79 1983 220 2036 steph„
239 1983 316 2034 Eq.
352 1985 584 2030 1312veum
614 1984 783 2035 interpr.
823 1984 919 2023 haec
948 1997 1104 2034 quoque
1139 1983 1354 2024 Civitatem
1392 1983 1568 2033 aliquam
1599 1983 1654 2021 di—
1730 1985 1789 2039 Υ,

79 2052 166 2080 cere
197 2037 398 2115 ‘'Qissmssur
416 2041 613 2091 Raspius.
1260 2064 1263 2067 -
1769 2058 1775 2071 ι

829 2153 913 2196 226

285 2233 361 2276 καὶ
391 2233 587 2277 Χαόνων
618 2233 692 2277 καὶ
723 2232 942 2277 Παιόνων
973 2233 1049 2276 καὶ
1079 2232 1344 2287 Μαρδόνων

193 2318 421 2370 Stephanus
451 2318 550 2369 Byz.
584 2315 815 2371 Μαρδόνες.
847 2314 1110 2370 ἠπειρωτικὸν
1138 2314 1271 2362 ἔθνος.
1301 2313 1481 2361 Εὔπολις
1504 2311 1651 2352 Πόλεσι

77 2378 159 2418 κτλ.
189 2377 408 2416 Herodian.
440 2375 559 2425 125,
594 2377 618 2415 5
650 2376 790 2415 Lentz.
830 2376 878 2414 de
908 2375 1080 2414 trimetri
1118 2375 1243 2412 forma
1274 2373 1443 2422 Raspius
1481 2371 1649 2410 conferri

78 2434 191 2474 iubet
220 2434 427 2485 Aristoph.
459 2433 559 2473 Aeh.
593 2435 657 2473 31.
688 2434 779 2472 Pae.
813 2434 907 2472 291.
958 2433 1173 2472 Mardones
1202 2432 1405 2481 praeterea
1435 2442 1515 2468 non
1546 2441 1649 2467 com—

77 2493 292 2531 memorari
321 2492 480 2532 monuit
509 2491 746 2531 Meinekius.

829 2591 911 2633 227

286 2671 402 2716 ἄνευ
432 2674 729 2715 καλαθίσκων
760 2671 835 2714 καὶ
866 2670 1024 2725 πόρων
1054 2667 1128 2712 καὶ
1159 2669 1333 2723 πηνίων

198 2756 344 2796 Pollux
366 2758 405 2805 7,
428 2757 481 2796 29
513 2754 695 2808 τάλαρος,
726 2753 794 2793 καὶ
822 2752 944 2801 ἄλλος
974 2751 1231 2801 καλαθίσκος,
1263 2746 1488 2796 Εὐπόλιδος
1519 2745 1649 2787 εἰπόν-

85 2826 149 2860 τος
182 2811 227 2852 ἐν
257 2809 434 2853 Πόλεσιν
473 2816 554 2854 κτλ.
585 2809 743 2867 πόρων]
781 2810 919 2851 πόκων
956 2811 1190 2850 Meinekius.
1251 2807 1552 2858 praeferendum
1593 2806 1646 2844 vi-

78 2870 196 2910 detur
226 2868 461 2923 ταλάρων.
