1872 3224
224 181 308 223 230
861 175 1162 211 ΕΤΠΟΔΙΔΟΣ

226 284 348 339 ὅρκου
386 282 430 323 τὸ
464 281 616 335 σπέρμα
648 280 773 332 φασὶν
803 278 1026 334 εὑρῆσθαι·
1066 275 1114 319 οὐ
1144 294 1221 332 γαρ
1250 277 1304 331 μὰ
1336 273 1411 331 τὴν
1437 282 1519 319 κτλ.
1570 280 1622 321 ad
1651 281 1801 323 Demos

225 346 331 384 recte
360 342 518 382 rettulit
548 338 1303 389 Ῡο1011011001.Ι)101;1·.252.10(11111;ι11·
1333 338 1537 379 Miltiades
1567 334 1637 393 (of.
1657 338 1800 380 Elmsl.
1814 366 1815 369 =

226 401 331 440 Med.
353 414 390 450 p.
417 398 535 450 1416)·
558 398 738 437 imitatur
754 399 887 436 autem
906 396 1074 446 Eupolis
1093 396 1231 446 Eurip.
1245 395 1350 434 Med.
1361 396 1458 435 394.
1474 396 1570 436 397.
1602 396 1652 439 of.
1670 395 1798 448 Toup.
1838 419 1840 422 ·

228 459 270 498 in
300 457 470 507 Longin.
502 456 715 506 propterea
744 454 911 494 retinuit
939 449 1125 505 αλγυνεῖ,
1154 453 1323 493 verbum
1355 453 1517 493 comicis
1547 453 1798 495 inusitatum

228 515 365 554 Cobet.
397 513 541 552 Mnem.
573 511 630 551 XI
663 513 759 551 246.
811 510 1317 556 01.1)011108111.18,2Ο8
1354 506 1409 560 μὰ
1441 523 1532 558 τους
1565 509 1802 565 Μαραθωνι

226 568 643 622 προκινδυνεύσαντας
674 568 754 607 τῶν
788 566 1011 634 προγόνων.
1053 568 1256 619 ‘graviter
1287 568 1479 620 ulciscar,
1507 569 1542 608 si
1571 569 1661 620 quis
1698 581 1801 624 quae
1852 608 1853 611 ,

227 641 300 679 ego
331 629 467 678 paravi
488 627 643 667 civitati
665 627 837 666 decora'
827 626 989 677 ignavia
1017 625 1329 665 dehonestabit?
1352 625 1523 666 Meinek.

989 737 1039 779 91

429 827 527 864 NIK.
559 821 654 868 πῶς
683 815 770 872 γὰρ
803 816 963 871 ἐγένου
995 817 1190 868 ὃίκαιοςς
1249 834 1273 860 *
1330 835 1353 860 *
1411 835 1435 861 *

431 895 586 930 ΑΡΙΣΤ.
618 883 645 942 ἡ
677 885 761 942 μὲν
792 884 929 940 φύσις
958 884 1008 928 τὸ
1040 885 1252 941 μέγιστον
1283 877 1357 942 ἦν,
1389 888 1542 930 ἔπειτα
1572 886 1623 930 δὲ

435 953 558 1012 κάγώ
591 954 841 1010 προθύμως
870 957 926 1011 τῇ
956 954 1095 1010 φύσει
1127 955 1494 1011 συνελάμβανον.

340 1051 514 1091 Galenus
546 1050 603 1089 VI
634 1051 718 1090 530
749 1050 884 1090 Chart.
918 1046 939 1089 6
972 1047 1153 1097 Εὔπολις
1192 1047 1450 1101 ἕρωτωμενον
1481 1047 1805 1104 Ἀριστείδην

228 1101 299 1147 τὸν
335 1106 492 1147 δίκαιον
530 1104 608 1146 ὑπὸ
649 1112 720 1146 τοῦ
758 1108 805 1146 Ν
812 1107 937 1156 ικια
980 1122 1035 1155 ως
1074 1105 1212 1174 ἐγένου
1243 1107 1417 1157 δίκαιος,
1459 1106 1565 1148 οὕτω
1595 1105 1806 1179 afluenti&

227 1161 544 1233 ἀποκρινόμενον
575 1163 780 1215 ἐποίησεν·
811 1161 836 1216 ἡ
867 1163 941 1216 μὲν
971 1163 1096 1215 φύσις
1127 1159 1170 1204 τό
1200 1163 1412 1219 μέγιστον,
1452 1163 1587 1206 ἔπειτα
1617 1163 1663 1207 δὲ
1691 1162 1803 1221 κᾶγω

228 1221 302 1274 τὴν
340 1234 467 1272 φυσιν
509 1220 729 1273 προθύμως
766 1219 1082 1275 συνελάμβανον.
1127 1215 1186 1273 ἦν
1223 1224 1382 1264 addidit
1417 1227 1460 1263 et
1498 1221 1721 1277 προθύμως
1756 1223 1805 1281 τῇ

229 1290 349 1330 φυσει
378 1281 538 1331 scripsit
569 1280 804 1320 Meinekius.
835 1280 941 1319 idem
971 1281 1019 1319 ad
1042 1280 1190 1321 Demos
1210 1281 1382 1330 rettulit,
1411 1282 1473 1320 cui
1495 1282 1662 1334 obsequi
1680 1282 1805 1332 malui

231 1351 351 1389 quam
372 1338 566 1376 Muellero
589 1337 872 1388 Strubingensi
894 1338 1102 1390 Aristoph.
1126 1339 1207 1378 287
1222 1339 1313 1378 adn.
1345 1339 1506 1379 videtur
1524 1339 1652 1392 igitur
1669 1339 1806 1381 Nicias

229 1397 420 1446 quattuor
449 1395 541 1434 illos
572 1394 621 1433 ab
651 1395 790 1435 inferis
820 1396 1024 1435 excitasse.

433 1583 483 1627 τὸ
514 1582 600 1640 γὰρ
632 1586 811 1628 δίκαιον
843 1587 1077 1642 πανταχοῦ
1109 1588 1385 1643 φυλακτέον.

348 1667 481 1709 Orion.
513 1669 650 1708 Floril.
681 1668 739 1708 VI
769 1670 838 1722 49,
872 1672 926 1710 10
956 1667 999 1709 ἐκ
1030 1675 1111 1710 τῶν
1143 1669 1296 1724 Δήμων
1326 1668 1566 1720 Εὐπόλιδος.
1598 1673 1721 1714 verbs
1747 1673 1807 1716 vi·
1832 1651 1836 1654 ι

234 1727 381 1766 dentur
411 1728 480 1765 aut
510 1726 701 1765 Aristidis
732 1739 818 1766 esse
849 1730 920 1767 aut
950 1740 1041 1767 cum
1072 1728 1251 1769 Aristide
1282 1730 1572 1782 conloquentis.

997 1838 1051 1881 93

436 1915 462 1960 ὅ
491 1933 533 1960 τι
565 1931 650 1973 περ
681 1917 935 1974 κεφάλαιον
966 1921 1059 1961 τῶν
1089 1918 1301 1963 κάτωθεν
1329 1919 1510 1976 ἤγαγες.

346 2001 583 2041 Plutarchus
620 2001 762 2040 Pericl.
796 2004 820 2041 3
860 1998 882 2040 ὁ
918 1998 955 2039 δ’
998 1999 1179 2050 Εὔπολις
1218 2001 1261 2042 ἐν
1300 2007 1380 2051 τοῖς
1411 2000 1562 2057 Δήμοις
1591 2002 1807 2045 πυνθανό-

234 2071 351 2105 μενος
381 2055 471 2109 περὶ
501 2055 668 2096 ἑκάστου
700 2062 781 2097 τῶν
809 2055 1125 2112 ἀναβεβηκότων
1155 2058 1193 2109 ἐξ
1223 2058 1368 2102 Ἀιὸου
1399 2061 1664 2130 δημαγωγοῦν,
1700 2057 1756 2110 ὥς
1785 2057 1808 2103 ὅ

237 2115 434 2166 Περικλῆς
465 2109 669 2165 ὠνόμαστο
708 2118 994 2165 τελευταῖος
1024 2114 1051 2157 δ’
1080 2131 1116 2156 τι
1145 2131 1218 2170 περ
1248 2121 1329 2158 κτλ.
1361 2121 1418 2160 810
1447 2116 1484 2166 δ’,
1489 2133 1525 2158 τι
1552 2133 1626 2172 περ
1646 2114 1806 2170 ἐσθλόν,

232 2168 255 2210 ὅ
261 2185 384 2223 ,τιπερ
412 2169 556 2221 ὄφελος
577 2172 717 2212 Attici.
751 2173 891 2213 Cobet.
914 2175 959 2216 V.
981 2174 1030 2214 1.²
1051 2175 1147 2214 312.
1179 2176 1348 2228 Aristop
1350 2177 1387 2217 h.
1410 2177 1518 2218 Eccl.
1541 2178 1608 2219 56.
1640 2176 1807 2218 Lucian.

234 2229 411 2279 Philops.
444 2230 467 2268 6
498 2226 531 2276 6,
536 2242 571 2267 τι
600 2243 672 2280 περ
704 2227 747 2269 τὸ
777 2227 996 2280 κεφάλαιον
1015 2227 1113 2272 αὐτὸ
1135 2229 1176 2282 ἕξ
1205 2230 1370 2285 ἑκάστης
1398 2231 1666 2301 προαιρέσεως
1686 2230 1808 2287 (scho-

235 2283 337 2338 lae),
383 2284 608 2336 αἰδεσίμους
646 2284 827 2335 ἅπαντας
873 2286 940 2328 καὶ
976 2287 1191 2341 μονονουχὶ
1229 2288 1428 2343 φοβεροὺς
1475 2288 1550 2342 τὴν
1587 2287 1808 2344 πρόσοψιν.

238 2343 404 2382 fortasse
435 2347 611 2382 extrema
640 2346 761 2385 verba
791 2359 838 2384 ex
867 2346 1066 2397 Eupolide
1096 2349 1306 2397 expressit.
1337 2361 1434 2388 voce
1454 2345 1674 2398 κεφάλαιον
1703 2348 1806 2400 capi-

238 2400 288 2439 tis
335 2400 499 2439 Periclei
545 2402 861 2452 magnitudinem
907 2404 1116 2455 significat.
1173 2405 1414 2445 Mercurium
1459 2403 1735 2458 ψυχοπομπόν
1783 2419 1808 2447 a

239 2458 372 2496 nescio
410 2470 489 2507 quo
531 2458 722 2523 adpellari
758 2460 1016 2501 Hermannus
1055 2461 1200 2512 Opusc.
1231 2461 1269 2499 V
1301 2462 1382 2501 292
1412 2463 1620 2505 indicavit.
1669 2476 1806 2515 quam-

238 2526 356 2563 quam
399 2515 663 2554 necessarium
708 2517 750 2555 id
788 2518 950 2567 quidem
988 2531 1069 2558 non
1106 2521 1188 2558 est:
1227 2532 1322 2558 nam
1362 2520 1404 2558 in
1441 2520 1564 2559 Ranis
1601 2518 1807 2572 Dionysus

238 2570 479 2620 Aeschylum
519 2571 568 2609 ad
606 2585 767 2623 superos
811 2574 980 2614 reducit.
1028 2578 1207 2615 ceterum
1244 2589 1333 2615 cum
1371 2576 1569 2617 Aristides
1615 2576 1806 2628 sophista,

240 2627 351 2665 cuius
380 2628 502 2666 verba
531 2641 650 2678 supra
679 2631 979 2680 exscripsimus,
1019 2635 1209 2682 quattuor
1245 2635 1429 2672 veterum
1465 2634 1692 2684 principum
1732 2634 1808 2673 rei-

238 2683 418 2732 publicae
449 2684 497 2721 sb
527 2685 666 2724 inferis
696 2688 885 2727 excitatos
924 2701 1022 2737 esse,
1061 2689 1299 2729 Plutarchus
1330 2693 1577 2739 postremum
1613 2691 1807 2730 Periclem

239 2740 450 2779 revertisse
479 2744 627 2791 narret,
661 2743 838 2794 singulos
857 2745 1068 2810 'dein-ceps,
1090 2758 1172 2784 non
1194 2747 1425 2786 coniunctos
1455 2759 1594 2787 omnes
1622 2747 1807 2787 inductos

241 2809 325 2835 esse
363 2797 544 2847 adparet,
583 2801 699 2849 atque
737 2802 889 2850 primus
933 2802 1018 2840 sine
1063 2802 1187 2841 dubio
1225 2802 1372 2851 Solon,
1417 2802 1561 2842 deinde
1591 2802 1804 2853 Miltiades,

240 2855 333 2904 post
362 2853 467 2894 hune
495 2854 691 2895 Aristides
719 2858 967 2909 prodierunt.
