1872 3224
642 199 921 233 APXIAOXOI
946 199 1212 233 BOTKOAOI
1672 199 1723 240 17

245 304 478 344 Athenaeus
520 305 593 351 14,
628 305 746 344 638f
779 302 951 344 σκώπτει
990 301 1033 343 δὲ
1078 300 1207 343 αὐτὸν
1244 302 1528 356 (Gnesippum)
1571 303 1627 351 εἰς
1674 301 1720 342 τοὶ

130 358 333 414 ποιήματα
362 360 432 401 καὶ
462 359 507 401 ἐν
538 360 768 409 Βουκόλοις.
817 365 852 404 1.
873 359 1092 412 Σοφοκλέει
1121 360 1265 415 Mein.]
1300 363 1514 413 Σοφοκλεῖ.
1546 363 1595 401 cf.
1619 375 1722 412 quae

133 420 326 460 adnotavi
347 421 397 459 ad
418 420 543 459 Arist.
565 420 642 471 Eq.
666 421 762 459 283.
794 421 940 470 quibus
970 420 1073 460 addo
1094 420 1221 460 Arist.
1245 421 1322 460 Av.
1349 421 1458 459 1295
1484 416 1723 471 (Φιλοκλέει,

46 477 51 480 ’
134 479 215 518 567
243 473 456 528 Ἡρακλέει
487 478 531 517 in
561 475 827 531 anapaestis),
858 478 1007 528 Eupol.
1045 478 1125 518 100
1167 474 1440 530 (Περίκλεες),
1473 478 1554 516 212
1587 473 1724 530 (Ἱερό-

31 506 52 542 ἶ
132 534 278 588 uices),
307 536 483 575 Leucon.
520 538 538 574 1
576 531 864 590 (Μεγάκλεες),
904 536 1061 575 Alexid.
1095 536 1163 587 25,
1198 537 1248 574 12
1281 532 1551 588 (Περικλέης),
1583 535 1725 574 Kirch-

41 599 65 618 ²
127 593 222 633 -hoff
245 593 374 633 Inscr.
405 593 496 632 Att.
528 593 606 645 45,
641 595 662 632 1
698 590 965 645 (Προκλέης),
998 594 1074 643 45,
1109 594 1132 632 7
1172 591 1493 647 (Θρασυκλέης),
1530 594 1623 642 172,
1657 593 1725 632 3b

92 654 94 656 ’
134 648 417 703 (Μενεκλέης).
480 651 517 689 2.
549 649 785 702 Κλεομάχου
817 651 939 690 Dobr.
971 651 1100 690 Arist.
1133 651 1235 690 Ran.
1270 639 1398 714 173'37]
1431 644 1659 704 Κλεομάχῳ.

252 722 342 749 cum
374 709 609 748 Athenaeus
642 709 728 761 (14,
762 710 844 748 638
868 709 892 747 d
925 709 1002 761 sq.)
1037 709 1085 748 de
1124 708 1330 759 Gnesippo
1366 709 1611 748 lascivorum
1643 722 1725 748 car-

133 766 290 806 minum
321 769 482 806 auctore
524 764 871 819 (παιγνιαγράφον
909 771 980 818 τῆς
1020 765 1160 818 ἱλαρᾶς
1199 762 1370 817 μούσης)
1411 768 1594 806 veterum
1629 767 1725 805 scri-

132 826 298 876 ptorum
320 825 554 864 testimonia
575 825 730 864 adferat
751 825 888 875 eisque
918 825 1056 874 inepte
1079 823 1309 864 Cleomachi
1330 826 1535 874 tamquam
1558 824 1724 863 alterius

133 884 280 933 poetae
310 883 463 921 mentio
493 883 790 933 interponatur,
824 882 1002 921 dubitari
1031 895 1114 921 non
1144 883 1283 932 potest
1322 882 1420 932 quin
1458 883 1570 921 recte
1598 881 1723 931 Berg-

133 939 226 980 kius
257 938 324 993 (R.
357 953 390 980 c.
421 940 511 979 Att.
535 937 608 993 33)
640 940 817 979 Dobraei
848 939 1130 979 emendatione
1160 953 1197 978 v.
1224 941 1246 977 2
1278 941 1441 990 recepta
1471 939 1724 989 Gnesippum

134 999 296 1049 poetam
336 997 566 1037 Cleomachi
603 998 731 1038 filium
770 998 896 1038 fuisse
933 998 1136 1037 statuerit.
1175 998 1226 1037 cf.
1270 997 1454 1037 Chionid.
1493 998 1532 1036 4.
1574 996 1725 1036 Cratin.

136 1057 206 1095 97.
240 1057 338 1096 256.
371 1056 517 1106 Eupoi.
553 1056 653 1104 139,
686 1061 896 1106 praeterea
931 1058 1064 1095 autem
1105 1055 1251 1095 Telecl.
1286 1056 1351 1094 16.
1383 1057 1453 1106 qui
1490 1067 1726 1095 commemo-

137 1115 254 1152 ratur
293 1113 522 1164 Gnesippus
559 1113 821 1153 Atheniensis
859 1114 965 1164 apud
1002 1114 1102 1154 Xen.
1141 1113 1275 1152 Anab.
1309 1115 1354 1157 7,
1388 1115 1434 1165 3,
1468 1113 1522 1152 28
1557 1111 1723 1163 (Athen.

132 1171 172 1219 4,
208 1173 285 1210 151
311 1170 363 1222 c),
395 1172 502 1210 idem
533 1184 620 1210 esse
650 1185 732 1211 non
762 1173 913 1222 potest.
973 1171 1211 1222 indignatur
1242 1173 1376 1210 autem
1407 1173 1528 1221 poeta
1558 1171 1724 1210 archon-

131 1230 214 1268 tem
237 1229 308 1279 qui
330 1228 519 1279 Sophocli
546 1230 731 1279 poscenti
762 1230 925 1268 chorum
946 1241 1028 1268 non
1051 1229 1217 1277 dederit,
1242 1227 1446 1279 Gnesippo
1468 1229 1724 1277 concessisse,

131 1286 278 1336 ‘quem’
311 1287 446 1337 inquit
477 1286 560 1337 ‘eqo
588 1288 624 1326 si
653 1288 844 1337 chorayus
874 1299 995 1327 essem
1024 1288 1166 1327 nollem
1194 1286 1320 1335 mihi’,
1353 1286 1378 1328 i.
1399 1299 1431 1326 e.
1454 1299 1519 1325 me
1550 1286 1723 1337 chorago

133 1343 283 1384 ‘docere
311 1356 362 1384 ‘ne
390 1343 562 1384 Adoniis
592 1346 780 1394 quidem'.
841 1345 899 1384 ita
937 1345 1070 1393 enim,
1110 1357 1193 1384 non
1231 1346 1278 1383 ut
1312 1344 1556 1384 Fritzschius
1594 1344 1726 1384 voluit

133 1398 282 1454 (Arist.
313 1402 415 1441 Ran.
447 1415 485 1452 p.
511 1399 597 1455 57),
629 1403 726 1442 haec
756 1402 1063 1453 interpretanda
1094 1404 1201 1442 sunt.
1262 1415 1357 1441 nam
1379 1402 1528 1442 archon
1559 1401 1722 1441 chorum

132 1459 216 1510 dat,
247 1460 446 1511 choragus
488 1460 724 1510 adparatum
764 1461 967 1500 choricum
1005 1460 1191 1510 praebet,
1233 1462 1353 1510 poeta
1390 1459 1569 1499 fabulam
1607 1459 1724 1499 docet

132 1517 197 1557 vel
229 1517 451 1557 docendam
483 1520 597 1557 curat
636 1520 676 1557 et
712 1531 802 1557 cum
843 1518 1015 1569 chorago
1055 1520 1126 1557 aut
1162 1518 1291 1558 vincit
1328 1519 1397 1557 aut
1434 1518 1622 1557 vincitur.
1671 1517 1722 1556 cf.

130 1575 256 1614 Arist.
280 1576 355 1615 Av.
381 1576 490 1615 1406
513 1589 604 1615 cum
625 1576 791 1627 interpr.
812 1598 868 1604 --
889 1575 1052 1616 Adonia
1073 1589 1096 1614 a
1116 1576 1352 1615 mulieribus
1374 1576 1631 1626 potissimum
1662 1587 1722 1614 ce-

129 1632 297 1678 lebrata,
330 1646 377 1671 ex
407 1633 506 1673 Asia
535 1634 578 1672 in
610 1632 818 1673 Graeciam
849 1634 1058 1682 translata,
1091 1633 1283 1673 mollibus
1305 1635 1346 1672 et
1366 1633 1606 1672 effeminatis
1638 1645 1721 1672 cae-

130 1691 312 1730 rimoniis
342 1691 521 1742 insignia
551 1693 678 1731 erant.
740 1692 866 1731 Arist.
899 1692 995 1743 Lys.
1020 1693 1117 1731 389.
1149 1691 1257 1730 Plut.
1281 1691 1415 1730 Alcib.
1441 1692 1505 1730 18.
1538 1691 1627 1730 Nic.
1653 1691 1719 1729 13.

406 1907 458 1950 ἐν
489 1906 608 1963 Καρὶ
638 1904 721 1950 τόν
751 1907 974 1950 κίνδυνον
1007 1906 1059 1950 ἐν
1091 1906 1190 1963 ἐμοὶ
1222 1905 1277 1963 δὴ
1310 1907 1441 1950 δοκεῖ

405 1974 569 2034 πρώτῳ
600 1978 920 2031 πεπειρᾶσθαι.

246 2071 380 2112 Schol.
425 2071 585 2111 Platon.
631 2071 759 2111 Bekk.
807 2072 888 2110 322
937 2071 1136 2123 Κρατῖνος
1169 2069 1399 2118 Βουκόλοις,
1445 2072 1719 2124 πεπειρᾶσθαι

130 2127 326 2179 Meinek.]
357 2131 596 2181 πειρᾶσθαι.
650 2131 712 2168 ‘in
739 2142 800 2168 me
830 2133 1024 2179 tanquam
1053 2131 1098 2168 m
1127 2130 1196 2168 vili
1226 2131 1349 2178 capite
1379 2131 1558 2169 omm'um
1580 2132 1716 2179 primo

122 2187 347 2235 periculum
382 2186 518 2234 fecisse
555 2186 722 2226 videtur'
756 2186 1055 2226 Herwerdenus
1095 2182 1212 2241 (obs.
1244 2187 1333 2226 crit.
1366 2188 1408 2226 in
1440 2188 1585 2238 fragm.
1617 2201 1716 2227 com.

130 2257 190 2294 gr,
214 2244 255 2283 3.
277 2240 336 2296 4),
367 2244 442 2283 hoc
471 2257 629 2295 quoque
658 2245 886 2295 fragmento
915 2244 1147 2284 archontem
1174 2245 1307 2284 notari
1329 2245 1530 2285 coniciens
1553 2245 1718 2295 Cratino

131 2301 322 2341 invisum.
384 2301 533 2341 Zenob.
558 2303 596 2351 3,
621 2303 674 2342 59
707 2299 767 2340 εέν
788 2299 894 2354 Καρὶ
924 2299 994 2340 τὸν
1023 2297 1235 2341 κίνδυνον’
1271 2299 1349 2341 ἐπὶ
1380 2302 1475 2341 τῶν
1506 2300 1558 2341 ἐν
1589 2299 1717 2342 εὐτε-

130 2354 239 2396 λέσι
274 2358 336 2408 (in
357 2371 513 2409 corpore
532 2361 614 2409 vili)
646 2357 736 2411 τὴν
767 2362 952 2411 πεῖραν
981 2356 1311 2411 ποιουμένων.
1373 2359 1505 2411 Κᾶρες
1525 2352 1599 2412 γὰρ
1622 2357 1716 2411 ἐμι-

101 2429 103 2431 ’
131 2411 430 2468 σθοφόρουν
458 2422 661 2470 πρῶτοι.
723 2418 909 2457 similiter
939 2417 1116 2468 Hesych.
1149 2415 1194 2456 ἐν
1223 2416 1341 2469 Καρί.
1374 2418 1422 2457 cf.
1455 2418 1625 2456 Philem.
1652 2420 1716 2459 18.

130 2473 226 2513 Eur.
260 2473 371 2524 Cycl.
406 2475 501 2513 654.
534 2474 617 2514 Cio.
647 2475 779 2515 Flacc.
815 2476 880 2523 27,
914 2476 966 2515 65
998 2487 1130 2514 nonne
1159 2475 1233 2514 hae
1258 2478 1387 2515 vestra
1415 2487 1502 2515 voce
1521 2477 1718 2526 volqatum

130 2534 194 2578 est,
225 2533 261 2570 si
292 2532 387 2580 quid
416 2528 504 2572 c'um
526 2534 701 2582 periculo
731 2534 897 2582 experiri
917 2534 1023 2581 velis,
1054 2534 1107 2571 ἐκ
1139 2532 1263 2572 Care
1291 2534 1334 2571 id
1356 2534 1609 2582 potissimum
1639 2545 1718 2572 esse

131 2587 390 2635 faciendum?

906 2679 956 2721 17

407 2756 484 2800 καὶ
514 2756 628 2813 πρὸς
657 2757 739 2801 τὸν
769 2756 973 2813 οὐρανὸν
1004 2769 1128 2800 σκια-

404 2826 561 2882 μαχῶν
591 2825 697 2870 ἄπο-

404 2897 616 2938 κτίννυσι
646 2902 744 2947 ταῖς
773 2893 990 2945 ἀπειλαῖς.

201 2969 318 2995 Comici
339 2970 443 3001 graeei
464 2970 509 2997 ed.
529 2971 588 2996 Th.
610 2971 725 2997 Kock.
744 2972 767 2997 Ι.
1417 2968 1438 2999 2
