1872 3224
231 196 286 238 84
872 183 1124 220 KPATINO'I'

231 299 385 351 πρῶτον
420 294 602 347 Porson.]
642 298 788 345 πρῶτα.
834 289 1051 329 Meinekius
1089 289 1225 333 πρῶτα
1263 281 1336 335 μὲν
1371 277 1468 322 οὖν·
1514 271 1785 340 Διειτρᾷᾦὴ

232 357 370 406 scripsi
413 367 483 404 pro
526 356 647 400 Διιτρ.
699 351 746 388 ef.
787 361 883 398 quae
922 344 1200 384 adnotavimus
1239 342 1288 380 ad
1322 340 1532 390 Aristoph.
1571 340 1648 380 Av.
1689 336 1785 382 ἴθῦι
1832 367 1834 369 -

231 414 387 452 nomina
416 411 523 448 uncis
554 408 722 455 inclusa,
755 418 852 455 quae
890 404 1122 442 tetrametro
1153 398 1426 449 anapaestico,
1465 400 1512 436 ut
1543 394 1784 439 volebafflfil

231 470 495 513 Hermannus,
547 462 834 503 adcommodari
879 473 959 499 non
1004 460 1190 509 possunt,
1247 455 1482 495 scholiastae
1532 466 1619 494 esse
1675 454 1784 495 recto

232 525 417 564 iudicavit
446 523 650 561 Hanovius
681 521 818 558 Exere.
851 518 938 556 crit.
962 518 1027 555 59.
1059 515 1169 554 cuius
1200 514 1258 552 rei
1288 513 1395 551 aliud
1426 511 1655 562 exemplum
1684 510 1783 558 Diu-

231 582 376 621 dorfius
419 580 546 618 adfert
589 579 631 616 in
671 576 799 615 Schol.
840 573 1044 622 Aristoph.
1082 571 1189 611 Nub.
1231 571 1311 609 997
1352 568 1562 620 Eupolidis
1599 566 1785 629 versibus
1839 625 1842 630 -

229 637 483 688 Hippocratis
513 635 684 674 filiorum
712 633 872 671 nomina
910 630 1121 680 adscripta.
1166 623 1338 678 ἀπάγειν
1374 626 1544 666 verbum
1573 625 1785 686 propriant

229 698 289 734 est
318 696 362 734 de
392 693 625 733 abducendis
653 693 698 730 ‘m
725 691 913 729 iudicium
941 688 998 726 vel
1027 689 1072 725 in
1100 686 1260 725 vincula
1288 686 1376 723 reis.
1410 683 1532 734 Soph.
1562 682 1662 723 Ant:
1683 680 1785 724 3825

229 751 383 790 Alexid.
417 752 482 798 77,
514 751 552 788 8.
597 749 685 795 124,
719 749 755 786 6.
802 745 1034 784 nautodicae
1074 745 1209 781 autem
1249 739 1321 793 (of.
1360 739 1565 791 Aristoph.
1601 739 1652 781 fr.
1685 739 1783 781 2252

232 809 487 847 Schoemann.
518 807 613 844 Ant.
644 801 721 855 gr.2
754 803 774 842 I
803 798 903 854 491)
935 801 982 840 de
1013 801 1068 840 eis
1098 799 1356 847 iudicabant,
1395 798 1466 849 qui
1503 799 1546 837 in
1576 796 1783 843 civitam
1855 822 1861 826 ›

230 865 405 903 Atticam
435 877 475 902 se
505 863 768 909 intrusissent,
800 863 845 898 ut
875 862 1007 898 tamen
1038 857 1107 896 ubi
1137 869 1248 895 reum
1278 855 1545 895 accusandum
1577 867 1663 895 esse
1680 856 1783 913 'cen-³

233 922 421 971 suissent,
452 933 513 958 res
544 919 592 957 ad
621 918 875 956 heliastarum
905 915 1094 954 iudicium
1126 914 1360 952 deferretur.
1399 913 1537 963 itaque
1568 911 1787 952 Cratinus!-

230 991 275 1016 ac
296 979 471 1026 primum
500 977 650 1025 quidem
685 988 710 1014 a
738 974 955 1013 nautodicis
991 973 1044 1012 ad
1078 973 1262 1011 helmstas
1298 973 1342 1010 ut
1372 970 1670 1020 pereyrinitatis
1696 972 1784 1016 reo}
1867 993 1872 1003 ι

229 1036 373 1073 abduco
395 1034 539 1072 Pisiam
561 1034 631 1071 cet.
658 1032 703 1069 de
733 1032 846 1070 Pisia
867 1030 1035 1069 diximus
1058 1031 1133 1069 Av.
1158 1029 1258 1076 766,
1295 1027 1343 1067 de
1363 1027 1567 1078 Diitrephe
1587 1026 1784 1068 Avswea
1864 1071 1872 1078 ,

233 1091 445 1140 Osphyonis
473 1102 616 1129 nomen
644 1089 826 1139 ignotum
856 1090 930 1127 est.

952 1174 1037 1217 234

620 1255 664 1306 ἐξ
695 1253 952 1310 ἀσαμίνθου
983 1251 1168 1305 κύλικος
1199 1255 1377 1309 λείβων.

339 1340 478 1377 Pollux
508 1341 544 1387 6,
574 1341 637 1379 97.
671 1340 722 1377 98
753 1336 819 1376 καὶ
847 1333 1071 1388 ἆσάμινθος
1102 1333 1146 1375 δὲ
1175 1334 1368 1388 ποτήριον
1397 1332 1451 1376 ἂν
1470 1334 1554 1390 εἴη,
1582 1331 1639 1384 ὥς
1657 1333 1784 1391 ’Ὄμη-

229 1391 293 1446 ρός
331 1410 368 1433 τε
404 1390 545 1446 μηνύει
584 1392 808 1445 Τηλεμάχου
846 1393 1022 1441 διδόντος
1064 1391 1253 1448 Μενέλεῳ
1291 1390 1359 1432 δύ’
1399 1389 1678 1446 ἀσαμίνθους,
1715 1390 1785 1434 καὶ

230 1454 420 1504 Κρατῖνος
452 1450 496 1490 ἐν
516 1452 710 1503 Χείρωσιν
739 1454 819 1490 κτλ.
850 1453 956 1490 idem
978 1453 1042 1499 10,
1068 1453 1120 1490 64
1144 1450 1215 1490 καί
1242 1464 1301 1490 τοι
1331 1449 1376 1490 ἕν
1403 1465 1447 1503 γε
1477 1454 1559 1498 τοῖς
1579 1449 1786 1504 Κρατίνόῡ
1842 1477 1847 1481 -

230 1509 424 1560 Χείρωσιν
455 1506 528 1561 (sic
557 1510 724 1547 Meinek.
746 1522 819 1559 pro
839 1507 1040 1560 ‘'Hpcootv)
1065 1505 1138 1560 τὴν
1158 1504 1391 1559 ἀσάμινθον
1409 1505 1583 1559 κιβωτὸν
1603 1512 1783 1560 νοοῦσιν,

229 1564 323 1604 ἔνιοι
352 1563 394 1603 δὲ
423 1562 595 1614 ἔκπωμα.
634 1567 830 1605 sententia
860 1569 938 1606 est:
979 1578 1023 1606 ea:
1044 1567 1185 1615 poculo
1215 1569 1338 1613 tanto,
1367 1570 1412 1606 ut
1441 1561 1686 1618 ἆσοὲμινθος·’
1704 1569 1784 1608 em

228 1624 427 1662 videretur.
458 1623 504 1662 cf.
537 1623 685 1662 Oratet.
720 1625 784 1661 11.
816 1623 995 1662 Pherecr.
1031 1624 1125 1673 108,
1162 1625 1226 1663 19.
1731 1637 1735 1642 ’

955 1734 1041 1778 235

373 1815 538 1867 σκῆψιν
566 1812 647 1867 μὲν
677 1815 900 1868 Χείρωνες
931 1815 1179 1869 ἐλήλυμεν,
1211 1812 1274 1865 ὥς
1301 1811 1541 1870 ὑποθήκας
1570 1839 1625 1847 -

339 1895 575 1945 Hephaestio
614 1899 656 1943 1,
691 1899 740 1936 18
780 1897 975 1950 Κρατῖνος
1012 1894 1056 1935 ἐν
1093 1900 1174 1944 τοῖς
1216 1897 1391 1950 Χείρωσι
1428 1895 1656 1950 (ἐλήλυμεν)
1692 1892 1790 1938 dni

229 1956 297 1989 τοῦ
327 1949 590 2002 ἐληλύθαμεν,
629 1950 723 2004 ὅπερ
761 1951 1017 2005 ἐξηλέγξαμεν
1053 1953 1206 2004 ’ψεῦδος
1242 1952 1303 1994 ὅν.
1349 1953 1554 2004 Χείρωνες
1591 1952 1781 2010 Turum]

229 2007 429 2059 Χείρωνας
459 2009 578 2047 FHB.
609 2009 782 2060 Χείρωνι
811 2011 861 2049 N.
893 2005 925 2049 ὦ
956 2010 1158 2061 Χείρωνες
1190 2012 1269 2052 ΟΡ.
1310 2009 1522 2065 ἕλήλυμεν]
1556 2007 1784 2065 ἕλήλυθμεν

229 2065 333 2104 Flor.
383 2064 564 2105 Chirones
599 2070 793 2115 personati
827 2069 903 2107 huc
940 2069 1190 2115 advenimus,
1227 2073 1272 2109 ut
1302 2073 1514 2119 praecepta
1546 2091 1597 2098 -—
1627 2069 1784 2122 reliqua

230 2121 381 2159 desunt.
420 2135 512 2161 voce
548 2119 758 2174 ὑποθήκας
797 2125 988 2164 Hesiodei
1025 2126 1134 2165 illius
1171 2126 1280 2176 quod
1318 2127 1527 2166 dicebatur
1558 2123 1783 2180 (Χείρωνος

229 2172 452 2229 ὑποθῆκαι)
494 2181 674 2220 carminis
717 2183 949 2221 memoriam
994 2184 1168 2222 revocat.
1219 2184 1492 2234 sequebantur
1536 2184 1623 2224 sine
1659 2183 1782 2231 dubio

232 2247 368 2273 versus
399 2247 445 2273 ex
473 2236 556 2285 ipso
587 2237 654 2275 illo
685 2251 800 2288 opere
830 2239 896 2278 vel
926 2240 1100 2290 excerpti
1137 2240 1202 2279 vel
1238 2241 1442 2281 inmutati.
1493 2241 1543 2280 cf.
1573 2240 1781 2294 Aristoph,

231 2290 278 2331 fr.
302 2291 394 2329 227.
425 2292 459 2330 si
487 2305 566 2332 non
595 2294 732 2342 prima,
765 2298 806 2334 at
835 2297 942 2335 certe
973 2309 1019 2335 ex
1048 2297 1187 2347 primis
1217 2297 1312 2336 haec
1341 2298 1464 2347 verba
1483 2298 1675 2338 videntur·
1693 2310 1782 2340 esse

231 2347 337 2385 chori
375 2348 417 2385 in
456 2350 693 2389 orchestram
731 2352 1005 2403 ingredientis,
1051 2354 1199 2405 Bergk.
1234 2355 1279 2393 R.
1311 2367 1343 2393 c.
1374 2355 1463 2398 Att.
1496 2348 1784 2407 225.“σινῆψιν

231 2402 423 2454 Χείρωνες
453 2401 697 2457 ἐληλύθαμεν
725 2409 829 2447 idem
861 2414 921 2449 est
951 2423 997 2450 ac
1028 2408 1292 2462 σκηπτόμενοι
1311 2410 1516 2463 Χείρωνες
1547 2403 1665 2464 εἶναι,
1694 2412 1724 2452 i.
1743 2423 1780 2453 θ.

230 2460 432 2527 αρῐειιζημα
470 2461 680 2503 Οῆινοηννι
713 2468 833 2514 specie
870 2471 904 2506 et
931 2468 1079 2507 habitu.
1131 2468 1317 2522 similiter
1346 2469 1532 2509 dicebant
1561 2463 1780 2524 πρόφασιν,4

231 2529 272 2553 το
301 2515 324 2553 ὃ
371 2514 537 2568 ἀληθές,
567 2517 727 2572 γνώμην
757 2519 875 2573 ἐμήν,
908 2517 950 2562 τὸ
979 2520 1210 2576 λεγόμενον,
1244 2526 1333 2565 alia.

955 2635 1040 2679 236
1077 2636 1086 2648 ⁸

404 2708 701 2765 Κλειταγόρας
731 2710 877 2768 ᾄδειν,
910 2712 1019 2757 ὅταν
1043 2713 1268 2772 Ἀδμήτου
1297 2715 1434 2772 μέλος(
1459 2713 1592 2773 αὐλῇ..

343 2787 471 2828 Schol.
500 2784 624 2831 Arist.
654 2793 771 2844 Vesp.
806 2797 912 2836 1239
939 2793 1148 2850 Ἱῐρόδικος
1186 2796 1224 2838 δ’
1266 2797 1311 2838 ἐν
1340 2803 1422 2847 τοῖς
1452 2796 1780 2855 κωμῳδουμένοις

229 2842 294 2882 καὶ
338 2842 404 2883 τὸν
439 2843 634 2897 ’Ἁδμητον
676 2846 951 2905 ἀναγέγραφεν
994 2854 1193 2907 παραθεὶς
1232 2856 1435 2909 Κρατίνου
1474 2855 1518 2897 ἐκ
1561 2854 1780 2910 Χειρῶνων
