1872 3224
790 172 966 208 IAMBOI
1587 178 1669 220 247

5 286 7 318 J
83 288 103 329 ;>
133 287 234 330 ὀν,
271 276 497 316 Meinekius
528 276 645 320 Anal.
677 278 765 318 crit.
797 278 891 318 Ath.
909 281 1008 320 *209
1040 280 1096 328 εἰς
1126 278 1173 320 τοὶ
1207 305 1257 310 -
1288 279 1541 322 σπιλοπέδων
1570 284 1670 323 conl.

3 333 6 391 Ι
78 334 226 392 titub.
257 336 304 384 9,
336 334 435 375 428.
486 335 616 386 magis
653 336 822 376 fortasse
853 338 1027 388 placebit
1055 336 1377 390 σφηνόπεὸον
1415 338 1485 394 (cf,
1517 350 1670 391 σφηνο-

2 400 5 449 Ι
30 445 35 448 ¹
74 404 142 444 '‘,m
179 390 275 446 ων).
313 405 408 432 nam
437 392 629 443 planities
659 393 730 433 illa
761 394 854 434 altis
893 395 1067 446 undique
1098 398 1303 437 montibus
1334 399 1465 437 cincta
1495 399 1670 438 occiden-

1 451 2 457 ’
70 452 175 510 {hm
218 462 359 495 versus
399 450 513 490 velut
548 451 592 489 in
623 463 791 491 cuneum
829 455 1033 493 tenuatur.
1085 454 1136 493 cf.
1169 454 1260 497 Tac.
1292 455 1430 506 Agric.
1465 457 1529 496 10.
1581 469 1670 496 cum

71 508 317 563 §figmento
347 508 546 559 proximo,
578 509 682 559 quod
713 509 846 560 ipsum
877 523 1035 561 quoque
1066 512 1116 550 ad
1146 512 1382 552 Heracleam
1412 514 1547 562 refert,
1580 526 1670 553 con-

76 563 221 623 &rugit
248 565 485 607 Meinekius.

79 636 82 638 ·
127 659 128 662 ,
178 629 180 631 “
438 635 441 640 ’
860 622 912 664 71

199 698 398 757 ὕστερον
429 698 472 743 δ’
507 698 648 744 αὐτὸν
678 699 935 757 στρατηγὸν
966 699 1046 753 οὓς
1076 700 1439 760 ἄνειλωτημένην

186 770 276 815 ,καὶ
308 769 690 826 κασαλβάζουσαν
723 766 848 814 εἶδον
879 771 954 813 καὶ
986 773 1388 828 σεσαλωκισμένην.

35 893 38 898 .
204 855 336 897 Schol.
368 855 574 906 Aristoph.
605 854 729 905 Vesp.
765 856 873 895 1169
914 851 1277 894 διασαλακώνισον·
1322 852 1466 907 ὁμοίως
1504 853 1545 895 δ’
1590 854 1671 895 ε’στῖ

42 943 49 950 ,.
85 910 154 954 καὶ
182 908 280 965 παρ’
306 908 517 966 Ἑρμίππῳ
549 909 593 951 ἐν
623 914 706 960 τοῖς
741 909 1022 964 Τετραμέτροις
1053 915 1134 952 κτλ.
1165 914 1222 954 sic
1251 913 1358 952 libri.
1398 910 1526 965 αὐτὴν
1554 923 1670 963 στρα-

37 995 52 1022 5
85 970 220 1026 τηγῶν
239 970 478 1018 Meinekius‚
500 963 628 1009 οὖσαν
647 970 892 1010 Fritzschius
915 971 987 1018 Qu.
1007 971 1133 1011 Arist.
1157 971 1251 1019 287,
1270 968 1551 1022 εἱλωτισμένην
1570 971 1669 1010 Mei-

83 1029 242 1079 nekius,
265 1024 667 1079 σεσαλακωνισμένην
684 1027 950 1068 Schneiderus
965 1029 1007 1068 in
1022 1028 1118 1068 Lex.
1136 1042 1197 1080 gr.
1216 1026 1498 1068 σαλακωνεύω.
1527 1028 1670 1069 Suidas

25 1085 34 1139 f
79 1083 452 1138 ’κατειλωτισμένος·
470 1082 884 1137 καταδεδουλωμένος,
910 1082 953 1124 ἐκ
974 1090 1046 1125 τοῦ
1067 1084 1197 1137 εἴλως,
1229 1084 1403 1137 εἴλωτος,
1433 1082 1458 1125 ὃ
1487 1084 1672 1137 σημαίνει

85 1142 156 1186 τὸν
185 1143 347 1184 δοῦλον.
401 1157 503 1195 quae
533 1144 583 1183 ad
613 1144 719 1183 hunc
750 1143 882 1194 ipsum
915 1156 1079 1184 versum
1107 1144 1297 1184 videntur
1326 1143 1538 1194 pertinere.
1571 1144 1668 1194 quid

22 1222 26 1226 -
85 1200 299 1244 Fritzschii
329 1194 460 1242 οὖσαν
489 1202 706 1253 participio
737 1201 888 1252 passivi
920 1201 1101 1241 additum
1133 1202 1211 1241 sibi
1242 1202 1341 1241 velit
1371 1204 1560 1252 exputare
1590 1214 1670 1240 non

22 1287 26 1315 2
84 1273 262 1314 possum.
293 1259 550 1301 scribendum
573 1259 651 1298 erit
673 1256 838 1310 ὕστερον
858 1257 882 1296 δ
888 1254 898 1269 ’
921 1254 1051 1310 αὐτὴν
1072 1263 1304 1311 στρατηγῶν
1334 1252 1387 1297 εὖ
1426 1260 1669 1297 συνειλω-

19 1355 21 1358 .
86 1314 336 1370 τισμένην
363 1315 369 1371 Ι
395 1315 464 1356 καὶ
500 1314 835 1369 κασαλβάζουσαν
871 1309 981 1355 εἶδον
1018 1314 1086 1355 καὶ
1117 1312 1526 1367 σεσαλακωνισμένην.
1569 1328 1670 1366 quae

87 1377 238 1428 scripta
268 1377 364 1416 sunt
393 1375 502 1414 haud
522 1375 651 1414 multo
672 1376 766 1425 post
785 1374 1020 1413 Heracleam
1051 1374 1191 1414 urbem
1221 1374 1263 1413 in
1291 1374 1496 1413 Trachinis
1527 1373 1671 1412 vicinia

0 1431 17 1478 ξ’
88 1435 138 1475 ab
160 1432 492 1474 Lacedaemoniis
522 1432 725 1472 conditam
748 1433 917 1471 exeunte
940 1444 1044 1471 anno
1068 1430 1129 1471 Ol.
1154 1432 1219 1480 88,
1245 1432 1281 1470 2.
1313 1431 1436 1470 Thuc.
1469 1432 1509 1478 3,
1542 1431 1609 1470 92.
1632 1431 1669 1469 3.

0 1510 4 1531 t
86 1505 182 1535 nam
214 1491 265 1532 ad
293 1503 444 1531 annum
477 1489 538 1531 Ol.
572 1490 638 1539 95,
675 1490 698 1528 2
731 1502 856 1540 eaque
885 1502 988 1540 quae
1018 1491 1154 1528 narrat
1182 1488 1384 1528 Diodorus
1419 1488 1492 1539 14,
1517 1488 1570 1527 38
1602 1485 1669 1537 (cl.

86 1546 165 1604 82)
201 1549 343 1590 referri
387 1561 470 1588 non
513 1549 695 1599 possunt.
756 1547 1000 1597 Hermippus
1039 1548 1174 1586 autem
1213 1559 1258 1586 eo
1289 1548 1471 1595 tempore
1510 1547 1670 1595 praetor

86 1607 397 1652 Atheniensium
429 1606 553 1646 fuisse
582 1606 744 1645 videtur
774 1606 821 1644 ut
852 1604 1070 1655 Sophocles
1100 1605 1142 1643 in
1172 1604 1280 1643 bello
1313 1603 1461 1643 Samio.

861 1716 916 1759 72

204 1802 336 1843 Schol.
369 1801 576 1852 Aristoph.
598 1800 675 1841 Av.
701 1801 783 1840 303
810 1795 1036 1852 Ἑρμίππου
1069 1795 1347 1851 Τετραμέτροις
1360 1808 1368 1816 ·
1409 1810 1433 1834 κ
1443 1811 1468 1834 α
1478 1794 1490 1835 ὶ
1521 1795 1554 1834 Θ
1563 1810 1580 1835 ε
1589 1811 1616 1847 μ
1627 1810 1640 1833 ι
1652 1818 1669 1824 -

87 1857 359 1907 στοκλέους
391 1857 472 1898 τὸν
503 1856 703 1910 πρωνός
734 1871 806 1905 τις
829 1853 896 1895 ὢν
915 1852 1227 1908 κεβλήπυρίς
1259 1869 1333 1902 τιςΙ
1356 1850 1668 1904 ὀνομάζεται.

85 1919 297 1959 Dobraeus
327 1915 382 1964 ὥς
415 1931 472 1964 τις
503 1912 537 1955 οἳ
540 1930 564 1954 ν
601 1912 814 1967 κοπρώνης
827 1944 836 1962 ,
878 1927 957 1964 quo
995 1913 1212 1953 difficultas
1249 1925 1330 1951 non
1373 1911 1542 1952 tollitur.
1589 1911 1668 1950 for-

87 1981 194 2017 tasse
230 1977 350 2027 poeta
393 1974 558 2024 scripsit
609 1968 919 2023 Θεμιστοκλέους
967 1984 987 2009 τ
996 1984 1014 2009 ε
1057 1984 1077 2008 τ
1086 1975 1119 2010 (ὅ
1132 1985 1156 2009 ν
1199 1983 1228 2007 π
1237 1983 1259 2022 ρ
1272 1982 1293 2008 ο
1302 1980 1325 2007 σ
1334 1983 1359 2019 η
1369 1982 1392 2006 κ
1403 1963 1426 2007 o'
1434 1982 1459 2006 ν
1470 1982 1490 2007 τ
1500 1982 1531 2006 ω
1543 1982 1567 2006 ν
1611 1980 1669 2014 τις

87 2029 146 2073 niv
171 2030 177 2088 Ι
204 2030 447 2085 κεβλήπυρις
481 2031 553 2068 Τισ
574 2058 714 2070 .....
746 2023 777 2067 ὦ
787 2043 812 2068 ν
821 2041 842 2067 ο
851 2043 878 2079 μ
887 2025 913 2067 ά
923 2028 945 2076 ζ
950 2041 968 2067 ε
978 2042 998 2066 τ
1006 2040 1039 2070 ο,

861 2127 915 2170 73

207 2216 340 2257 Schol.
364 2214 571 2265 Aristoph.
593 2213 703 2252 Plut.
729 2213 809 2252 701
828 2208 1057 2263 ’Ἕρμιππος
1090 2207 1134 2249 ἐν
1165 2213 1218 2264 τῷ
1247 2204 1390 2261 πρώτῳ
1417 2202 1564 2260 Ἰάμβῳ
1593 2208 1672 2246 τῶν

89 2271 308 2327 τριμέτρων
335 2269 577 2322 Ἀσκληπιοῦ
607 2267 675 2309 καὶ
696 2268 933 2320 Λαμπετίας
965 2272 1035 2319 τῆς
1061 2263 1117 2305 Ἡ
1140 2265 1204 2305 ίου
1234 2263 1335 2318 λέγει
1369 2263 1572 2316 Μαχάονα
1603 2261 1670 2302 καὶ

88 2330 357 2383 Ποδαλείριον
386 2327 455 2369 καὶ
481 2320 599 2367 ’laada
637 2325 706 2366 καὶ
737 2320 976 2366 Πανάκειαν
1012 2322 1080 2364 καὶ
1111 2322 1272 2376 Αἴγλην
1309 2316 1523 2372 νεωτάτην.
1575 2322 1667 2371 λαμ.

77 2388 246 2438 ,πετείας
277 2387 348 2427 τοῦ
374 2383 496 2426 Ἰλίου
525 2385 577 2425 V.
607 2385 784 2425 trimetri
811 2383 928 2423 facile
947 2382 1108 2423 restitui
1127 2382 1307 2432 possunt.
1336 2375 1576 2429 Ἀσκληπιοῦ
1603 2375 1670 2416 καὶ

68 2441 324 2499 ,Λαμπετίας
355 2449 425 2496 τῆς
458 2440 604 2483 Ἡλίου
630 2441 636 2493 Ι
665 2440 839 2494 (παῖδες)
876 2433 1065 2492 Μαχάων
1097 2436 1207 2491 (εἰσὶ)
1249 2435 1316 2476 καὶ
1347 2434 1628 2483 Ποδαλείριος·
1663 2432 1665 2487 Ι

89 2500 209 2545 ἔπειτ’
239 2499 356 2546 Ἰασὼ
387 2499 456 2541 καὶ
487 2498 698 2540 Πανάκεια
722 2494 1000 2553 (θυγατέρες)’
1041 2493 1216 2546 νεωτάτη
1257 2488 1294 2532 δ’
1329 2491 1474 2545 Αἴγλη.
1522 2494 1668 2531 Aescu-

89 2562 188 2614 lapii
218 2557 324 2601 filias
364 2559 505 2600 eodem
545 2557 685 2598 ordine
721 2557 771 2596 ab
809 2555 990 2596 Aristide
1022 2556 1060 2603 7,
1095 2554 1149 2593 46
1183 2551 1223 2604 (I
1252 2553 1303 2591 79
1336 2549 1499 2601 Dind.)‚
1539 2550 1616 2588 alio
1647 2562 1670 2587 a

93 2619 218 2660 Suida
247 2619 291 2658 in
317 2611 489 2667 Ἠπιόνη
520 2618 564 2656 et
600 2615 734 2655 Plinio
773 2615 840 2663 35,
877 2614 955 2653 137
996 2610 1194 2651 recenseri
1224 2607 1434 2649 adnotavit
1464 2606 1667 2646 Hemster-

89 2676 230 2718 husius
261 2674 492 2728 (Aristoph.
522 2674 633 2737 Plut.
667 2668 784 2726 701).

863 2780 919 2825 74

127 2905 131 2908 ,
207 2870 441 2911 Athenaeus
475 2870 542 2918 15,
575 2867 695 2908 667d
725 2861 871 2918 ὁμοίως
909 2861 1174 2915 διεξέρχονται
1213 2858 1274 2900 ὅτι
1313 2853 1423 2907 ἆθλα
1460 2855 1670 2915 προῦκειτο
