1838 3230
184 193 268 236 780
521 189 853 226 ΝΙΚΟΦῼΝΤΟΣ
899 185 1109 221 ΑΔΗΑῼΝ
1135 183 1402 218 ΔΡΑΜΑΤΩΝ

952 288 1009 331 23

390 349 586 406 ἀρρησία

299 431 406 485 παρὰ
439 434 692 482 Νικοφῶντι.
723 431 870 470 Pollux
904 430 1069 477 2‚128.
1105 424 1329 477 ἆντιφῶντι
1357 427 1408 467 Α.
1439 428 1611 467 fortasse
1640 426 1766 467 adilo-

184 492 403 531 minatione
432 503 575 531 vocum
607 485 778 541 ἆρρησία
809 490 851 528 et
880 484 1083 539 παρρησία
1113 486 1240 525 risum
1272 485 1473 525 movebat.

956 621 1013 663 24

394 683 630 737 κάναστρα

301 767 444 806 Pollux
476 768 519 811 6,
550 767 604 805 86
637 762 713 803 ὅσα
743 755 844 802 κατὰ
882 759 1030 809 φιάλας
1067 757 1315 800 ἅνεπέπτατο
1353 757 1421 799 καὶ
1458 756 1663 811 κάναστρα
1699 771 1768 797 κοι-

185 823 358 876 λούμενα
389 820 524 876 εὑρεῖν
555 820 637 861 ἔστι
666 817 775 873 παρὰ
807 820 1047 870 Νικοφῶντι
1078 823 1133 873 τῷ
1162 821 1338 871 κωμικῷ.

393 1013 699 1071 κορδακισμός
956 954 1013 997 2ο

303 1096 381 1136 ἔστι
414 1096 589 1149 τοῦνομα
621 1095 687 1136 καὶ
718 1093 761 1135 ἔν
791 1095 838 1150 τῇ
868 1092 1014 1150 ἀρχαίᾳ
1046 1093 1256 1149 κωμῳδίᾳ,
1289 1089 1343 1140 ὡς
1374 1089 1483 1144 παρὰ
1516 1091 1799 1142 Νικοφῶντι.·

188 1157 423 1207 Harpocrat.
458 1157 553 1204 114,
586 1157 654 1195 23.
687 1154 898 1194 Demosth.
931 1153 1098 1204 Olynth.
1131 1154 1169 1200 2,
1203 1152 1270 1190 18.

958 1287 1015 1330 26

394 1347 750 1402 κωδωνοφορῶν

301 1430 527 1483 περιπολῶν
556 1428 623 1468 καὶ
653 1425 846 1478 ἐξετάζων
875 1428 912 1468 εἰ
939 1442 1039 1526 γρετΞγ
1015 1429 1205 1481 γοροῦσιν
1235 1426 1277 1466 οἱ
1302 1423 1496 1477 φύλακες
1528 1423 1570 1465 ot
1593 1421 1670 1478 γὰρ
1700 1420 1771 1471 τὰς

189 1486 375 1538 φυλακὰς
407 1485 719 1534 ἐπισκοποῦντες
750 1484 945 1534 κώδωνας
977 1499 1085 1538 εχον
1113 1482 1182 1524 καὶ
1214 1481 1420 1534 ἐψόφουν,
1457 1478 1515 1522 ἵν’
1548 1481 1591 1522 οἱ
1617 1478 1771 1532 φυλάσ·

188 1556 323 1594 σοντες
343 1541 708 1598 ἇντιφθέγγωνται.
750 1541 878 1592 οὕτως
900 1544 1114 1594 Νικοφῶν.
1137 1543 1320 1582 Photius.
1343 1540 1548 1592 Aristoph.
1572 1540 1649 1579 Av.
1671 1539 1770 1579 842.

958 1679 1012 1722 27

395 1735 579 1794 σιγηλός
615 1740 621 1747 ”

306 1820 517 1871 Νικοφῶν.
550 1821 718 1860 Bekker.
754 1820 905 1859 Anecd.
941 1820 1034 1863 113,
1067 1820 1136 1858 23.

959 1953 1015 1997 28

398 2011 639 2068 σταφυλήν

229 2127 236 2133 .
306 2095 375 2136 τὸν
405 2095 450 2135 ἐν
480 2101 532 2151 τῷ
564 2094 725 2148 στόματι
755 2094 884 2136 κίονα.
944 2092 1072 2142 οὕτως
1103 2094 1318 2145 Νικοφῶν.
1351 2093 1532 2133 Photius.

961 2228 1018 2271 29

398 2304 431 2330 ω
461 2284 563 2330 τάν

1829 429 1838 458 i

309 2368 496 2417 πολλακις
527 2369 594 2410 καὶ
625 2369 706 2410 ἐπὶ
736 2367 963 2422 πλήθους
995 2367 1096 2418 φασὶ
1126 2366 1169 2409 τὸ
1200 2383 1231 2408 ω
1259 2364 1370 2416 ’τάν,
1401 2382 1457 2415 ως
1477 2361 1595 2420 παρὰ
1625 2367 1772 2415 Κτησι-
1815 2400 1836 2414 ,γ

193 2434 340 2478 φώντι.
372 2429 504 2469 Schol.
537 2429 694 2468 Platon.
727 2430 809 2468 332
839 2428 967 2467 Bekk.
1001 2427 1143 2467 Suidas
1175 2441 1206 2466 ω
1234 2422 1326 2464 ’τᾶν
1355 2425 1537 2464 Philemo
1568 2423 1662 2464 220.
1696 2423 1771 2462 Νι-

192 2487 372 2536 κοφῶντι
401 2500 473 2537 pro
506 2485 767 2537 Κτησιφῶντι
795 2486 1058 2525 Ruhnkonius
1091 2484 1195 2523 Tim.
1229 2484 1324 2523 282.

849 2678 1124 2686 —————-——
