1872 3224
225 176 307 218 245
870 164 1141 201 ΕΡΜΙΠΠΟΤ

982 266 1038 309 68

562 350 641 401 τοὶς
672 349 973 404 λευκερίνεως
1003 345 1052 389 δὲ
1084 342 1218 401 χωρὶς
1250 342 1447 399 ἰσχάδας.

341 439 566 477 Athenaeus
598 436 642 482 3,
678 434 760 472 760
790 426 1035 481 λευκερινεὸς
1067 426 1112 468 δέ
1141 442 1178 467 τι
1207 421 1314 475 εἶδός
1346 424 1428 466 ἔστι
1459 430 1587 479 συκῆς
1607 423 1675 466 καὶ
1695 423 1804 475 ἴσως

224 494 325 548 αὕτη
356 492 461 533 ἐστὶν
489 489 514 544 ἡ
546 488 591 530 τὰ
623 487 742 530 λευκα
775 493 879 528 σῦκα
910 484 1102 540 φέρουσα,
1131 498 1374 536 μνημονευει
1403 479 1442 523 δ’
1474 480 1601 536 αὐτῆς
1619 480 1796 537 Ἓρμιπ·
1842 514 1844 516 v

225 567 296 603 πος
318 552 362 593 ἐν
377 548 550 603 Ἰάμβοις
572 545 698 595 ου’τως
720 548 800 586 κτλ.
833 547 881 585 ef
905 545 1091 584 Eustath.
1115 544 1236 592 1205,
1259 544 1299 582 5.
1332 543 1382 582 de
1403 543 1570 584 accentu
1589 542 1644 583 ef.
1659 541 1710 582 fr.
1726 542 1814 585 51:

986 678 1042 721 69

338 769 480 809 Suidas
509 762 758 824 ὑπαγωγεύς.
790 759 994 816 ἕργαλεῖόν
1022 775 1058 800 τι
1094 758 1334 813 τεκτονικόν,
1365 774 1422 808 ως
1452 771 1557 808 τινες
1587 727 1798 815 σιδηροῦν,

227 823 312 868 οἷον
340 824 550 889 πτυΐδιον,
588 824 618 878 ᾠ
650 822 820 874 χρῶνται
850 820 890 860 οἵ
914 818 1107 859 κονιαταί.
1147 818 1188 857 οἵ
1220 814 1266 857 δὲ
1297 815 1501 871 ἐργαλεῖον
1529 816 1799 887 οἰκοδομικόν,
1869 837 1872 868 3

1863 750 1872 793 ἓ

1864 805 1872 827 ε

227 880 260 941 ᾧ
295 879 574 923 ἀπευθύνουσι
609 878 678 927 τὰς
718 878 918 925 πλίνθους
955 875 1054 929 πρὸς
1100 871 1296 927 ἀλλήλας,
1342 873 1366 914 ὅ
1406 889 1510 924 τινες
1548 871 1803 948 ”modinum
1869 883 1872 885 “

227 926 522 982 καλοῦσιν.οἷ
558 935 603 977 δὲ
646 933 774 988 πηλόν
809 950 917 983 τινα,
956 932 1097 982 καθώς
1140 930 1209 973 καὶ
1234 931 1487 986 Ἕρμιππος·
1528 931 1689 982 ξύνεστι
1703 930 1830 989 ’'⁰⁸¹2-

229 1000 383 1052 δεσμῷ
397 996 471 1049 μὲν
501 991 653 1034 οὐδενί·
685 996 786 1033 τοῖσι
815 989 851 1032 δ’
886 988 1143 1044 ὖπαγωγεῦσι
1181 993 1263 1038 τοῖς
1302 987 1450 1031 ἑαυτοῦ
1479 987 1653 1043 τρόποις
1691 993 1804 1044 sinai..

227 1058 282 1096 lia
322 1043 451 1095 Schol.
492 1052 695 1102 Aristoph.
741 1051 818 1091 Av.
862 1051 983 1101 1150,
1028 1050 1097 1089 ubi
1140 1049 1183 1088 in
1221 1048 1300 1088 fine
1339 1049 1503 1089 additur
1540 1053 1696 1089 τοιοῦτο
1723 1047 1802 1103 γάρ

231 1127 265 1152 τι
285 1110 350 1151 καὶ
367 1109 593 1163 Ἐρμιππος
624 1107 677 1148 ἐν
707 1111 810 1155 τοῖς
845 1104 1134 1160 Τριμέτροις
1170 1103 1389 1157 ἐμφανίζει.
1449 1106 1711 1148 manifestum
1738 1108 1802 1149 est

232 1170 395 1210 Suidam
426 1181 496 1207 sua
525 1181 572 1206 ex
601 1165 888 1217 integrioribus
919 1165 1079 1204 scholiis
1110 1164 1303 1204 hausisse.
1337 1163 1386 1205 G.
1409 1163 1663 1205 normannus
1692 1177 1716 1204 a
1715 1164 1802 1235 pud

230 1226 531 1282 Bernhardyum
563 1218 717 1272 ξύνεστι
747 1220 821 1291 γὰρ
854 1220 904 1274 δὴ
933 1220 1080 1291 δεσμίῳ
1118 1217 1192 1292 μὲν
1223 1217 1374 1272 οὐδενί,
1401 1219 1408 1272 1
1433 1215 1515 1260 ὗπό
1544 1230 1623 1260 τισι
1652 1217 1692 1261 δ’
1727 1217 1801 1266 ὖπ.

230 1280 309 1323 κτλ
341 1283 562 1322 Meinekius
583 1278 739 1329 ξύνεστι
768 1277 843 1332 γὰρ
864 1279 995 1335 δεσμῷ
1013 1276 1088 1331 μὲν
1108 1271 1226 1326 ουτος
1254 1274 1405 1329 οὐδενί,
1431 1280 1439 1330 Ι
1465 1276 1638 1319 τούτοισι
1666 1274 1705 1318 δ’
1727 1275 1801 1325 ὖπ.

230 1343 310 1380 κτλ.
350 1340 499 1379 addens
537 1334 675 1390 ‘6⁷vay.
715 1339 763 1377 de
800 1338 886 1377 luto
930 1350 1009 1389 quo
1054 1338 1224 1376 utuntur
1267 1337 1522 1376 caementarii
1567 1336 1617 1376 sd
1655 1336 1804 1380 latores

231 1397 561 1459 coagmentandos
582 1397 871 1446 interpretatur
890 1396 1013 1435 etiam
1035 1394 1259 1446 Hesychius
1280 1389 1540 1447 ὖπαγωγεύς·
1562 1390 1663 1447 πρὸς
1683 1392 1802 1435 πλίν-

231 1457 323 1493 θων
343 1446 556 1504 οἰκοδομὴν
575 1448 708 1503 πηλός.
740 1453 901 1492 videtur
927 1453 969 1492 id
990 1454 1125 1492 autem
1145 1451 1316 1503 figurate
1345 1451 1495 1492 dixisse
1525 1451 1801 1520 Hermippus!

232 1514 418 1551 neutrum
457 1511 655 1550 intellexit
683 1510 984 1561 Bernhardyus,
1017 1522 1144 1560 neque
1183 1522 1259 1561 ego
1289 1509 1498 1561 intellego.
1544 1509 1613 1549 ille
1643 1502 1804 1559 ξυνεστι

233 1566 306 1635 γὰρ
333 1565 419 1618 δὴ’
427 1567 591 1621 ναισίμῳ
620 1563 694 1618 μὲν
729 1563 879 1615 οὐδενί,
906 1568 910 1618 Ι
938 1569 1036 1606 τοῖσι
1066 1562 1107 1605 δ’
1139 1559 1425 1619 ὖπαγωγεῢσίν
1453 1580 1497 1619 γε
1535 1568 1618 1614 τοῖς
1656 1561 1806 1608 ταύτοῦ

235 1622 393 1677 τρόπου,
431 1625 630 1664 hominem
661 1623 877 1676 significari
915 1625 1050 1664 dicens
1080 1625 1260 1664 moribus
1299 1625 1525 1672 dissolutis,
1567 1623 1636 1675 qui
1666 1626 1805 1675 spreta

234 1683 368 1734 legum
400 1680 610 1721 sanctitate
656 1684 696 1720 et
740 1681 936 1721 bonorum
976 1682 1262 1722 consuetudine
1303 1695 1394 1722 cum
1437 1680 1624 1730 sordibus
1663 1681 1805 1734 suique

236 1739 432 1779 similibus
462 1740 655 1779 versetur.
687 1738 914 1779 Dindorfius
937 1739 1107 1791 denique
1128 1740 1170 1779 in
1191 1740 1253 1779 ed.
1277 1738 1409 1780 Schol.
1431 1739 1557 1780 Arist.
1587 1737 1685 1779 haec
1703 1738 1804 1780 Her·

235 1797 361 1846 mippi
391 1809 475 1835 esse
504 1798 639 1847 negat,
670 1809 751 1835 non
781 1797 915 1836 tamen
944 1796 1105 1845 addens,
1139 1798 1251 1837 cuius
1282 1809 1368 1837 esse
1398 1797 1567 1847 possint.
1620 1795 1671 1838 cf.
1702 1808 1806 1848 quae

236 1853 512 1949 &negavimus
543 1853 592 1892 ad
623 1853 825 1903 Aristoph.
848 1853 924 1892 Av.
951 1855 1073 1894 1149.
1105 1854 1153 1894 de
1184 1854 1316 1894 verbis
1348 1853 1560 1906 Hermippi
1589 1853 1806 1895 restituen-

263 1923 297 1949 ιε
354 1923 504 1961 espero.

997 1987 1052 2029 70

353 2066 414 2115 εἰς
443 2063 494 2108 τὸ
524 2065 828 2122 Κυλικράνων
857 2066 1053 2121 βαδίζων
1083 2069 1404 2125 σπληνόπεδον
1435 2064 1689 2124 α’φικόμην·

354 2130 475 2176 εἶδον
505 2127 591 2176 οὖν
621 2131 703 2190 τὴν
727 2132 1000 2189 Ἡράκλειαν
1031 2135 1107 2179 καὶ
1135 2135 1244 2192 μαλ’
1277 2134 1453 2193 ωραίαν
1482 2135 1632 2182 πόλιν,

351 2216 578 2257 Athenaeus
621 2219 692 2266 11,
724 2218 836 2286 4‘61e
875 2214 922 2257 οὐ
959 2223 1040 2258 τῶν
1077 2218 1344 2273 Κυλικρανων
1382 2213 1440 2267 εἷς
1477 2213 1692 2272 ὑπάρχων,
1732 2214 1806 2267 οὖς

240 2270 436 2322 χλευάζων
465 2269 686 2325 Ἐρμιππος
732 2270 753 2314 ὁ
783 2273 1099 2346 κωμῳδιοποιὸς
1146 2274 1191 2316 ἐν
1234 2280 1315 2324 τοῖς
1348 2272 1524 2328 Ἰάμβοις
1563 2274 1690 2328 φησίν
1724 2274 1806 2317 κτλ

236 2326 502 2381 ‘Hpaxlsoewc
540 2327 579 2369 δ’
612 2329 713 2370 εἰσὶν
749 2325 859 2371 οὗτοι
893 2332 935 2372 οἶ
966 2328 1048 2372 ὑπὸ
1079 2339 1127 2389 τῇ
1166 2332 1268 2403 Οίτη
1298 2338 1589 2383 κατοικοῦντες,
1619 2347 1675 2381 ως
1705 2343 1808 2385 φησι

241 2385 468 2453 Νίκανδρος
499 2383 520 2425 6
552 2383 837 2453 Θυατειρηνός,
877 2374 1158 2442 ὀνομασθῆναι
1195 2374 1367 2442 φασκων
1395 2386 1544 2438 αὐτοὺς
1579 2385 1662 2431 ἀπό
1698 2402 1807 2439 τινος

242 2439 426 2494 Κύλικος,
455 2441 567 2495 γένος
585 2444 743 2495 Λυδοῦ,
775 2440 862 2493 ἑνὸς
887 2461 966 2485 των
990 2443 1185 2499 Ἡρακλεῖ
1208 2445 1626 2501 συστρατευσαμένων.
1663 2446 1808 2488 deinde

243 2513 262 2538 e
285 2499 466 2550 Scythini
487 2501 573 2540 Teii
602 2502 770 2542 historia
800 2504 1053 2555 Κυλικρῆνας
1084 2500 1326 2557 ἐξεπόρθησε
1356 2502 1608 2556 ληιζομένους
1638 2501 1707 2543 καὶ
1734 2499 1807 2543 αὖ·

242 2551 332 2593 τόθι
361 2555 475 2595 πόλιν
504 2556 681 2608 ἐδείματο
711 2557 942 2610 Ηράκλειαν
972 2558 1046 2612 τὴν
1078 2561 1296 2614 Τρηχινίην
1324 2559 1580 2612 καλεομένην.
1613 2562 1733 2612 atque
1758 2573 1808 2601 ex

243 2612 455 2652 Polemone
486 2619 554 2665 τῆς
584 2611 623 2652 δ’
651 2612 915 2667 Ηρακλείας.
940 2621 1051 2658 τ.ῶν
1079 2616 1300 2672 οἰκητόρων
1345 2616 1411 2659 ε’θ
1439 2615 1682 2671 Ἡρακλέους
1702 2613 1808 2665 τινὲς

167 2711 169 2713 ,
242 2664 474 2739 αφικόμενοι
503 2668 545 2709 ἐκ
575 2671 734 2718 Λυδίας
765 2674 1013 2726 Κυλικρανες
1047 2706 1055 2714 .
1080 2704 1089 2714 .
1114 2705 1124 2715 .
1145 2673 1261 2726 ,ἀφ’
1294 2634 1363 2715 (διν
1384 2675 1426 2716 οἱ
1449 2674 1565 2715 τόποι
1593 2674 1806 2726 διαμένου-

245 2735 320 2766 σιν
357 2720 416 2771 οἷς
454 2723 547 2765 οὐδὲ
582 2733 650 2779 τῆς
689 2730 885 2779 πολιτείας
922 2729 1140 2782 μετέδοσαν
1176 2732 1218 2771 οἵ
1252 2729 1552 2784 Ἡρακλειῶται,
1593 2729 1808 2778 συνοίκους

165 2818 166 2821 ,
244 2777 489 2831 ἀλλοφύλους
520 2780 801 2837 ὑπολαβόντες.
831 2789 969 2839 itaque
999 2789 1244 2840 Hermippus
1280 2803 1326 2829 eo
1356 2791 1518 2830 nomine
1547 2789 1599 2829 ad
1626 2789 1807 2829 inriden-

165 2855 167 2857 ’
247 2838 315 2877 dos
338 2839 587 2881 Heracleotes
608 2856 702 2883 usus
725 2847 799 2884 est.
830 2858 902 2896 pro
925 2843 1203 2895 σπληνόπεδον
1223 2846 1622 2899 Schweighaeuserus
1642 2840 1807 2898 σκληρό-
