1872 3224
153 218 155 221 <
197 200 281 243 648
856 199 1131 235 ΠΛΑΤῼΝΟΣ

198 306 346 345 Athen.
367 306 550 359 4,7131a
568 318 625 354 sq.
656 303 716 357 (v.
741 302 814 358 67)
844 318 936 344 eum
966 305 1036 355 qui
1066 305 1248 355 loquitur
1284 305 1333 344 ab
1365 306 1493 345 altero
1523 297 1772 357 interpellafi

199 363 347 402 docebo
378 363 421 401 in
452 363 653 402 volumine
684 362 802 401 huius
834 363 966 412 operis
997 363 1182 404 seeundo.
1213 364 1388 403 ceterum
1418 363 1468 403 cf.
1499 363 1548 403 fr.
1581 365 1676 404 261.
1711 412 1715 413 ⁷

950 484 1032 527 174

406 559 497 607 εἷεν
527 569 743 619 γυναῖκες
772 595 782 606 .
816 597 825 606 .
861 598 869 607 .
902 562 962 615 ὣς
991 560 1102 619 ὑμῖν
1132 563 1274 607 πάλαι

403 629 532 675 οἶνον
561 631 779 687 γενέσθαι
809 630 892 689 τὴν
922 630 1082 676 ἄνοιαν
1116 633 1326 688 εὔχομαι·

403 698 515 756 ὑμῖν
544 698 632 756 γὰρ
664 698 819 756 οὐδέν,
851 700 1060 756 καθάπερ
1090 699 1117 757 ἡ
1149 704 1383 758 παροιμία,

405 770 456 812 ἐν
486 771 548 826 τῷ
579 769 765 826 καπήλῳ
797 772 907 820 νοῦς
939 771 1114 813 ἐνεῖναί
1139 785 1215 826 μοι
1246 771 1382 814 δοκεῖ.

348 847 369 878 5
402 838 443 879 εἰ
470 837 558 893 γὰρ
592 837 760 880 Φάωνα
791 836 939 881 δεῖσθ’
973 839 1103 894 ἰδεῖν,
1136 839 1372 895 προτέλεια
1403 839 1476 882 δεῖ

408 904 524 962 ὑμᾶς
554 909 740 962 ποιῆσαι
770 905 917 949 πολλοὶ
949 906 1174 963 πρότερον
1205 908 1363 950 τοιαδί.

405 978 562 1031 πρῶτα
591 975 674 1031 μὲν
706 973 804 1031 ἐμοὶ
834 973 919 1031 γὰρ
951 974 1250 1034 κουροτρόφῳ
1281 973 1532 1032 προθύεται

411 1046 613 1095 πλακοῦς
645 1042 849 1100 ἐνόρχης,
882 1042 1054 1099 ἄμυλος
1085 1045 1311 1100 ἐγκύμων,
1343 1046 1493 1101 κίχλαι

406 1111 629 1167 ἑκκαίδεχ’
662 1111 904 1168 ὁλόκληροι
934 1112 1078 1169 μέλιτι
1109 1114 1389 1170 μεμιγμέναι,

331 1191 373 1223 10
403 1184 557 1238 λαγῷα
589 1178 751 1223 δώδεκ’
785 1181 1040 1237 ἐπισέληνα.
1100 1180 1242 1224 τᾶλλα
1273 1182 1323 1226 δὲ

402 1248 488 1306 ἤδη
518 1247 618 1292 τάδ’
652 1247 932 1292 εὐτελέστατ’
966 1248 1072 1294 ἔστ’.
1134 1248 1272 1294 ἄκουε
1303 1250 1371 1308 δή.

403 1320 587 1374 βολβῶν
617 1318 701 1374 μὲν
727 1316 932 1376 Ὀρθάνῃ
962 1317 1050 1375 τρί’
1083 1315 1306 1376 ἡμιεκτέα,

407 1386 648 1444 Κονισάλῳ
679 1386 728 1429 δὲ
759 1387 834 1429 καὶ
866 1385 1177 1442 παραστάταιν
1207 1380 1341 1431 δυοῖν

403 1454 590 1512 μύρτων
621 1457 888 1507 πινακίσκος
918 1454 1034 1512 χειρὶ
1065 1456 1480 1514 παρατετιλμένων·

330 1534 371 1567 15
403 1525 582 1580 λύχνων
612 1523 700 1581 γὰρ
733 1523 872 1580 ὀσμὰς
901 1522 957 1568 οὐ
989 1527 1176 1581 φιλοῦσι
1208 1526 1429 1582 δαίμονες.

409 1593 585 1649 πύργης
614 1593 827 1650 τετάρτης
856 1595 966 1636 κυνί
992 1608 1040 1636 τε
1071 1594 1146 1636 καὶ
1176 1594 1462 1651 κυνηγέταιν,

405 1659 617 1717 Λόρδωνι
648 1660 839 1718 δραχμή,
870 1662 1100 1719 Κυβδάσῳ
1131 1662 1399 1720 τριώβολον,

405 1729 500 1788 ἥρῳ
530 1731 697 1787 Κέλητι
728 1731 869 1787 δέρμα
900 1732 976 1774 καὶ
1005 1729 1263 1788 θυλήματα.

407 1796 532 1842 ταῦτ’
569 1799 664 1842 ἐστὶ
695 1797 995 1855 τάναλώματ’.
1058 1799 1100 1842 εί
1127 1799 1212 1855 μὲν
1240 1792 1326 1844 οὖν
1356 1799 1463 1843 τάδε

331 1878 375 1910 20
405 1866 683 1929 προσοίσετ’,
716 1866 955 1911 εἰσέλθοιτ’
988 1867 1067 1911 ἄν·
1099 1869 1141 1911 εἰ
1168 1867 1218 1912 δὲ
1248 1866 1324 1925 μή,
1354 1869 1503 1925 μάτην

406 1937 578 1989 ἔξεστιν
608 1934 718 1992 υμῖν
748 1934 824 1979 δια
854 1939 988 1993 κενῆς
1015 1938 1238 1993 βινητιᾶν.

314 2021 546 2060 Athenaeus
580 2022 645 2068 10,
677 2021 794 2060 4410
835 2017 1007 2059 Πλάτων
1037 2018 1179 2059 Φάωνι
1208 2018 1469 2073 διηγούμενος
1500 2018 1575 2060 όσα
1604 2019 1672 2060 διὰ
1704 2019 1774 2062 τὸν
1831 2073 1834 2075 Α

200 2072 311 2117 οἶνον
342 2076 555 2129 συμβαίνει
592 2080 678 2124 ταῖς
708 2076 914 2129 γυναιξίν,
954 2075 1081 2128 φησίν
1109 2080 1191 2117 κτλ.
1283 2081 1319 2119 1.
1359 2078 1540 2118 lacunam
1582 2079 1776 2120 indicavit

199 2135 446 2175 Dindorfius.
471 2131 548 2203 ως]
582 2130 744 2181 εἰκότως
773 2135 926 2174 Iaeobs.
958 2134 1097 2174 Addit.
1128 2135 1276 2175 Athen.
1308 2137 1404 2175 237.
1435 2131 1489 2182 ὥς
1528 2132 1644 2188 ἔγωγ’
1676 2137 1773 2176 Mei-

199 2193 290 2232 nek.
381 2194 418 2231 3.
459 2187 575 2244 ὑμῖν]
616 2188 759 2243 ὑμῶνῬ
848 2193 886 2231 4.
918 2187 1096 2247 καπήλῳ]
1135 2190 1317 2244 καπήλου
1356 2191 1526 2233 casaub.
1615 2195 1654 2232 7.
1690 2190 1775 2245 ἐμοι

199 2247 293 2302 γὰρ]
338 2246 421 2300 ἐμοὶ
465 2253 512 2302 τῇ
557 2249 729 2288 Meinek.
772 2248 1026 2288 Ana1.Ath.
1070 2250 1166 2288 200.
1268 2250 1306 2291 8.
1337 2247 1503 2319 α’μυλος]
1541 2247 1688 2298 ἄκυλος
1725 2251 1773 2291 Β.

201 2310 238 2346 9.
260 2303 494 2358 μεμιγμέναι
513 2306 693 2357 Heringa
715 2305 882 2345 Observ.
906 2318 937 2345 e.
963 2303 1032 2358 24]
1056 2303 1368 2376 διαμεμιγμέναι.
1400 2302 1530 2358 ἕνδεχ’
1563 2303 1768 2360 ὁλόκληροι

200 2361 326 2413 μέλιτι
343 2362 563 2415 διαμεμιγμ.
587 2363 755 2404 Oasaub.
770 2375 843 2413 pro
859 2357 1066 2414 ὁλόκληροι
1080 2363 1250 2404 fortasse
1271 2359 1542 2416 ὁλόκερκοι.
1605 2365 1670 2404 10.
1693 2362 1773 2404 ἐπι·

199 2418 344 2470 σέληνα
373 2418 423 2473 Ρ]
465 2417 663 2459 ἐπισέλινα
699 2420 870 2462 Meinek.
902 2420 944 2459 in
975 2421 1034 2459 ed.
1065 2419 1215 2460 Asshen.
1306 2423 1371 2462 11.
1403 2417 1493 2460 τάδ’
1525 2417 1769 2461 εὐτελέστατ’

200 2474 279 2516 ἐστ’
323 2474 592 2546 Hermannus]
635 2473 746 2516 ταῦτ’
789 2473 1047 2516 εὐτελέστατ’.
1100 2474 1324 2516 ἐτελέστατα
1351 2478 1396 2517 P.
1434 2475 1481 2516 τὰ
1517 2492 1613 2529 μετα
1652 2475 1769 2518 ταῦτ’

200 2530 372 2585 εὐτελῆ’
378 2530 439 2572 στ’
471 2535 690 2574 Dobraeus.
738 2531 862 2573 α’κουε
894 2531 960 2587 δή]
989 2530 1197 2573 ἀκούετε
1226 2535 1274 2574 Κ.
1366 2536 1431 2575 12.
1459 2530 1639 2590 Ὀρθάνῃ
1674 2536 1771 2576 Din-

201 2592 303 2631 dorf.
307 2589 320 2643 ]
342 2587 567 2654 Ὀρθάννη.
599 2588 675 2640 τρί’
699 2587 884 2643 ἡμιεκτέα
905 2587 1092 2644 Casaub.]
1115 2590 1354 2662 τριημίεκτα.
1446 2593 1511 2632 13.
1542 2591 1768 2660 Κονισάλῳ]

200 2643 428 2702 κονησάλλῳ
467 2648 516 2691 Α,
621 2649 686 2687 14.
725 2647 976 2698 πινακίσκος]
1017 2647 1248 2687 πινακίσκοι
1275 2649 1321 2689 Β.
1411 2650 1477 2689 16.
1515 2647 1672 2719 πύργης
1709 2663 1770 2689 τε-

200 2703 361 2757 τάρτης]
401 2710 532 2756 πυγῆς
561 2703 733 2766 τετάρτη
763 2705 917 2745 Iacobs.
947 2705 1086 2745 Addit.
1118 2705 1266 2745 Athen.
1311 2706 1408 2745 238.
1448 2704 1600 2759 περκνὴ
1637 2720 1770 2759 γιγαρ-

201 2776 258 2808 τις
289 2757 575 2801 Hermannus.
599 2763 651 2802 cf.
682 2762 854 2813 Hesyoh.
885 2760 1080 2826 γιγαρτίς·
1112 2761 1269 2811 σταφίς.
1313 2762 1520 2813 Aristoph.
1554 2764 1654 2805 Aah.
1687 2764 1770 2803 274

200 2817 536 2870 καταγιγαρτίσαι
582 2833 633 2858 an
661 2824 844 2871 γοῦρος
884 2814 1281 2871 τετράδραχμοςῗ
1329 2818 1425 2858 κυνί
1451 2818 1619 2873 Iacobs.]
1661 2819 1767 2860 κυσί.

201 2873 441 2927 κυνηγέταιν
461 2875 718 2916 Herwerden.
741 2876 836 2916 Obs.
859 2877 947 2916 erit.
969 2874 1042 2928 32]
1066 2873 1313 2928 κυνηγέταις.
1345 2872 1765 2928 cf.13.17.A69-
