1872 3224
410 217 803 253 ΨΕΤΔΗΡΑΚΛΗΣ
849 218 1061 255 ΑΔΗΛΩΝ
1077 220 1347 255 ΔΡΑΜΑΤΩΝ
1589 219 1669 264 195

54 301 232 369 Ιῖκακῶν.
263 319 452 377 κέχρηται
481 320 527 362 δὲ
547 320 655 380 αὐτῷ
677 323 894 365 καινότατα
914 325 1165 379 Φερεκράτης
1186 328 1265 367 κτλ.
1295 323 1454 366 κόἵλεκτ’
1487 325 1666 380 Bekker]

48 379 150 435 >aaz
177 379 336 424 ἅλεκτα.
366 383 416 421 ad
448 381 662 422 Chironem
694 383 790 423 haec
820 384 944 424 verba
972 385 1182 427 referenda
1211 387 1252 425 et
1281 387 1374 425 ante
1405 385 1452 425 fr.
1488 385 1568 424 145
1598 398 1669 436 po-

40 439 219 513 ίμιιοιιᾶε,
248 453 334 481 esse
363 440 592 480 Meinekius
623 442 794 481 coniecit
822 441 842 480 I
875 442 941 482 78.
975 444 1015 481 9.
1508 443 1515 447 ’

842 577 922 620 158

846 657 1009 709 σκέψαι
1041 656 1096 700 δέ
1119 673 1210 713 μου

287 724 340 769 τὸ
369 725 602 783 μέτωπον,
636 726 677 768 εἰ
704 724 884 782 θέρμην
915 727 1081 782 ἔχουσα
1111 726 1336 782 τυγχάνω.

8 838 32 869 ¹·
201 810 376 851 Zonaras
415 807 548 862 θέρμη
591 807 660 849 καὶ
697 806 842 862 θέρμα.
891 808 1164 862 Φερεκράτης·
1203 807 1354 860 σκέψαι
1390 813 1470 853 κτλ.
1517 812 1667 864 Phryn.

1 910 28 919 ,,
81 868 192 921 Epit.
226 869 306 908 331
339 865 492 920 θέρμα·
525 865 653 915 οὕτως
686 865 931 918 Μένανδρος
971 865 1038 907 διά
1069 873 1141 907 τοῦ
1170 871 1214 921 ἆ,
1251 862 1337 907 ἀλλ’
1377 866 1468 907 οὕτε
1509 868 1669 908 Θουκυο

81 924 200 979 δίδης
231 923 323 966 οὔτε
342 921 369 978 ἡ
390 922 536 979 ἀρχαία
557 924 744 980 κωμῳδία
767 923 859 965 οὔτε
881 923 1070 979 Πλάτων,
1090 923 1221 978 θέρμη
1245 923 1299 965 δέ.
1328 926 1400 966 ubi
1421 927 1471 965 cf.
1496 927 1669 967 Lobeck.

842 1061 924 1104 159

289 1141 483 1199 τρώγων
515 1142 789 1198 ἐρεβίνθους
820 1139 1045 1198 ἀπεπνίγη
1076 1141 1440 1198 πεφρυγμένους.

196 1227 430 1267 Αἱὼθηειθηε
460 1227 498 1276 2,
527 1227 620 1266 5510
651 1223 905 1279 Φερεκράτης
930 1256 940 1267 .
965 1255 974 1265 .
999 1257 1007 1266 .
1031 1224 1098 1279 (fr.
1122 1224 1195 1278 84)
1216 1224 1359 1265 πάλιν·
1392 1220 1556 1278 τρώγων
1585 1227 1667 1267 κτλ.

0 1354 9 1413 ’,
845 1350 927 1393 160
986 1404 988 1407 y

0 1411 22 1453 ⁵¹⁵⁸
290 1430 439 1488 ἤνπερ
471 1433 651 1488 φρονῇς
681 1422 750 1486 εὖ,
781 1430 926 1486 φεῦγε
955 1429 1040 1486 τὴν
1079 1430 1312 1473 Βοιωτίαν.

196 1516 464 1556 Dicaearchus
485 1515 537 1554 V.
561 1515 701 1555 Graec.
725 1529 764 1566 p.
789 1516 842 1554 29
875 1511 966 1554 τάδ’
1000 1512 1043 1554 ἐκ
1073 1512 1205 1566 πάσης
1238 1518 1306 1565 τῆς
1333 1509 1522 1561 Ἑλλάδος
1553 1509 1672 1563 ἀκλη-

83 1572 239 1626 ρήματα
269 1573 326 1621 εἰς
359 1570 430 1620 τὰς
462 1578 533 1624 τῆς
565 1573 756 1620 Βοιωτίας
787 1571 921 1620 πόλεις
941 1571 1153 1626 κατερρύη.
1175 1568 1196 1612 ὁ
1219 1570 1348 1623 στίχος
1370 1569 1668 1624 Φερεκράτους·

81 1630 211 1685 ἤνπερ
240 1633 323 1671 κτλ.
353 1629 483 1684 ἤνπερ
515 1628 709 1683 Meinek]
743 1628 886 1683 ἄνπερ.

846 1743 924 1785 161

309 1823 394 1880 τὴν
423 1821 608 1879 γαστέρ’
640 1821 740 1881 ᾕων
770 1820 985 1878 κάχύρων
1017 1821 1304 1877 σεσαγμένος.

199 1908 331 1948 Schol.
361 1908 479 1947 Hom.
514 1907 591 1947 Od.
627 1909 664 1953 2,
698 1907 779 1946 289
813 1908 853 1946 et
881 1905 1119 1945 Eustathius
1162 1905 1283 1953 1445,
1317 1905 1370 1942 42
1409 1900 1481 1955 ἤια
1520 1901 1669 1954 κυρίως

83 1963 184 2005 κατὰ
209 1958 508 2019 Ἐρατοσθένην
537 1960 717 2017 ὀσπρίων
746 1961 934 2014 καλάμαι.
975 1961 1043 2001 καὶ
1072 1960 1324 2013 δισυλλάβως
1363 1958 1407 2000 ἐν
1445 1957 1672 2012 συναιρέσει

83 2018 161 2079 ᾖα,
192 2020 248 2071 ὥς
284 2020 351 2061 καὶ
390 2016 643 2074 Φερεκράτης
682 2018 756 2072 τὴν
793 2014 949 2074 γαστέρ’
993 2018 1081 2074 ’ᾔων
1116 2021 1198 2062 κτλ,
1238 2015 1478 2071 σεσαγμένος
1516 2015 1670 2070 Schol.]

87 2078 357 2134 σεσαγμένους
388 2080 574 2119 Ευείῑειιὶι.

847 2190 928 2233 162

291 2271 513 2328 ὕβριστον
544 2273 681 2327 ἔργον
712 2270 788 2313 καὶ
819 2270 1021 2325 κόβαλον
1053 2268 1264 2325 εἰργάσω.

203 2357 376 2397 Bekker.
407 2345 562 2396 An'eod.
595 2356 692 2404 368,
716 2356 769 2394 22
801 2350 1051 2406 Φερεκράτης
1081 2349 1127 2391 δὲ
1157 2351 1211 2406 τῷ
1240 2349 1415 2403 κόβαλον
1446 2347 1670 2402 συμπλέξας

90 2412 134 2454 τὸ
163 2412 358 2467 ’ὕβριστον
395 2407 527 2453 εἶπεν·
566 2410 759 2464 ῧβριστον
788 2413 871 2451 κτλ.
925 2412 975 2451 cf.
1008 2410 1114 2450 Plan.
1148 2411 1214 2458 98,
1249 2412 1287 2449 3.
1348 2409 1520 2448 Lobeck.
1551 2408 1670 2446 Para-

89 2474 158 2524 lip.
191 2473 261 2512 40.
295 2475 332 2512 1.
364 2472 521 2511 Pathol.
553 2472 655 2522 prol.
678 2472 759 2510 399
791 2470 883 2509 adn.
906 2470 946 2507 4.
979 2469 1026 2508 de
1057 2480 1154 2508 voce
1184 2464 1354 2518 κόβαλος
1386 2467 1436 2505 cf.
1459 2465 1670 2515 Aristoph.

86 2530 163 2580 Eq.
197 2531 278 2570 635
311 2543 401 2570 cum
430 2530 601 2580 interpr.

845 2638 927 2681 163

295 2718 472 2772 ἀτόπως
501 2723 703 2774 καθίζων
733 2716 871 2762 κούδὲ
901 2718 1176 2773 γιγνώσκειν
1207 2715 1371 2757 δοκῶν.

204 2806 378 2846 Bekker.
415 2806 566 2845 Anecd.
606 2805 709 2853 460,
745 2804 799 2842 10
842 2799 910 2840 καὶ
948 2796 1106 2847 ἀτόπως
1146 2796 1188 2838 τὸ
1225 2793 1448 2849 ἀσυνήθως
1486 2793 1554 2836 καὶ
1597 2792 1670 2836 ἀν·

92 2862 309 2913 επιφάτως.
347 2859 506 2910 ἀτόπως
537 2884 592 2891 ——
623 2861 778 2911 δοκῶν,
809 2857 909 2910 φησὶ
937 2855 1203 2909 Φερεκράτης.
1244 2856 1294 2895 cf.
1326 2855 1471 2905 Eupol.
1506 2856 1598 2902 180,
1633 2855 1671 2892 2.

91 2921 228 2971 potuit
266 2923 437 2970 uterque
471 2921 590 2971 poeta
629 2918 767 2958 eodem
804 2929 924 2958 versu
960 2916 1035 2955 uti.
1086 2913 1229 2963 δοκῶν,
1266 2914 1294 2952 i.
1327 2925 1358 2954 e.
1389 2913 1585 2951 simulans
1613 2923 1674 2950 me

1332 2977 1399 3012 13*Ι
