1872 3224
341 171 858 213 ΘΕΣΜΟΦΟΡῙΑΖΟΤΣΑῙ
882 181 1126 217 ΔΕΊἼἮΡΑῙ
1190 186 1428 222 ΚΩΚΑΛΟΣ
1580 191 1662 235 483

39 275 267 330 χέ’ριδάξᾱς
301 272 374 331 τὴν
403 278 616 333 κωμῳδίαν
646 281 794 334 ταύτην
832 283 1051 342 (Πλοῦτον)
1093 286 1155 328 ἐπὶ
1191 295 1244 329 τῶ
1280 291 1368 331 ἰδίω
1399 290 1559 346 ὀνόματι
1588 330 1597 339 .
1618 326 1627 336 .
1652 326 1660 335 .

47 362 58 402 2
94 332 375 381 τᾶιῦπόλοιπα
406 335 483 376 δύο
513 333 567 376 δι’
602 335 799 379 ἐκείνου
827 339 1051 396 (Ἀραρότος
1074 351 1142 385 τοῦ
1162 331 1286 400 vilae)
1317 335 1526 405 κάθῆκε,
1558 351 1657 392 Km‘-

31 416 48 450 ἢ
68 395 256 456 ,ᾗιῆᾱλωον
283 392 368 434 καὶ
400 393 759 454 Αἰολοσίκωνα.
818 413 896 450 quo
927 402 1072 442 factum
1104 407 1165 443 est
1194 407 1240 444 ut
1270 408 1468 447 interdum
1501 411 1658 451 Araroti

84 450 239 498 'fabula
266 452 527 495 tribueretur.

24 530 141 598 *jv-{¹⁷
165 539 172 543 ”
849 569 934 612 345

46 666 48 669 ·
152 667 157 670 '
301 656 489 712 παρέσο,
522 658 784 714 κατέτριβεν
814 659 966 714 ἱμάτια
997 659 1186 706 κᾶπειτά
1213 678 1306 715 πως

303 726 461 784 φῷδας
491 725 710 778 τοσαύτας
739 724 829 783 εἶχε
858 727 939 772 τὸν
969 729 1147 788 χειμῶν’
1180 731 1301 775 ὅλον.

5 877 14 886 Ἴ
210 828 430 868 Erotianus
466 812 564 877 133,
606 830 642 868 9.
686 830 784 877 134,
826 831 848 868 3
889 830 1019 870 Klein.
1058 831 1208 886 φῳδες·
1254 830 1334 872 ἔστι
1370 831 1443 884 μὲν
1487 831 1508 874 v‘
1557 835 1657 884 λέξις

5 892 18 933 {5
99 882 278 939 Δωρική,
309 887 480 924 καλοῦσι
509 882 554 924 δὲ
584 884 722 940 φῷδας
753 884 799 925 τὰ
831 884 873 925 ἐκ
904 893 974 926 τοῦ
1012 888 1137 941 πυρὸς
1171 886 1377 942 γινόμενα,
1416 890 1579 941 μάλιστα
1618 892 1658 931 δὲ

95 940 197 984 ὅταν
226 940 270 983 ἐκ
300 939 459 995 ψύχους
491 939 534 982 ἐν
563 948 616 998 τῷ
646 942 744 995 πυρὶ
772 943 982 996 καθίσωσι,
1014 946 1228 999 στρογγύλα
1259 945 1560 1000 ε’πιφλογίσματα
1582 979 1592 988 .
1614 979 1624 988 .
1648 980 1655 987 .

68 1059 295 1111 .Ειιρ1η·οε.
326 1059 346 1098 Ι
388 1061 453 1099 18.
496 1056 635 1111 πάρες,
666 1056 702 1098 ὠ’
732 1059 928 1110 Bergkius
969 1058 1066 1113 (non
1103 1061 1343 1114 Meinekius,
1380 1065 1425 1101 ut
1459 1066 1520 1102 est
1555 1064 1659 1114 apud

95 1114 335 1170 Kleinium).
373 1113 523 1168 πατρὸς
544 1116 729 1156 Dindorf.
760 1114 928 1156 κᾶπειτά
957 1113 1056 1173 πως]
1087 1116 1256 1158 κοῖπειτα
1275 1118 1359 1166 πῶς
1381 1119 1423 1159 C.
1447 1116 1658 1173 τοσαύτας]

95 1172 283 1222 τοιαύτας
314 1174 362 1213 Β.
395 1169 557 1225 χειμῶν’
592 1171 685 1213 ’ὅλον
714 1175 948 1214 Eustachius
977 1177 1018 1215 et
1048 1175 1212 1216 Seidler.
1251 1176 1456 1227 Aristoph.
1487 1177 1550 1216 Fr.
1585 1174 1656 1229 11]

94 1230 383 1284 χειμῶναυλον.
444 1229 625 1285 Κωκάλῳ
664 1231 790 1283 vulg]
832 1227 985 1286 κολάκῳ
1023 1246 1159 1273 omnes
1198 1233 1291 1272 boni
1331 1234 1417 1273 cod.
1457 1236 1659 1285 praeterea.

96 1290 246 1330 Minori
277 1289 363 1332 cod.
395 1289 502 1346 Flor.
534 1290 666 1341 Etym.
699 1303 752 1328 m.
785 1287 1007 1342 (Melanges
1038 1287 1138 1343 305)
1169 1288 1316 1340 εἷ’χετον
1352 1303 1424 1340 pro
1462 1284 1537 1341 εἶχε
1577 1287 1656 1330 τὸν.

94 1361 226 1400 neque
255 1345 380 1399 πάρες
411 1347 441 1386 ὠ
483 1360 612 1398 neque
641 1344 764 1396 πάρες
793 1344 827 1386 ὠ’
856 1347 1015 1385 admitti
1041 1349 1184 1398 potest.
1231 1347 1414 1386 facillime
1462 1347 1655 1397 intellegi-

0 1426 17 1453 ,’
94 1407 164 1445 tur
199 1405 340 1456 Eurip.
380 1405 435 1446 fr..
464 1406 548 1444 310
584 1405 635 1443 N.
674 1403 818 1455 πάρες,
851 1397 882 1442 ὦ
913 1401 1048 1455 σκιερὰ
1078 1398 1251 1454 φυλλάς,
1289 1400 1449 1455 ὑπερβῶ
1486 1406 1657 1455 κρηναῖα

98 1461 219 1514 νάπη,
250 1462 443 1503 facillime
479 1463 563 1502 eius
599 1463 785 1502 carminis
815 1461 976 1512 parodia
1010 1461 1129 1513 Vesp.
1162 1463 1241 1500 757
1272 1459 1417 1512 πάρες,
1447 1455 1479 1499 ὦ
1509 1459 1658 1512 σκιερά.

97 1522 140 1560 at
168 1521 234 1574 hic
262 1523 394 1571 neque
424 1520 613 1571 parodiae
643 1519 754 1559 locus
786 1522 847 1559 est
879 1531 1006 1569 neque
1034 1522 1126 1570 apta
1162 1531 1296 1558 earum
1325 1531 1467 1558 vocum
1496 1516 1659 1571 (omisso

97 1578 337 1629 praesertim
367 1576 568 1628 vocativo)
600 1577 879 1627 interpretatio
909 1577 1128 1627 excogitari
1157 1578 1304 1626 potest.
1345 1575 1530 1615 videntur
1558 1575 1660 1614 inter

80 1632 248 1688 ,παρέσο
277 1637 319 1676 et
345 1632 575 1688 κατέτριβεν
603 1637 769 1685 propter
797 1647 932 1674 earum
952 1646 1051 1683 quae
1078 1633 1343 1684 sequebantur
1363 1631 1658 1671 similitudinem

96 1706 245 1744 paucae
281 1693 443 1732 litterae
480 1692 694 1732 excidisse:
742 1693 792 1732 A.
825 1689 972 1742 (πάντα
1007 1688 1094 1742 γὰρ)
1126 1687 1298 1741 παρεὶς
1325 1687 1331 1741 Ι
1364 1686 1528 1740 ο(ὶ’κοι)
1572 1701 1659 1726 κατ-

97 1747 226 1804 έτριβε
277 1748 489 1802 θαίμάτια.
533 1750 578 1791 Β.
617 1746 785 1787 κᾶπειτα
821 1748 905 1795 πῶς
932 1747 937 1797 i
965 1746 1102 1802 φῷδας
1140 1742 1330 1793 τοσαύτας
1368 1743 1469 1795 ἔσχε
1508 1745 1558 1782 Α.
1591 1742 1660 1782 τὸν

96 1804 260 1860 χειμῶν’
293 1805 391 1847 δ’λον
417 1808 422 1858 Ι
449 1804 576 1862 (παρὰ
607 1803 677 1846 τὸν
706 1803 826 1845 ἰπνὸν
854 1800 1064 1857 καθῆστο).
1125 1805 1282 1843 constat
1319 1802 1499 1852 pustulas
1537 1801 1657 1852 signi-

98 1865 211 1906 ficari
240 1867 284 1905 in
314 1866 462 1905 Minois
493 1877 659 1915 corpore
691 1878 713 1903 a
744 1862 1000 1903 Cretensibus
1030 1863 1231 1911 inventas,
1262 1872 1404 1909 easque
1435 1858 1512 1897 alio
1542 1858 1657 1896 modo

97 1936 218 1974 quam
257 1936 336 1974 quo
376 1926 494 1963 natae
533 1925 648 1962 erant
685 1935 707 1959 a
746 1920 887 1960 Cocalo
925 1919 1127 1969 explicari.
1189 1917 1328 1956 Pollux
1369 1917 1412 1963 7,
1447 1916 1499 1953 10
1528 1912 1656 1968 φῷδες

98 1977 143 2019 δὲ
172 1979 219 2020 αἶ
244 1976 324 2019 άπὸ
356 1980 426 2031 τῆς
457 1977 603 2032 φλογὸς
635 1974 888 2029 φλύκταιναι.
927 1976 1095 2015 Bekker.
1127 1973 1277 2014 Anecd.
1310 1974 1384 2021 70,
1415 1973 1467 2010 27
1506 1969 1654 2024 φῷδες·

98 2035 145 2078 τὰ
177 2036 223 2077 ἐν
254 2041 335 2086 τοῖς
366 2035 521 2077 σκέλεσι
550 2032 736 2090 γινόμενα
765 2031 1049 2084 ὑπεκκαύματα
1079 2027 1159 2070 ὑπὸ
1188 2035 1258 2069 τοῦ
1287 2026 1425 2080 πυρός,
1455 2024 1659 2066 ἐπειδάν

86 2109 171 2146 Υτις
201 2093 414 2146 πλησίον
451 2091 610 2133 αὐτοῦ
645 2089 899 2144 καθιζάνῃ
931 2122 940 2131 .
961 2120 970 2130 .
995 2118 1003 2127 .
1040 2087 1212 2128 κλίνεται
1242 2085 1388 2140 φῳδός.
1448 2082 1585 2130 ἑνικῶς
1614 2079 1658 2121 δὲ

97 2149 146 2199 οὐ
162 2149 332 2205 λέγεται,
354 2148 449 2193 οὐδε
470 2151 632 2200 δυϊκῶς,
653 2145 750 2188 άλλά
771 2146 1066 2198 πληθυντικῶς.
1089 2146 1138 2186 cf.
1160 2145 1280 2184 etiam
1301 2143 1430 2183 Schol.
1455 2140 1657 2190 Aristoph.

98 2210 206 2251 Plut.
239 2211 335 2250 535.

0 947 33 979 κεν,

0 979 42 1070 ξ’
95 999 164 1041 καὶ
190 997 484 1054 Ἀριστοφάνης
516 997 560 1039 ἕν
589 998 767 1055 Κωκάλῳ
798 1001 901 1052 φησί
927 1005 1006 1042 κτλ.
1056 1001 1219 1057 παρέσο]
1251 1002 1374 1058 πάρες
1403 998 1436 1045 ὦ
1467 1006 1655 1046 Fritzsch.

0 1090 21 1183 Ξ

0 1184 18 1239 Ξ

0 1239 8 1247 ι

848 2317 932 2361 346

308 2418 362 2460 Α.
392 2407 424 2470 ἦ
454 2413 658 2469 λοιδορία
687 2427 754 2461 τις
784 2406 953 2465 ἐγένεθ’
987 2404 1115 2462 ὑμῖν;
1147 2407 1196 2447 Β.
1227 2402 1435 2458 πώμαλα·

310 2482 413 2527 οὐδ’
447 2479 575 2525 εἶπον
606 2479 756 2523 οὐδέν.

216 2585 478 2637 Harpocratio
507 2580 693 2633 πώμαλα·
725 2575 815 2617 ἀντὶ
844 2582 912 2616 τοῦ
943 2571 1125 2626 οὐδαμῶς
1158 2605 1166 2614 .
1190 2600 1198 2608 .
1221 2603 1230 2612 .
1261 2561 1360 2607 πολὺ
1398 2564 1437 2606 δ’
1479 2564 1585 2605 ἐστὶν
1615 2561 1658 2603 ἕν

102 2641 150 2697 τῇ
179 2638 325 2696 ἀρχαίᾳ
357 2639 556 2695 κωμῳδίᾳ.
610 2632 916 2689 Ἀριστοφάνης·
947 2629 1119 2680 λοιδορία
1155 2629 1234 2694 κτλ.
1294 2626 1436 2692 Suidas
1473 2621 1657 2691 πρόμαλα·

137 2729 146 2740 .
168 2728 176 2738 .
216 2697 313 2752 παρ’
357 2691 634 2751 Ἀριστοφάνει
678 2692 722 2733 ἐν
761 2690 945 2743 Κωκάλῳ.
1004 2688 1067 2727 δεῖ
1101 2683 1143 2724 δὲ
1179 2691 1469 2750 αναγινῳσκειν
1499 2694 1558 2727 υφ
1599 2678 1659 2745 ’ἲν

98 2754 281 2808 πώμαλα.
334 2756 507 2807 Hesych.
550 2758 692 2804 κῦρον·
733 2746 820 2789 οὔτ’
861 2743 973 2787 εἶπον
1011 2740 1129 2783 οὐδὲν
1165 2738 1261 2792 πρὸς
1299 2750 1343 2776 σε
1378 2743 1503 2789 κῦρον
1543 2734 1657 2800 (υνδε

98 2811 198 2864 πρὸς
227 2811 354 2866 κύρον
383 2812 509 2864 cod.)‚
541 2805 573 2849 ὦ
601 2804 734 2862 γύναι.
780 2805 841 2845 σοὶ
869 2798 1035 2855 άνῆκον,
1066 2798 1120 2846 εἰς
1151 2795 1194 2836 σὲ
1225 2799 1366 2843 τεῖνον,
1397 2795 1501 2833 unde
1534 2794 1654 2856 Fritz-

100 2871 232 2910 sebius
263 2873 433 2910 alterum
465 2881 623 2909 versum
655 2865 829 2915 suppleri
863 2861 991 2901 iussit.
1051 2852 1077 2908 ἦ
1108 2855 1223 2894 initio
1262 2852 1415 2937 addidit
1454 2849 1658 2899 Bergkms.

1324 2920 1362 2950 31
