1872 3224
618 206 842 241 ΜΑΡῙΚΑΣ
907 209 1192 247 NOTMHNIAI
1601 218 1683 260 313

861 310 943 354 201

315 383 756 443 ἐντεθετταλίσμεθα

221 479 449 532 Stephanus
481 481 577 532 Byz.
615 482 830 523 Θεσσαλία·
868 484 1019 540 λέγεται
1054 487 1121 528 καὶ
1152 491 1386 542 θετταλίζω,
1427 490 1480 540 ὥς
1519 493 1683 546 δωρίζω.

103 531 178 588 ἀφ’
212 531 264 578 οὗ
293 534 336 576 τὸ
367 535 757 592 ε’ντεθετταλίσμεθα
787 542 893 596 παρὰ
925 550 979 600 τῷ
1010 542 1208 586 Εὐπόλιδι
1230 547 1274 587 ἐν
1296 549 1478 605 Μαρικᾷ,
1508 551 1684 591 τουτέστι

104 591 287 648 χλαμύδα
327 593 575 649 Θετταλικὴν
608 597 818 651 ’φοροῦμεν
852 597 879 653 ἢ
917 601 1161 643 Θετταλικὸν
1190 605 1347 655 πτερόν.
1386 607 1526 648 Pollux
1559 612 1597 657 7,
1629 612 1681 649 46

31 658 61 701 ζ,-
102 650 172 692 uoci
201 650 587 706 ἔντεθετταλίσμεθα
625 653 761 710 ἔλεγον
796 657 838 697 τὸ
869 660 1261 714 χλαμυδοφοροῢμεν.
1292 664 1506 705 Herodian.
1539 666 1558 705 I
1587 668 1682 713 443,

25 735 32 756 ‚›
91 711 174 768 16.
196 710 370 763 Hesych.
409 708 779 753 ε’ντεθετταλίσθαι·
820 714 1211 769 ἐγκεχλαμυὸῶσθαι.
1250 719 1428 773 σύνηθες
1469 721 1542 775 γὰρ
1587 723 1682 763 Θετ-

103 770 237 817 ταλοῖς
273 769 608 825 χλαμυδοφορεῖν.
641 773 727 813 sine
765 775 886 815 dubio
923 777 966 815 in
1003 777 1265 829 ambiguitate
1304 779 1436 830 aliqua
1469 781 1681 821 verborum

105 826 276 879 Eupolis
307 828 473 868 luserat.

863 945 948 988 202

313 994 542 1054 θερισμόν

0 1111 7 1143 3
34 1115 38 1116 ν
217 1088 309 1133 ἀντὶ
340 1099 414 1134 τοῦ
443 1090 599 1147 ἀμητόν
623 1092 837 1148 Ἡρόδοτος
869 1095 1047 1153 τετάρτῳ.
1081 1097 1261 1148 Εὔπολις
1294 1102 1479 1155 Μαρικᾷ.
1512 1101 1682 1140 Bekker.

0 1161 3 1163 ’
104 1151 256 1191 Anecd.
290 1153 358 1204 93,
384 1155 449 1193 11.
483 1155 590 1205 apud
623 1154 771 1198 Herod.
793 1157 831 1203 4,
854 1158 907 1194 42
929 1170 1009 1196 non
1048 1155 1239 1210 θερισμός
1271 1161 1424 1199 exstare
1446 1159 1515 1198 sed
1536 1156 1684 1210 ἄμητος

103 1209 328 1250 Meinekius
359 1211 580 1252 adnotavit.

860 1326 943 1369 203

310 1377 617 1433 ὀφλισκάνειν

217 1471 402 1523 Εὔπολις
448 1477 633 1532 Μαρικᾷ.
681 1478 853 1520 Bekker.
885 1480 1032 1522 Anecd.
1075 1482 1173 1529 111,
1207 1480 1244 1520 5.
1278 1480 1452 1534 Μαρικᾷ
1490 1477 1680 1531 Meinek]

104 1533 378 1588 Μακαρισμῷ.

856 1649 943 1691 204

310 1703 595 1760 σταμνάριον

216 1784 398 1835 Εὔπολις
430 1785 474 1827 ἐν
505 1793 559 1844 τῷ
591 1790 763 1844 Μαρικᾷ
794 1788 969 1840 εἴρηκεν.
1003 1790 1144 1829 Pollux
1179 1791 1243 1838 10,
1276 1790 1342 1828 73.

218 1868 268 1908 In
297 1869 516 1908 Marieante
547 1870 724 1920 Eupolin
763 1871 972 1921 parabasis
1010 1883 1127 1921 quam
1164 1871 1290 1909 totam
1327 1868 1542 1918 Equitibus
1579 1868 1680 1906 inse-

103 1925 271 1965 rendam
301 1927 565 1977 Aristophani
597 1928 762 1967 dederat
792 1930 948 1978 partem
979 1927 1188 1978 repetiisse
1219 1926 1420 1966 sententia
1449 1927 1512 1964 est
1541 1924 1679 1963 Kireh-

74 2017 77 2021 ,
101 1983 216 2023 hoffii
246 1984 387 2023 Herm.
418 1984 519 2022 XIII
551 1986 645 2023 292.

750 2109 1033 2143 NOTMHNIAI

221 2214 518 2264 Argumentum
548 2213 756 2264 Aristoph.
791 2199 1194 2263 Αοὶιατῃ.ἐ’διδοὶχθη
1225 2210 1289 2270 ἕῖτὶ
1309 2203 1509 2250 Εὐθύνου
1538 2207 1680 2262 ἄρχον-

101 2284 168 2318 τος
200 2268 245 2310 ἐν
276 2269 475 2322 Ληναίοις
506 2268 573 2309 διὰ
605 2269 914 2323 Καλλιστράτου.
946 2269 1013 2310 καὶ
1041 2275 1194 2322 πρῶτος
1233 2271 1297 2321 ἠν.
1359 2267 1538 2319 δεύτερος
1579 2268 1677 2317 Κρα-

102 2331 210 2375 τῖνος
244 2326 565 2380 Χειμαζομένοις.
598 2323 645 2367 οὐ
677 2327 850 2384 σῷζεται.
884 2327 1009 2381 τρίτος
1048 2325 1227 2374 Εὔπολις
1265 2324 1532 2377 Νουμηνίαις.
1593 2326 1680 2362 acta

103 2387 230 2438 igiimr
261 2388 322 2426 est
352 2386 417 2426 Ol.
449 2387 516 2435 88,
552 2387 589 2425 3.
623 2387 840 2427 Elmsleius
871 2387 991 2426 Auct.
1022 2385 1227 2435 Aristoph.
1260 2384 1358 2424 th.
1380 2397 1420 2433 p.
1447 2383 1525 2421 113
1557 2381 1680 2420 verba

103 2439 151 2482 οὐ
183 2440 346 2496 σῴζεται
376 2446 470 2494 post
500 2443 755 2494 Νουμηνίαις
786 2443 1080 2494 transponenda
1101 2443 1335 2492 suspicatur,
1366 2442 1412 2478 ut
1432 2451 1561 2489 neque
1583 2438 1677 2475 Χει-

75 2497 348 2552 ,μαζομένους
379 2514 508 2551 neque
540 2500 779 2552 Νουμηνίας
823 2503 978 2540 exstare
1016 2499 1277 2550 significetur.
1337 2497 1483 2536 titulus
1520 2494 1677 2534 fabulae

103 2558 154 2597 ad
182 2570 310 2598 novae
331 2559 450 2598 lunae
482 2571 594 2599 saera
625 2561 803 2609 spectare
833 2559 1006 2598 videtur.
1041 2556 1236 2606 Porphyr.
1266 2555 1326 2594 De
1347 2554 1492 2592 abstin.
1523 2552 1564 2591 II
1598 2551 1676 2620 129

103 2613 230 2654 θύειν
259 2619 339 2662 τοῖς
369 2613 622 2668 προσήκουσι
652 2614 807 2668 χρόνοις
838 2612 937 2653 κατὰ
975 2618 1083 2665 μῆνα
1115 2611 1281 2675 ἕκαστον
1314 2613 1413 2680 (ταίςι
1442 2621 1676 2678 νουμηνιαις

105 2673 382 2722 στεφανοῦντα
413 2672 480 2713 καὶ
510 2672 786 2726 φαιδρύνοντα
816 2669 885 2711 τὸν
917 2668 1069 2722 Ἑρμῆν
1105 2667 1170 2708 καὶ
1210 2683 1283 2719 τήν
1322 2668 1490 2718 Εκατην
1525 2680 1592 2735 και
1631 2679 1676 2702 τα

102 2727 222 2770 λοιπὰ
254 2731 335 2770 τῶν
364 2731 485 2782 ἱερῶν
515 2760 526 2770 .
560 2762 568 2771 .
601 2762 610 2771 .
648 2729 715 2769 καὶ
753 2735 871 2781 τιμᾶν
910 2729 1141 2780 λιβανωτοῖς
1180 2724 1248 2765 καὶ
1283 2727 1471 2774 ψαιστοῖς
1507 2737 1574 2762 και
1610 2735 1676 2759 πο-

103 2786 260 2835 πάνοις.
293 2789 467 2828 Meinek.
490 2789 511 2828 I
534 2790 626 2829 140.
658 2789 884 2840 fragmenta
913 2799 993 2825 non
1024 2786 1193 2824 exstant.
1224 2783 1402 2833 Eupolin
1432 2781 1591 2832 repulsa
1621 2779 1676 2818 of-

105 2845 260 2886 fensum
292 2847 470 2886 fabulam
499 2860 580 2886 non
612 2846 782 2886 edidisse
813 2845 1034 2884 arbitratur
1062 2841 1306 2881 Fritzschius
1338 2839 1384 2886 Q.
1418 2839 1543 2879 Arist.
1579 2838 1676 2901 1¹39.

105 2905 213 2953 quod
244 2904 541 2944 Herwerdenus
572 2904 692 2942 Anal.
717 2903 804 2943 erit.
829 2904 879 2940 27
891 2914 947 2951 sq.
980 2900 1249 2950 fragmentum
1273 2897 1433 2936 fabulae
1454 2905 1676 2946 repperisse
