1872 3224
594 206 966 241 ΦΕΡΕΚΡΑΤΟΤΣ
1003 207 1189 243 ΑΓΑΘοΙ
1369 198 1375 206 ’
1608 209 1690 252 145

654 367 1137 420 ΦΕΡΕΚΡΑΤΗΣ

217 461 422 515 Anonym,
453 461 516 502 De
545 474 648 502 com.
680 462 743 502 ΙΠ
771 477 811 514 p,
843 463 918 502 XV
950 465 1004 504 38
1035 464 1193 507 Duebn.
1222 466 1345 508 Mein.
1377 466 1396 505 Ι
1429 467 1552 517 66sq.

809 577 996 612 ΑΓΑΘΟΙ

78 647 92 702 f
159 685 162 689 .
220 647 455 688 Athenaeus
493 647 782 688 Eratosthenis
821 638 867 688 'ut
902 649 1065 689 videtur
1102 649 1295 689 iudicium
1342 653 1523 701 secutus,
1572 664 1693 702 quem

59 704 76 758 J
90 706 331 750 ;eomoedias
360 706 646 746 Pherecrateas
678 706 868 746 adcurate
899 707 1138 747 tractavisse
1168 709 1348 758 constat,
1378 709 1481 749 hanc
1511 709 1693 749 fabulam

10 777 19 803 ·,
181 763 274 805 aliis
306 763 499 804 Strattidi
529 764 726 804 tributam
764 777 850 804 esse
881 764 1096 817 significat.
1129 767 1166 814 6,
1200 766 1282 805 248
1295 779 1327 805 c.
1363 769 1429 816 10,
1461 767 1545 806 415
1556 780 1588 808 c.
1623 767 1690 817 15,

66 830 84 866 -“Ῑ
102 822 236 864 685b.
269 821 321 861 cf.
363 822 539 861 Meinek.
570 822 592 861 I
623 823 691 864 69.
738 822 910 876 fortasse
948 822 1234 863 Pherecrateae
1272 823 1434 864 fabulae
1472 822 1695 875 διασκευὴν

54 878 270 923 ,Ἑὸῒτεῒῡίε
300 880 344 920 in
364 882 569 920 certamen
590 880 806 920 commisit.
837 881 986 932 Bergk.
1008 881 1055 919 R.
1078 894 1112 920 c.
1134 881 1223 920 Att.
1247 882 1343 921 288.
1377 883 1426 922 de
1456 885 1694 934 argumento

58 932 76 986 ’ῥ’
103 950 206 989 quae
244 937 352 977 idem
393 939 477 978 285
501 938 719 990 disputat,
760 951 807 977 ea
843 939 902 978 ita
941 941 1174 989 comparata
1203 941 1319 990 sunt,
1357 942 1405 980 ut
1440 953 1570 991 neque
1599 953 1696 980 vera

47 1002 69 1051 j
87 992 237 1051 J'neque
267 995 370 1036 falsa
399 1009 486 1036 esse
516 996 787 1037 demonstrari
817 996 959 1047 possit.

886 1099 909 1140 l

314 1175 405 1234 ἐγώ
438 1180 669 1221 κατεσθίω
700 1176 831 1234 μόλις
859 1180 940 1234 τῆς
967 1175 1138 1234 ἡμέρας

306 1246 448 1291 πένθ’
476 1245 760 1304 ἡμιμέδιμν’,
794 1245 877 1291 ἐὰν
905 1247 1144 1303 βιάζωμαι.
1182 1251 1234 1291 Β.
1266 1248 1418 1305 μόλις;

146 1334 150 1336 ’
219 1342 221 1344 v
305 1313 367 1368 ὥς
398 1314 654 1372 ὀλιγόσιτος
683 1308 798 1374 ἦσθ’
829 1314 923 1373 ἄρ’,
957 1314 1007 1367 ὃς
1037 1318 1296 1368 κατεσθίεις

307 1387 390 1443 τῆς
418 1383 589 1443 ἡμέρας
618 1387 797 1446 μακράς
825 1385 1043 1443 τριήρους
1072 1388 1209 1430 σιτία.

2 1510 23 1514 ,.
218 1470 450 1511 Athenaeus
485 1473 557 1521 10,
590 1471 705 1511 4150
746 1465 922 1518 τοιοῦτός
962 1467 1044 1510 ε’στι
1080 1485 1149 1510 και
1186 1467 1208 1510 ὁ
1248 1484 1355 1524 παρα
1395 1469 1636 1524 Φερεκράτει
1665 1467 1694 1524 ἢ

4 1540 14 1575 ἴ
33 1543 35 1546 ⁴
98 1526 317 1597 Στράττιδι
337 1526 383 1568 ἐν
401 1524 609 1582 Ἀγαθοῖς,
639 1526 731 1581 περὶ
751 1529 800 1568 ού
822 1539 966 1580 φησιν·
990 1525 1064 1595 ἐγώ
1087 1531 1169 1568 κτλ.
1201 1543 1239 1570 v.
1266 1531 1306 1569 3
1329 1530 1354 1567 4
1377 1530 1497 1569 etiam
1520 1531 1558 1578 6,
1582 1530 1695 1570 2480

27 1602 30 1603 ⁷
99 1581 323 1656 ὀλιγοσίτου
354 1583 399 1626 δὲ
427 1584 624 1639 μέμνηται
654 1620 663 1629 ,
695 1617 703 1626 .
739 1619 748 1629 .
780 1585 848 1626 καὶ
877 1581 1128 1640 Φερεκράτης
1158 1583 1188 1638 ἢ
1207 1585 1401 1639 Στράττις
1433 1583 1477 1626 ἐν
1503 1583 1695 1640 Ἀγαθοῖς

1 1656 25 1675 ·:c
100 1659 156 1692 ως
195 1639 417 1699 ὀλιγόσιτος
457 1647 540 1684 κτλ.
584 1645 781 1685 Hercules
819 1645 965 1696 aliquis
1004 1646 1117 1695 loqui
1157 1645 1330 1685 videtur.
1368 1650 1549 1697 μακροῖς,
1588 1646 1696 1696 quod

0 1701 9 1713 ⁷
52 1718 55 1719 ⁷
103 1703 238 1755 ‘longa
266 1703 455 1743 triremis’
488 1705 629 1743 contra
660 1702 860 1754 linguam
890 1705 1104 1754 peccaret,
1136 1703 1432 1743 Herwerdenus
1457 1702 1579 1755 (Nov.
1603 1703 1693 1742 add.

103 1760 190 1800 crit.
211 1758 258 1814 4)
291 1773 383 1800 cum
413 1756 564 1813 ἡμέρας
585 1761 859 1812 coniungebat
882 1773 965 1800 non
986 1760 1309 1801 animadveitens
1340 1761 1382 1799 id
1402 1761 1530 1800 multo
1561 1761 1692 1812 magis
1760 1780 1762 1783 ·

102 1819 242 1858 contra
271 1818 455 1870 linguam
484 1831 663 1884 peccare.
701 1819 925 1858 Meinekius
967 1817 1107 1870 (Anal.
1150 1819 1241 1857 crit.
1272 1819 1368 1857 Ath.
1406 1816 1507 1872 109)
1548 1823 1694 1870 μικροῖς

100 1874 301 1928 τριήρους,
340 1877 450 1927 quod
486 1876 639 1916 ironice
677 1876 768 1916 vult
805 1876 1005 1927 intellegi.
1056 1876 1228 1926 singulis
1265 1876 1497 1932 hominibus
1529 1876 1696 1915 choenix

104 1934 271 1973 cottidie
303 1933 555 1985 sufficiebatt,
587 1934 744 1973 triremi
775 1946 867 1972 cum
897 1933 1061 1973 ducenti
1091 1933 1174 1971 fere
1207 1933 1468 1985 veherentur,
1499 1935 1695 1984 quattuor

102 1991 317 2031 medimnis
348 2004 440 2031 cum
468 1991 610 2031 hecteo
641 1991 685 2030 in
715 1991 898 2042 singulos
930 1991 1015 2031 dies
1047 2003 1146 2040 opus
1177 1993 1274 2033 erat.
1305 1991 1356 2030 cf.
1388 1990 1563 2031 Boeckh.
1598 1990 1690 2030 Oec.

103 2046 214 2089 Att.²
243 2049 265 2088 I
294 2050 392 2089 396.
424 2049 573 2100 Bergk.
605 2049 655 2088 R.
687 2061 720 2088 c.
751 2050 839 2089 Att.
874 2049 969 2089 286.

883 2149 912 2191 2

311 2227 587 2286 λουσάμενοι
602 2229 669 2276 ,δὲ
700 2227 790 2287 πρὸ
820 2231 1030 2286 λαμπρᾶς

308 2295 478 2357 ἡμέρας
509 2298 561 2342 ἐν
590 2306 685 2349 τοῖς
716 2298 1087 2355 στεφανώμασιν,
1120 2297 1167 2342 οἱ
1195 2297 1240 2342 δ’
1273 2298 1325 2342 ἐν
1355 2300 1418 2355 τῷ
1446 2297 1578 2356 μύρῳ

309 2370 488 2411 λαλεῖτε
518 2368 623 2425 περὶ
653 2369 943 2425 σισυμβρίων
973 2367 1365 2424 κοσμοσανδάλων
1395 2383 1458 2412 τε.

218 2452 450 2494 Athenaeus
483 2453 550 2503 15,
583 2453 701 2493 68510
734 2450 779 2491 ἐν
808 2454 890 2500 τοῖς
923 2449 1256 2506 ἐπιγραφομένοις
1288 2448 1333 2490 δὲ
1358 2447 1551 2503 Ἀγαθοῖς
1572 2451 1693 2504 Φερε-

104 2507 254 2563 κράτης
283 2507 312 2562 ἢ
342 2508 535 2564 Στράττις
566 2509 672 2562 φησί
696 2512 780 2550 κτλ.
831 2511 982 2550 λαλεῖτε
1011 2511 1136 2553 Dobr.
1158 2510 1367 2575 Aristoph.
1390 2510 1499 2549 Eccl.
1522 2523 1562 2560 p.
1586 2507 1686 2561 196]

87 2569 292 2610 ’λαλεῖται.
324 2565 370 2607 ἐν
401 2571 483 2616 τοῖς
516 2566 840 2621 στεφανώμασιν,
872 2565 918 2607 ἐν
947 2567 1000 2623 τῷ
1029 2566 1165 2622 μύρῳ,
1196 2568 1222 2607 i.
1243 2580 1277 2606 e.
1307 2567 1351 2606 in
1380 2580 1427 2606 ea
1457 2567 1537 2606 fori
1557 2568 1687 2617 parte,

103 2626 175 2666 ubi
205 2626 378 2666 corollae
416 2629 458 2666 et
499 2629 707 2678 unguenta
743 2627 932 2666 veneunt.
973 2626 1022 2667 cf.
1061 2625 1269 2675 Aristoph.
1300 2620 1376 2675 Eq.
1407 2625 1506 2664 857.
1547 2625 1691 2664 chorus

102 2705 160 2711 —
189 2696 284 2722 nam
314 2697 362 2723 ex
392 2685 477 2723 eius
508 2685 663 2724 cantico
694 2684 968 2735 fragmentum
1007 2685 1238 2733 excerptum
1277 2684 1341 2722 est
1381 2703 1435 2710 —
1465 2682 1688 2721 Athenien·

105 2740 210 2780 sium
240 2741 378 2791 quales
408 2743 495 2781 tum
525 2744 643 2781 erant
672 2742 888 2781 mollitiem
918 2743 960 2780 et
990 2740 1177 2780 inertiam
1198 2739 1488 2790 reprehendere
1509 2740 1685 2779 videtur.

105 2804 235 2848 neque
272 2799 380 2838 enim
414 2799 620 2839 adsentior
650 2797 830 2851 Bergkio
860 2799 908 2838 R.
939 2811 973 2838 c.
1012 2800 1099 2837 Att.
1140 2797 1234 2836 285.
1276 2796 1328 2836 cf.
1358 2796 1568 2847 Aristoph.
1612 2797 1686 2846 Eq.

110 2856 232 2894 1375.
263 2855 371 2895 Eccl.
404 2857 502 2896 303.
532 2869 673 2896 versus
705 2857 730 2895 3
762 2859 825 2896 est
846 2852 1106 2907 Εὐριπίδειος
1128 2852 1691 2907 τεσσαρεσκαιδεκασύλλαβος

109 2912 239 2952 altera
267 2914 347 2953 arsi
378 2914 523 2954 soluta.
555 2914 778 2965 Hephaest.
814 2915 879 2964 15,
912 2914 979 2954 20.

177 2984 297 3010 Comici
317 2985 434 3019 graeci,
455 2985 503 3013 ed.
523 2985 585 3013 Th.
603 2986 718 3014 Kook.
737 2987 765 3012 Ι.
1378 2981 1420 3012 10
