1872 3224
220 175 303 218 742
840 173 1163 208 ΘΕοΠοΜΠοΤ

218 283 261 319 et
298 282 427 319 aetate
466 280 550 318 eius
590 280 641 317 cf.
672 278 820 319 Athen.
856 280 920 326 11,
953 291 985 317 c.
1016 278 1137 316 41—
1149 278 1227 335 44.
1309 280 1347 318 2.
1378 276 1506 330 ὄνομα
1537 277 1589 331 Β]
1621 276 1790 331 οὔνομα.

219 336 258 375 τί
290 335 466 386 θώμεθα
502 333 692 386 Casaub.]
733 331 950 385 τοθαὶμεθα
991 335 1040 374 Α.
1132 336 1169 374 3.
1200 328 1268 386 ἆρ’
1311 329 1349 374 εἷ
1380 336 1531 386 (nonne
1559 336 1615 383 es)
1645 336 1791 377 Coraes

219 398 261 433 et
292 394 456 433 Porsen
489 393 614 431 Arist.
647 393 723 431 Av.
757 394 839 431 813
878 405 918 442 p.
954 391 1053 443 180]
1085 390 1186 445 ὄρει.
1245 388 1393 442 φύσεος
1424 389 1579 446 Dindf.]
1617 391 1792 443 φύσεως.
1863 406 1872 416 ⁴

222 451 262 490 4.
302 450 445 502 γεμίσω
486 449 604 499 (coni.
645 462 727 488 aor.
768 449 911 489 Elmsl.
951 449 1048 489 Eur.
1086 450 1192 489 Med.
1228 448 1356 502 1242)
1395 450 1587 490 Abresch.
1617 450 1790 491 Dilucid.

221 507 400 557 Thucyd.
434 505 506 559 97]
546 520 589 558 γε
625 511 744 557 μισῶ.
836 507 874 545 5.
907 507 959 545 A.
999 506 1089 546 add.
1130 507 1283 547 Iacobs.
1324 507 1463 547 Addit.
1491 507 1654 548 Athen.
1693 508 1792 549 252.

221 561 278 612 σε’,
289 561 373 632 Κ.]
409 560 472 602 σύ.
533 560 719 615 φιλτάτη]
759 562 921 612 φίλτατε
960 563 1181 614 Porsonus‚
1219 564 1333 604 falso.
1443 566 1481 604 6.
1521 560 1579 603 ἵν’
1618 563 1789 619 Iambe]
1865 580 1872 614 ξ

221 616 315 659 τίν’.
405 621 443 662 8
477 616 613 669 ταλας,
646 625 786 674 πειρᾶς
817 634 877 671 με.
932 618 1000 659 ναί
1027 617 1227 675 Adamus]
1258 623 1354 660 ταλα
1385 630 1567 674 σπειραις
1595 635 1714 674 μεναι
1740 621 1791 664 A.

220 676 345 716 τάλαν
382 691 472 717 cum
508 678 691 718 Iacobsio
730 678 903 717 Meinek.
941 677 984 717 in
1021 678 1168 718 Athen.
1205 679 1303 718 mihi
1341 679 1594 719 scribendum
1631 679 1794 720 videtur

222 730 426 786 Σπινθήρ,
459 733 505 772 τί
522 734 547 772 δ
556 739 615 789 ρᾷ
625 749 665 781 ς;
695 734 837 789 πειρᾷς
857 748 923 786 με;
1005 737 1043 774 9.
1075 734 1192 787 τήνδε
1213 736 1385 775 inseruit
1405 736 1640 778 Meinekius.
1668 736 1792 790 Berg-

219 793 309 831 kius
339 793 387 830 R.
419 805 450 831 c.
473 792 559 831 Att
593 793 673 830 411
708 790 860 831 τοιοῦτό
891 805 927 830 τι
952 788 958 842 Ι
983 797 1097 842 ποιῶ,
1129 795 1212 842 φιλ.
1247 790 1290 831 δέ
1320 802 1394 832 σοι.
1415 805 1533 845 προπ.
1575 793 1794 845 προπίομαι
1869 838 1872 839 ⁷

220 846 308 901 VL]
347 847 591 918 προσπίομαι
633 849 712 888 ΒΡ.
813 850 878 889 10.
919 846 1030 898 δέξαι
1066 824 1134 889 BP
1179 851 1237 890 ‘et
1274 851 1354 890 nisi
1392 851 1526 890 omnia
1554 850 1702 891 fallunt
1729 851 1790 891 A’

220 906 359 945 Dindf.
410 900 437 960 ᾗ
468 904 654 957 Casaub]
687 902 716 957 ἠ
744 906 791 946 Ρ.
882 909 948 945 11.
981 903 1023 945 τὸ
1054 904 1227 960 πρῶτον]
1257 907 1410 951 Iacobs,
1431 908 1514 947 254
1534 901 1578 946 τὸ
1597 905 1790 964 περιττόν.

220 959 263 1001 τὸ
295 961 485 1015 ποτήριον
505 963 761 1003 Herwerden.
794 964 898 1004 Nov.
920 964 1010 1004 add.
1043 965 1131 1004 crit.
1154 965 1221 1004 10.
1265 965 1523 1015 ‘sequebatur
1549 958 1664 1005 εἴτα.’
1694 962 1792 1005 Mei-

216 1021 309 1059 nek.
340 1020 459 1062 Anal.
490 1020 638 1060 Athen.
671 1021 765 1060 216.
795 1021 866 1061 sed
895 1021 979 1072 ipse
1010 1017 1053 1060 τὸ
1083 1018 1234 1062 λοιπόν.
1281 1019 1331 1060 τὸ
1361 1018 1552 1075 περιόν.
1583 1022 1634 1062 Κ.

331 1078 566 1117 incredibile
597 1080 658 1117 est
687 1078 792 1128 quod
823 1078 1118 1118 Herwerdenus
1147 1075 1290 1118 πιστόν
1319 1079 1439 1119 simul
1469 1093 1493 1118 a
1511 1077 1616 1119 πίνω
1635 1081 1794 1131 poetam
1870 1131 1872 1135 ,

217 1135 359 1173 deduci
399 1135 574 1175 voluisse
613 1135 803 1185 opinatur
846 1134 1008 1188 (Aesch.
1038 1136 1172 1175 Prom.
1204 1134 1327 1184 480):
1366 1138 1570 1188 tamquam
1606 1137 1795 1188 poculum

216 1192 391 1237 bibatur,
423 1204 505 1231 non
534 1192 688 1231 vinum.
778 1194 817 1232 3.
849 1188 1022 1243 φύσεος,
1053 1195 1099 1232 ut
1130 1193 1338 1244 Aristoph.
1368 1193 1478 1233 Plut.
1507 1194 1617 1234 1044
1636 1191 1795 1246 ὕβρεος.

217 1249 267 1288 cf.
300 1248 447 1287 Eubul.
481 1250 548 1297 67,
574 1251 611 1290 9.
645 1250 711 1298 94,
734 1251 769 1288 7.
805 1252 898 1298 119,
920 1251 946 1290 8
978 1252 1017 1290 et
1046 1251 1089 1289 in
1119 1250 1271 1290 melicis
1293 1251 1499 1302 Aristoph.
1521 1250 1643 1302 Vesp.
1669 1252 1792 1292 1282.

220 1306 343 1345 1458.
375 1306 533 1348 Thesm.
565 1307 663 1346 465.
752 1307 790 1345 4.
822 1303 943 1346 οὐδέν
971 1303 1063 1346 ποτ’
1095 1304 1209 1374 ἄλλο]
1244 1307 1428 1347 Strattid.
1451 1308 1518 1358 47,
1542 1309 1580 1347 2.
1633 1305 1696 1361 σε]
1727 1309 1794 1348 ad·

217 1363 294 1402 huc
338 1363 526 1413 poculum
564 1363 810 1414 adloquitur
910 1366 933 1404 6
972 1361 1015 1403 σὲ
1052 1362 1122 1403 ἵνα
1151 1360 1411 1417 ασποῖσωμαι]
1457 1365 1507 1405 cf.
1541 1378 1642 1416 quae
1673 1366 1795 1406 adno-

216 1419 389 1460 tavimus
420 1420 469 1458 ad
500 1420 712 1471 Aristopb.
739 1421 845 1463 Nub.
873 1422 980 1460 1447
1013 1423 1054 1461 et
1085 1421 1240 1462 Cratin.
1265 1423 1359 1462 276.
1399 1422 1644 1474 Theopomp.
1667 1424 1733 1472 62,
1757 1424 1795 1467 5.

220 1479 258 1516 7.
290 1472 438 1515 οὑτωσὶ
468 1479 599 1524 καλως
632 1479 740 1518 belle
769 1480 839 1518 ιἰα.
871 1479 950 1518 iam
981 1480 1085 1518 enim
1129 1481 1295 1530 propius
1326 1481 1546 1520 accesserat
1584 1480 1792 1532 Theolyte.

219 1534 267 1573 cf.
300 1534 485 1572 Menand.
518 1535 655 1585 Etym.
687 1548 741 1577 m.
766 1537 864 1584 407,
888 1537 965 1574 22’
998 1536 1171 1578 Meinek.
1261 1538 1298 1578 8.
1330 1534 1524 1588 Σπινθήρ
1555 1534 1639 1590 (vel
1658 1539 1793 1589 potius

218 1589 413 1642 Σπίνθηρ
437 1591 577 1631 Lehrs.
599 1592 820 1634 Aristarch.
824 1592 837 1613 ²
867 1591 967 1644 291)
998 1606 1146 1633 nomen
1177 1595 1238 1634 est
1268 1594 1334 1633 ‘ad
1365 1594 1517 1634 servuli
1547 1595 1794 1635 celeritatem

218 1648 472 1686 indicandam
493 1649 775 1699 aptissimum&
798 1649 968 1690 Meinek.
1019 1648 1175 1705 πειρᾷς]
1203 1651 1411 1691 Ruhnken.
1436 1651 1539 1691 Tim.
1563 1653 1658 1701 210,
1680 1653 1791 1692 cuius

218 1705 410 1755 exemplis
442 1706 544 1745 addo
575 1707 780 1760 Aristeph.
814 1707 919 1747 Plut.
954 1708 1078 1749 1067.
1108 1708 1204 1759 Lys.
1239 1710 1275 1758 1,
1310 1709 1374 1746 12.
1473 1709 1511 1748 9.
1543 1709 1594 1749 cf.
1626 1708 1786 1749 Alexid.

219 1762 368 1802 Athen.
403 1764 468 1814 11,
501 1763 634 1803 502b.

872 1853 1142 1888 ΟΔΤΣΣΕΤΣ
1219 1889 1221 1891 ,

326 1928 534 1980 Ὀδυσσεῐς
566 1934 708 1973 Pollux
741 1937 788 1986 7,
822 1936 896 1986 74,
936 1947 1054 1986 quen
1091 1949 1231 1976 verum
1269 1949 1354 1976 esse
1392 1937 1553 1976 titulum
1593 1937 1793 1989 Bergkius

218 1990 370 2029 iudicat
400 1991 446 2029 R.
479 2004 512 2030 c.
544 1991 632 2030 Att.
663 1993 766 2040 413,
798 1995 923 2044 negat
952 1993 1124 2032 Meinek.
1156 1993 1176 2032 I
1207 1994 1288 2032 241
1331 1991 1579 2046 'Pheopempi
1615 1994 1790 2034 fabulam

219 2060 308 2086 cum
340 2047 527 2087 Cratinea
557 2049 751 2088 confundi
781 2052 904 2090 ratus.
944 2050 996 2090 cf.
1029 2051 1175 2090 titulus
1207 2046 1436 2101 Πηνελόπη.

983 2195 1039 2237 33

1176 2273 1345 2330 χιτῶνά
1374 2291 1450 2331 μοι

422 2340 579 2397 φέρων
611 2341 811 2392 δέδωκας
841 2341 1107 2396 δαιδάλεον,
1139 2338 1194 2385 ὃν
1222 2339 1394 2400 ᾔκασεν

424 2407 584 2465 ἄρισθ’
605 2408 801 2466 Ὅμηρος
832 2410 1069 2467 κρομμύου
1101 2411 1353 2468 λεπυχοὲνῳ.
1388 2415 1391 2419 ’

334 2505 570 2544 Eustathius
594 2506 716 2554 1863,
739 2506 792 2544 49
825 2501 955 2544 ἰστέον
983 2501 1072 2543 δὲ
1058 2503 1119 2544 ότι
1148 2503 1192 2544 τὸ
1224 2502 1356 2558 ῥηθὲν
1385 2502 1557 2571 λὲπνρον
1576 2504 1644 2546 καὶ
1670 2500 1787 2546 λεπύ-

218 2556 342 2611 χανόν
371 2571 498 2611 φασιν
528 2561 718 2613 εἰρῆσθαι
747 2559 854 2614 παρὰ
887 2557 1108 2616 Θεοπόμπῳ
1144 2561 1197 2618 τῷ
1234 2562 1413 2617 κωμικῷ,
1452 2558 1603 2603 εἰπόντι
1640 2577 1702 2611 ως
1739 2562 1790 2604 ἐκ

218 2616 498 2670 προσώπου
530 2623 614 2657 τοῦ
640 2614 915 2665 Ὀδυσσέως
946 2617 988 2657 τό
1018 2621 1099 2659 κτλ.
1138 2633 1377 2671 quamquam
1406 2621 1646 2661 Eustathius
1677 2621 1789 2661 fabu-

219 2675 299 2713 lam
329 2688 409 2714 non
439 2676 675 2725 nominavit,
710 2678 846 2716 tamen
876 2677 1118 2715 Meinekium
1148 2679 1255 2717 recte
1293 2677 1388 2716 haec
1425 2677 1474 2715 ad
1512 2677 1672 2716 Ulixem
1708 2678 1788 2717 ret-

218 2732 359 2771 tulisse
387 2733 565 2782 adparet.
615 2731 827 2772 δαιδάλεον
853 2754 908 2761 —
934 2731 1141 2785 κρομμύου
1171 2731 1362 2786 Meinek.]
1394 2731 1586 2773 δαίδαλον
1615 2755 1667 2762 -
1696 2748 1788 2788 κρο-

218 2782 334 2837 μύου.
385 2788 550 2828 Homeri
587 2803 726 2830 versus
765 2792 859 2830 sunt
898 2789 973 2830 Od.
1009 2792 1083 2839 19,
1116 2791 1211 2832 232.
1234 2792 1273 2830 3.
1320 2803 1491 2841 quocum
1527 2791 1665 2831 Ulixes
1695 2804 1785 2832 con·

221 2846 411 2896 loquatur
441 2844 601 2886 difficile
633 2850 693 2887 est
723 2847 876 2887 dicere.
905 2847 984 2886 nisi
1013 2847 1117 2887 forte
1147 2847 1308 2898 scripsit
1337 2860 1394 2896 φε
1405 2860 1457 2899 ρο
1469 2843 1544 2886 υσ
1577 2845 1744 2896 ε’δωκας.
