1872 3224
182 189 269 231 414
786 183 1179 219 ΑΡΙΣΤΟΦΑΝΟΤΣ

183 295 305 333 fuerit
336 294 546 331 damnatus
568 293 611 328 et
641 292 781 340 postea
811 289 1007 328 liberatus
1040 289 1083 326 in
1111 288 1349 338 Babyloniis
1381 290 1500 338 poeta
1521 300 1764 330 commemo-

183 353 333 390 ravisse
367 350 535 388 videtur.
575 360 675 397 quae
715 350 922 397 praeterea
960 346 1009 384 de
1048 346 1119 384 hac
1158 359 1200 384 re
1230 346 1399 396 exponit
1430 345 1766 385 Wilamowitzius

190 408 285 447 Obs.
318 409 406 447 erit.
437 407 489 444 34
521 407 605 443 not.
643 405 706 450 18,
741 418 785 443 ea
816 416 911 442 vera
940 416 1026 442 esse
1058 404 1294 453 neutiquam
1326 403 1613 453 praestiterim.

392 607 501 652 ἄνθ’
531 606 766 664 Ἑρμιόνος
953 549 1007 592 87

299 694 498 732 Zenobius
537 694 581 740 2,
615 694 668 731 22
708 690 864 758 εἴρηται
902 687 926 741 ἡ
967 689 1158 742 παροιμία
1206 687 1271 729 ἐπὶ
1310 694 1392 729 τῶν
1431 687 1640 761 σῳζόντων
1670 686 1767 738 τοῦς

183 748 333 798 ἱκέτας,
379 748 516 801 ἐπειδὴ
556 747 600 788 ἐν
625 745 814 817 Ερμιόνη
852 763 922 799 της
962 746 1277 799 Πελοποννησον
1316 745 1425 799 ἱερὸν
1454 742 1509 799 ἦν
1546 745 1669 800 κόρης
1699 745 1768 786 καὶ

187 804 396 860 Δήμητρος
434 801 660 857 ἀσφάλειαν
696 819 869 858 παρεχον
907 809 988 852 τοῖς
1027 804 1342 857 καταφεύγουσι.
1391 802 1586 856 μέμνηται
1617 802 1767 855 ταύτης
1796 803 1798 806 ’

180 863 471 916 Ἀριστοφάνης
504 862 548 903 ἐν
580 862 866 915 Βαβυλωνίοις.
913 859 1121 916 Ἑρμιόνος
1161 863 1405 903 Fritzsohius
1435 862 1535 902 Bab.
1567 861 1640 916 50]
1673 857 1764 917 Ἑρ-

184 922 344 971 μίωνος,
396 923 565 961 Photius
597 918 810 972 Ἑρμιόνη·
842 920 988 972 χωρίον
1016 918 1192 959 ἄσυλον
1224 917 1252 971 ἢ
1281 916 1395 967 πόλις
1423 916 1449 971 ἡ
1481 917 1526 958 ἐν
1557 920 1764 959 Πελοπον-

187 978 315 1034 νήσῳ,
348 978 492 1030 ἔχουσα
523 977 607 1030 ἱερὰ
633 977 842 1030 Δημητρος
865 977 931 1017 καὶ
957 973 1216 1029 Περσεφόνης
1237 975 1383 1017 ασυλα.
1416 977 1587 1017 Bekker.
1611 977 1764 1018 Anecd.

186 1039 282 1085 256,
321 1039 368 1076 15
409 1033 619 1099 Ἑρμιόνη·
667 1035 812 1087 χωρίον
850 1032 1001 1074 α’σιλόν
1039 1032 1146 1074 ἐστιν
1183 1051 1209 1101 η
1243 1031 1436 1087 Ἑρμιόνη
1473 1031 1580 1074 ουτω
1617 1032 1766 1074 καλού-

187 1108 320 1145 μενον.
352 1096 487 1145 itaque
517 1087 618 1132 ανθ’
642 1089 848 1144 Ἑρμιόνος
879 1094 1025 1133 dicitur
1046 1094 1227 1144 quisquis
1257 1106 1339 1132 non
1366 1093 1501 1132 minus
1522 1105 1645 1144 quam
1666 1093 1767 1132 tem-

191 1153 259 1202 pla
289 1152 599 1191 Hermionensia
630 1152 948 1190 incolumitatem
979 1152 1147 1191 alicuius
1178 1153 1367 1202 praestat.

954 1297 1009 1340 88

390 1353 444 1397 τὰ
473 1356 656 1411 μέτωπα
685 1353 717 1397 1
720 1355 912 1410 στριανα

301 1439 527 1490 Hesychius
564 1435 784 1490 Ἰστριανοί·
825 1433 1115 1490 Ἀριστοφάνης
1155 1436 1199 1477 ἐν
1239 1436 1514 1490 Βαβυλωνίοις
1554 1435 1600 1477 τὰ
1639 1434 1766 1490 μέτω-

188 1511 244 1533 πα
299 1500 380 1534 τῶν
424 1496 590 1535 οἰκετων
625 1492 825 1548 Ἰστριανά
864 1506 1011 1547 φησιν,
1057 1493 1141 1534 ἐπεὶ
1179 1493 1398 1547 ἐστιγμένοι
1443 1494 1653 1535 εἰσίν·οἰ
1690 1492 1766 1548 γὰρ

185 1567 291 1605 παρα
322 1557 374 1608 τῷ
397 1551 540 1607 Ἴστρῳ
570 1553 772 1600 οἰκοῦντες
804 1552 998 1598 στίζονται
1027 1551 1095 1592 καὶ
1123 1552 1321 1600 ποικίλαις
1354 1550 1546 1604 ἐσθήσεσι
1577 1557 1764 1605 χρῶνται.

189 1594 402 1656 Διονύσιος
433 1608 478 1648 δέ
508 1621 648 1660 φησιν,
680 1608 765 1649 ἐπεὶ
794 1606 982 1661 πρότερός
1015 1624 1072 1657 τις
1099 1606 1319 1662 Ἰστριανὸς
1350 1607 1516 1662 λέγεται,
1556 1607 1577 1649 ὁ
1607 1606 1765 1660 λευκος,

186 1663 276 1706 κατ’
309 1663 553 1719 ἆντίφρασιν
583 1667 773 1720 εἰρησθαι
803 1663 859 1714 ὥς
889 1665 1052 1719 καθαρα
1083 1665 1151 1707 καὶ
1180 1665 1302 1706 λευκα
1324 1665 1371 1706 τὰ
1390 1664 1566 1720 μέτωπα,
1598 1663 1764 1707 τούναν-

186 1724 270 1763 τίον
300 1721 344 1762 δὲ
377 1727 558 1764 νοεῖσθαι
590 1721 808 1777 ἐσηγμένα.
849 1738 923 1776 pro
960 1725 1158 1773 ποικίλαις
1196 1720 1388 1776 ἐσθήσεσι
1422 1725 1562 1776 utique
1590 1725 1765 1765 scriben-

187 1783 281 1821 dum
313 1784 376 1822 est
405 1781 598 1829 ποικίλοις
628 1778 918 1834 ἆνθίσμασι
950 1783 1013 1822 vel
1043 1781 1241 1829 ποικίλαις
1271 1779 1527 1821 ἅνθίσεσι.
1561 1782 1763 1822 coloribus

187 1840 294 1878 enim
324 1839 476 1890 aliquid
507 1841 713 1891 variegare
743 1842 785 1879 et
819 1841 980 1891 proprie
1011 1843 1053 1879 et
1091 1840 1260 1891 figurate
1301 1839 1444 1879 Graeci
1475 1840 1615 1879 dicunt
1643 1835 1764 1878 ἀνθί-

186 1897 280 1943 ζειν.
325 1897 602 1948 significantur
646 1899 779 1936 autem
818 1903 899 1937 ora·
923 1909 1129 1937 servorum
1167 1897 1291 1937 variis
1331 1897 1530 1937 coloribus
1576 1899 1617 1936 et
1654 1897 1763 1936 notis

183 1954 422 2004 quibusdam
453 1954 632 1994 Thraciis
663 1955 866 2004 distincta,
898 1967 981 1994 non
1011 1956 1263 1995 vestimenta.

955 2100 1011 2144 89

394 2158 517 2200 πόδα
547 2160 826 2213 βαλλαντίου

298 2237 319 2279 ὁ
349 2234 469 2288 αὐτὸς
491 2233 814 2295 (Ἀριστοφάνης)
836 2240 998 2294 εἴρηκεν
1019 2239 1062 2280 ἐν
1085 2241 1368 2294 Βαβυλωνίοις.
1401 2242 1543 2282 Pollux
1569 2244 1637 2292 10,
1662 2243 1758 2282 152.

182 2298 421 2351 βαλλαντίου
451 2300 705 2339 scribendum
736 2303 834 2348 erat,
866 2313 1107 2350 quamquam
1138 2301 1259 2339 etiam
1289 2299 1494 2340 Bekkerus
1525 2297 1757 2350 βαλαντίου.

954 2446 1011 2489 90

299 2529 537 2569 Aristoteles
558 2530 720 2570 Rhetor.
733 2531 771 2579 3,
783 2531 807 2568 2
824 2532 926 2569 extr.
945 2527 1026 2568 ἔστι
1041 2525 1116 2568 δὲ
1099 2543 1121 2567 o
1136 2525 1404 2581 ὖποκορισμὸς
1420 2525 1464 2576 ὃς
1480 2526 1640 2568 ἔλαττον
1654 2530 1768 2568 ποιεῖ

184 2582 251 2623 καὶ
281 2584 323 2624 τὸ
352 2584 478 2625 κακὸν
514 2600 580 2625 και
618 2584 660 2625 τὸ
689 2583 869 2640 ἀγαθόν·
909 2585 1044 2638 ωσπερ
1078 2584 1145 2625 καὶ
1179 2583 1470 2638 Ἀριστοφανης
1509 2584 1683 2625 σκώπτει
1713 2583 1759 2624 ἕν

184 2645 264 2689 τοῖς
296 2643 567 2694 Βαβυλωνίοις
596 2658 686 2682 αντι
714 2641 789 2694 μὲν
817 2644 982 2696 χρυσίου
1012 2641 1367 2696 χρυσιδαριον,
1397 2639 1488 2681 αντὶ
1518 2639 1564 2680 δ’
1597 2641 1759 2693 ιματίου

188 2697 533 2751 ίματιδαριον,
562 2697 652 2739 αντὶ
682 2699 727 2739 δὲ
757 2699 960 2762 λοιδορίας
991 2698 1390 2768 λοιδορημάτιον
1427 2698 1495 2738 καὶ
1534 2696 1758 2750 νοσημά-

187 2769 306 2795 τιον.
365 2753 627 2808 ευλαβεῐσθαι
661 2755 706 2796 δὲ
743 2757 811 2797 δεῖ
847 2756 916 2797 καὶ
957 2760 1203 2809 παρατηρεῖν
1238 2754 1284 2795 ἐν
1317 2752 1471 2807 ἀμφοῖν
1508 2754 1552 2794 τὸ
1583 2753 1758 2808 μέτριον.

187 2812 450 2865 νοσημάτων]
483 2828 701 2865 νοηματιον
730 2816 922 2855 Fritzsoh.
955 2815 1052 2854 Bab.
1087 2815 1202 2854 50.1
1244 2814 1363 2853 etiam
1401 2814 1450 2852 fr.
1484 2815 1565 2852 756
1594 2814 1671 2852 hue
1700 2827 1759 2854 re-

191 2871 337 2920 ferens,
373 2872 485 2910 nulla
514 2873 763 2914 necessitate.
797 2872 988 2924 Gorgiam
1019 2871 1185 2911 inrideri
1215 2873 1351 2910 censet
1380 2870 1589 2922 Bergkius.
