1872 3224
206 180 289 222 326
835 167 1134 203 ΕΤΠΟΑΙΔΟΣ

208 296 388 324 scaenam
419 281 540 319 fuisse
571 278 754 328 oportet,
793 274 909 314 sicuti
946 273 989 311 in
1019 272 1156 311 Ranis.
1205 270 1253 309 de
1290 270 1530 309 Phormione
1572 267 1626 308 ef.
1656 266 1780 307 Thur„
1809 269 1822 278 '

211 344 254 389 1,
291 341 382 378 117.
423 339 467 386 2,
509 337 575 375 29.
608 335 676 374 58.
711 335 777 372 68.
811 334 849 371 9.
883 330 1083 369 80—92.
1126 328 1219 367 102.
1253 329 1293 367 3.
1327 328 1372 373 3,
1405 327 1444 366 7.
1478 327 1545 366 17.
1590 325 1710 367 Paua.
1743 325 1781 373 1,

210 400 283 445 23,
318 398 384 435 10.
427 397 472 442 1,
507 394 579 438 29,
613 393 648 431 3.
681 392 751 438 10,
794 391 864 437 10,
898 389 934 429 6.
982 388 1151 436 interpr.
1194 384 1402 435 Aristoph.
1442 384 1518 434 Eq.
1555 383 1652 422 562.
1688 381 1782 421 Pae.
1850 417 1852 423 .

211 455 306 494 347.
336 453 430 503 Lys.
454 450 548 498 804,
581 451 622 488 et
663 449 711 486 de
748 446 891 497 eapitis
931 444 1219 491 deminutione,
1259 455 1340 493 qua
1383 441 1648 480 Athenienses
1692 451 1784 478 eum

210 510 450 556 adfecerunt,
489 506 664 546 Boeckh.
697 504 788 544 Oee.
820 499 937 542 Ath.²
967 501 988 540 I
1019 502 1114 542 515.
1151 499 1212 539 ΙΠ
1246 498 1426 540 Addend.
1456 497 1567 548 Vsq.
1601 498 1642 537 et
1677 494 1784 548 apud

210 566 451 607 Meinekium
482 564 523 603 11
554 564 650 604 527.
683 563 722 601 8.

1859 583 1872 661 Ξ

958 693 1044 736 250

326 805 475 838 ΦΟΡΜ,
509 787 682 831 οὔκουν
713 785 1007 842 περιγράφεις
1037 782 1148 827 ὅσον
1179 783 1425 838 ἐναριστᾶν
1455 779 1652 832 κύκλον;
1701 797 1706 804 ·

328 872 456 907 ΔῙοΝ,
493 859 540 900 τί
566 856 608 899 δ’
641 857 786 905 ἔστιν;
820 855 882 909 εἰς
913 851 1118 908 ὤμιλλαν
1149 849 1475 907 άριστήσομεν;

326 926 353 983 ἤ
383 927 585 981 κόψομεν
615 923 697 980 τὴν
728 926 869 978 μᾶζαν
901 921 1053 975 ὥσπερ
1086 919 1278 975 ὅρτυγα;

327 1022 469 1061 Pollux
491 1023 527 1069 9,
555 1021 632 1060 102
655 1015 781 1070 εἰμὲν
801 1011 877 1058 οὖν
906 1015 1056 1056 κύκλου
1087 1012 1398 1068 περιγραφέντος
1428 1011 1614 1066 ἀφιέντες
1645 1009 1790 1064 ἀστρά-

213 1083 337 1134 γαλον
368 1076 623 1129 ἐστοχάζοντο
653 1081 724 1115 τοῦ
761 1079 893 1126 μεῖναι
931 1067 999 1113 τὸν
1034 1070 1238 1126 βληθέντα
1279 1070 1324 1112 ἐν
1361 1077 1416 1111 τῶ
1451 1070 1606 1128 κύκλῳ,
1645 1067 1794 1120 ταύτην

216 1138 287 1184 εἰς
319 1134 539 1187 α’)’μιλλαν
569 1132 642 1185 τὴν
671 1131 838 1172 παιδιὰν
868 1127 1086 1183 ὠνόμαζον.
1120 1130 1249 1169 καίτοι
1277 1144 1325 1181 με
1355 1113 1402 1169 ού
1425 1127 1606 1182 λέληθεν,
1635 1125 1697 1168 ὅτι
1724 1125 1794 1167 καὶ

214 1193 359 1247 ὄρτυγα
392 1187 616 1238 ε’νιστάντες
649 1196 701 1245 τῷ
733 1195 986 1244 περιγραπτῷ
1016 1188 1164 1242 κύκλῳ,
1196 1181 1217 1227 ὁ
1245 1185 1319 1240 μὲν
1358 1185 1495 1227 ἔκοπτε
1533 1184 1605 1227 τὸν
1639 1183 1793 1239 ὄρτυγα

215 1258 268 1307 τῷ
299 1249 492 1304 δακτύλῳ,
524 1245 545 1288 ὅ
576 1246 620 1288 δὲ
649 1240 747 1300 πρὸς
770 1245 843 1299 τὴν
863 1244 1019 1299 πληγὴν
1040 1244 1183 1294 ἐνδοὺς
1214 1241 1462 1296 ἀνεχαίτισεν
1501 1242 1574 1294 ἔξω
1609 1247 1682 1284 τοῦ
1719 1238 1793 1282 κύ-

215 1312 328 1360 κλου,
362 1306 429 1346 καὶ
458 1305 599 1358 ἥττητο
629 1302 650 1345 ὁ
682 1310 752 1345 τοῦ
782 1304 946 1357 ὄρτυγος
978 1299 1183 1352 δεσπότης.
1225 1300 1269 1342 ἐν
1307 1307 1411 1355 γοῦν
1435 1300 1674 1354 Ταξιάρχοις
1705 1296 1792 1341 Εὕ-

215 1368 326 1413 πολις
348 1370 419 1404 τοῦ
439 1363 670 1415 Φορμίωνος
692 1361 893 1410 εἰπόντος·
925 1358 1076 1401 οὐκοῦν
1097 1383 1151 1389 -
1173 1358 1344 1407 κύκλον;
1376 1354 1653 1412 ἀποκρίνεται·
1684 1356 1726 1398 τί
1751 1353 1789 1397 δ’

218 1422 322 1462 ἔστιν
351 1424 431 1461 κτλ.
463 1420 617 1460 οὔκουν
648 1421 772 1460 Cobet
811 1421 861 1461 N.
892 1421 920 1458 l.
955 1417 1056 1472 111]
1095 1411 1261 1457 οὐκοῦν.
1321 1419 1390 1468 qui
1427 1431 1516 1457 eum
1553 1417 1795 1457 Phormione

219 1479 471 1531 conloquitur
501 1480 722 1529 Dionysum
754 1491 838 1517 esse
867 1480 974 1516 recte
1005 1477 1150 1516 statuit
1187 1475 1423 1515 Meinekius.
1484 1488 1575 1514 eum
1604 1473 1795 1514 Phormio

220 1537 525 1588 ‘prandentibus
570 1536 737 1574 triclinii
781 1547 1018 1585 mensaeque
1061 1535 1148 1573 loeo
1188 1532 1380 1573 circulum
1412 1532 1593 1572 sufficere
1631 1531 1799 1571 dixisset
1823 1551 1837 1566 ο

219 1596 262 1634 in
291 1594 447 1632 telluris
477 1593 598 1631 humo
630 1593 867 1642 ducendum,
899 1591 1074 1631 offensus
1112 1594 1195 1630 tam
1234 1590 1407 1640 simplici
1445 1602 1564 1629 cenae
1601 1588 1823 1640 adparatu*

222 1652 318 1690 deus
347 1651 561 1701 respondet
597 1648 636 1688 τί
669 1646 709 1687 δ’
754 1647 860 1687 ἔστιν
896 1649 993 1687 κτλ.’
1040 1649 1161 1687 Mein.
1192 1648 1212 1687 Ι
1246 1648 1338 1688 144.
1383 1641 1648 1698 ἀριστήσομεν,
1691 1640 1794 1698 παρ’

221 1704 416 1747 ὑπόνοιαν
454 1720 527 1757 pro
557 1706 762 1758 παίσομεν.
811 1707 859 1745 de
890 1704 1040 1755 ὤμιλλα
1079 1718 1172 1744 voce
1209 1706 1259 1745 cf.
1290 1704 1464 1746 Lobeck.
1504 1703 1662 1744 Pathol.
1693 1702 1792 1754 prol.

227 1767 318 1805 120.
352 1765 400 1806 el.
429 1765 449 1803 Ι
482 1766 546 1804 69.
600 1764 712 1804 Suid.
744 1761 911 1815 ὤμιλλα·
950 1760 1092 1801 παιδιά
1135 1777 1215 1813 τις,
1254 1759 1298 1800 ἐν
1335 1757 1366 1816 ᾖ
1395 1758 1416 1800 ὁ
1455 1760 1511 1809 εἰς
1542 1753 1611 1802 τὸν
1647 1757 1799 1800 κύκλον

223 1820 358 1874 βαλών
379 1818 529 1874 κάρυον
549 1815 647 1860 ὥστε
670 1819 850 1872 ἐμμεῖναι
871 1820 977 1875 νικᾷ.
1013 1821 1183 1871 Hesych.
1216 1816 1384 1870 α’)’μιλλα-
1419 1815 1559 1858 παιδιά
1588 1831 1668 1868 τις,
1699 1812 1799 1857 ὅταν

224 1878 372 1918 κύκλον
409 1877 732 1930 περιγράψαντες
764 1875 940 1930 βάλωσιν
971 1878 1026 1925 εἰς
1057 1874 1182 1917 αύτόν
1210 1875 1363 1929 κάρυα,
1395 1870 1478 1915 εἶτα
1508 1874 1553 1915 ἐν
1583 1875 1635 1930 τῷ
1665 1871 1798 1928 κύκλῳ

225 1951 251 1986 μ
276 1968 283 1976 .
308 1966 316 1975 .
342 1964 353 1976 .
376 1966 384 1974 .
426 1934 632 1987 λαμβάνει.
679 1937 729 1975 of.
762 1936 812 1975 fr.
846 1937 940 1975 288.

968 2069 1050 2112 251

1071 2158 1172 2203 ἀντὶ
1202 2161 1413 2203 ποικίλου

432 2228 628 2284 πιναρὸν
659 2227 803 2284 ἔχοντ’
836 2229 1025 2286 άλουτίᾳ
1055 2228 1173 2283 κάρα
1202 2244 1250 2271 τε
1280 2227 1356 2272 καὶ

432 2299 632 2353 τρίβωνα

342 2393 485 2432 Pollux
517 2394 553 2441 7,
589 2393 667 2431 168
698 2387 894 2431 άλουσίαν
924 2389 968 2431 δὲ
999 2390 1178 2439 Εὔπολις
1217 2389 1262 2431 ἕν
1294 2389 1549 2442 Ταξιάρχοις·
1587 2385 1678 2428 ἀντὶ
1715 2401 1800 2428 ποι·

230 2449 341 2488 κίλου
371 2452 452 2487 κτλ.
493 2450 541 2488 de
571 2441 733 2503 άλουτίᾳ
772 2450 822 2489 ef.
854 2450 957 2489 Lob.
989 2450 1138 2500 Phi-yn.
1171 2450 1267 2489 507.
1313 2449 1428 2499 queri
1456 2448 1615 2488 videtur
1644 2447 1801 2498 Diony-

232 2520 298 2545 sus
329 2507 376 2545 de
405 2507 527 2546 vestis
558 2508 742 2556 squalore
774 2509 814 2546 et
844 2507 1032 2546 diuturna
1072 2507 1237 2546 inluvie.
1283 2506 1403 2545 Mein.
1434 2505 1454 2544 I
1488 2506 1579 2544 149.
1638 2504 1689 2542 ad
1717 2516 1799 2542 ποι·

234 2562 347 2600 κίλου
376 2576 622 2613 nequaquam
653 2564 920 2615 supplendum
952 2563 1127 2614 ἱματίου,
1170 2565 1216 2602 ut
1245 2563 1416 2613 putabat
1445 2561 1621 2601 Cobetus
1651 2561 1799 2600 Mnem.

234 2619 269 2656 V
304 2621 395 2658 107.
428 2621 476 2658 of.
510 2620 661 2659 Cratin.
694 2623 761 2660 38.
794 2625 835 2660 at
863 2622 905 2659 in
936 2616 1037 2671 κάρα
1064 2633 1137 2671 pro
1167 2617 1350 2670 κεφαλήν
1388 2619 1519 2669 posito
1559 2618 1667 2657 idem
1696 2619 1803 2657 recte

236 2676 419 2726 offendit3
452 2690 496 2715 ea
526 2678 629 2716 enim
662 2691 757 2717 voce
787 2691 868 2717 non
898 2680 1069 2716 utuntur
1106 2678 1247 2716 comici
1277 2677 1355 2715 nisi
1383 2674 1801 2729 παρατραγῳόοὗντες.

237 2746 287 2771 an
317 2731 611 2784 γεροντικὸν
631 2735 835 2786 τρίβωναὲ
865 2748 957 2773 nam
978 2734 1158 2773 Bacchus
1179 2735 1241 2773 est
1256 2733 1298 2772 in
1319 2745 1435 2772 omne
1456 2736 1615 2782 tempus
1635 2734 1801 2775 iuvenis,

238 2792 412 2828 ceterum
449 2791 738 2831 Herwerdenus
778 2792 892 2831 Stud.
933 2792 1010 2830 crit
1046 2793 1098 2830 56
1139 2803 1342 2830 caesuram
1384 2790 1615 2829 desiderans
1658 2790 1701 2828 in
1746 2789 1804 2828 di·

238 2850 388 2885 metros
420 2847 566 2898 digerit
594 2847 807 2903 ποικίλουςΙ
832 2845 1005 2901 πιναρὸν
1039 2871 1083 2877 -
1119 2844 1282 2901 άλουτία
1309 2844 1316 2898 Ι
1342 2844 1447 2898 κάρα
1477 2848 1560 2885 κτλ.
1599 2859 1691 2886 eum
1719 2847 1805 2897 ipse
