1872 3224
225 202 303 249 178
819 191 1184 230 ΦΕΡΕΚΡΑΤΟΤΣ

225 308 292 349 καὶ
322 302 387 348 διὰ
424 305 534 345 τοῦτο
571 299 788 342 ὑποπτεύει
833 296 923 346 τοὺς
964 299 1200 344 Μεταλλεῖς.
1261 291 1392 342 εὐθὺς
1432 287 1788 349 Meinek.]‚213&2).

224 369 271 408 cf.
303 379 400 417 quae
430 376 547 413 supra
576 362 624 400 ad
657 359 818 399 titulum
849 357 1007 396 fabulae
1038 354 1332 394 adnotavimus.
1771 361 1774 364 ’

966 468 1043 509 111

333 558 549 599 Erotianus
579 556 645 604 44,
679 555 702 593 5
733 553 866 592 Klein.
897 546 1055 602 ἆρμῶ·
1089 544 1239 601 ἡσυχῆ,
1268 551 1409 602 μικρῷ.
1470 539 1524 594 ὥς
1561 542 1631 586 καὶ
1669 545 1791 600 Φέρε-

222 615 364 669 κράτης
397 613 440 654 ἐν
470 614 757 652 Μεταλλεῦσι-ν.
816 609 988 660 Hesych.
1021 603 1186 659 ἁρμοῖ·
1216 602 1375 656 ἀρτίως,
1405 599 1551 659 ἡσυχῇ,
1582 600 1789 656 ἐξαίφνης,

225 671 468 726 προσφάτως.
506 673 546 710 et
582 665 740 721 ἆρμῶ·
787 662 942 719 ἀρτίως.
1002 678 1079 705 vox
1117 666 1179 704 est
1224 663 1390 713 Dorica,
1432 661 1579 702 Siculis
1618 661 1800 710 maxime⁴
1858 676 1860 678 ·

222 733 379 771 usitata.
437 729 596 767 Pindar.
620 740 681 777 ap.
701 724 886 764 Eustath.
908 722 990 764 Vit.
1014 723 1130 761 Pind.
1157 722 1206 760 12
1230 718 1383 760 ἐλπίσιν
1411 714 1642 766 ἀθανάταις
1670 713 1794 772 0}de·-

223 786 421 840 φέρονται.
453 786 595 824 Aesch.
625 784 758 822 Prom.
792 783 873 821 615
903 776 1029 832 ἁρμοῖ
1059 776 1267 830 πέπαυμαι
1299 809 1308 816 .
1341 809 1349 817 .
1381 807 1391 817 .
1423 779 1607 828 θρηνῶν.
1646 775 1816 817 Phora-⁰
1868 791 1872 823 ¹:

223 848 347 885 crates
377 844 542 883 fortasse
572 842 614 880 in
643 839 808 890 parodia
838 851 883 878 ea
912 851 1006 877 usus
1038 839 1136 876 erat.
1197 836 1340 888 Bergk.
1365 835 1412 874 R.
1445 847 1479 874 c.
1510 834 1599 874 Att.
1632 825 1738 875 2902.

882 960 1124 996 ΜΕΤΟΙΚΟΙ

337 1061 522 1100 Fortasse
551 1057 711 1097 Platoni
740 1056 964 1095 tribuenda.
997 1055 1117 1095 Mein.
1149 1054 1169 1093 I
1201 1055 1268 1094 70.

965 1167 1046 1208 112

333 1253 571 1306 Apollonius
602 1252 659 1291 De
688 1264 800 1302 pron.
832 1264 872 1301 p.
907 1252 1000 1302 113,
1034 1251 1085 1289 17
1118 1248 1301 1289 Schneid.
1334 1244 1379 1287 ἒν
1410 1245 1628 1295 Μετοίκοις
1664 1245 1790 1300 Φερε-

221 1308 387 1365 κράτους
416 1306 523 1358 ἅπαξ
554 1306 662 1349 ἐστὶν
691 1305 873 1361 εἰρημένη
906 1303 949 1360 (ἡ
981 1303 1124 1346 εὐθεῖα
1155 1302 1388 1360 ε’μαυτὸς)
1419 1302 1488 1344 καὶ
1517 1303 1616 1353 ἴσως
1647 1301 1793 1344 ἕνεκα

222 1369 308 1408 τοῦ
337 1367 550 1422 γελοίου.

774 1488 1245 1524 ΜῩΡΜΗΚΑΝΘΡΩΠΟΙ

337 1586 436 1626 Cum
456 1598 503 1624 ex
523 1585 726 1624 Athenaeo
748 1582 803 1635 (8,
827 1584 907 1623 335
925 1579 965 1636 a)
987 1583 1238 1623 Deucalionis
1257 1582 1299 1622 in
1321 1582 1396 1621 hac
1425 1580 1632 1621 comoedia.
1650 1581 1791 1631 partes

224 1645 344 1683 fuisse
375 1644 528 1683 constet
558 1645 597 1680 et
626 1642 768 1680 titulus
809 1641 956 1691 optime
986 1641 1035 1679 ad
1074 1641 1259 1679 formicas
1299 1640 1339 1678 in
1377 1639 1559 1678 homines
1596 1637 1788 1678 transfor-

226 1704 351 1740 matas
380 1700 594 1746 referatur,
634 1698 887 1737 Pherecrates
918 1698 1079 1737 fabulas
1111 1698 1159 1736 de
1189 1697 1339 1736 diluvie
1372 1696 1654 1744 Deucalionea,
1685 1707 1787 1746 quae

226 1759 344 1796 etiam
375 1757 423 1795 ad
454 1756 630 1795 Atticam
662 1755 889 1805 pertinebat
921 1753 1054 1807 (Paus.
1089 1757 1127 1804 1,
1152 1756 1217 1804 18,
1251 1756 1287 1796 7.
1312 1751 1378 1806 8),
1408 1755 1449 1792 et
1479 1753 1528 1792 de
1559 1752 1738 1792 formicis
1769 1763 1793 1791 a

225 1815 318 1854 Iove
347 1814 467 1853 Aeaci
488 1814 616 1863 gratia
644 1813 686 1850 in
716 1812 896 1851 homines
927 1813 1181 1851 commutatis
1213 1812 1372 1852 videtur
1401 1810 1668 1850 coniunxisse.
1729 1807 1794 1848 eui

226 1872 401 1921 opinioni
430 1870 655 1920 fragmenta
685 1882 810 1919 paene
851 1870 985 1908 omnia
1022 1870 1171 1909 favent.
1232 1869 1282 1908 cf.
1314 1868 1479 1908 Hesiod.
1512 1867 1644 1907 Schol.
1674 1866 1792 1908 Pind.

225 1929 338 1966 Nem.
370 1929 408 1977 3,
441 1928 506 1965 21.
540 1927 671 1977 Strab.
705 1928 742 1978 7,
776 1927 870 1965 322.
903 1928 941 1975 8,
975 1927 1068 1968 375.
1100 1926 1216 1966 Ovid.
1249 1926 1343 1965 Met.
1377 1927 1415 1978 7,
1447 1926 1529 1964 517
1547 1937 1607 1975 sq.
1637 1923 1791 1976 Hygin.

229 1985 304 2026 fab.
336 1985 403 2023 52.
1748 2006 1752 2011 -

970 2072 1049 2114 113

629 2155 682 2194 Α.
713 2152 759 2193 τί
786 2153 956 2206 ληρεῖς;
988 2149 1104 2193 ἀλλὰ
1134 2149 1296 2207 φωνὴν
1326 2149 1415 2194 οὐκ
1446 2151 1567 2206 ἔχειν

433 2218 569 2275 ἰχθύν
599 2220 651 2273 γε’
678 2230 789 2275 φασι
818 2217 869 2262 τὸ
899 2221 1131 2272 παράπαν.
1190 2222 1241 2263 Β.
1274 2217 1330 2275 νὴ
1362 2217 1423 2262 τώ
1453 2218 1568 2272 θεαί,

428 2286 540 2330 κούκ
571 2289 692 2330 ἔστιν
723 2286 855 2343 ἰχθύς
884 2286 1021 2338 ἄλλος
1052 2287 1202 2338 οὐδεὶς
1231 2284 1260 2343 ἦ
1289 2286 1413 2343 βόαξ.

336 2371 509 2421 Ety'mol.
539 2385 592 2408 m.
626 2372 721 2422 218,
745 2372 795 2409 31
824 2367 1073 2423 Ἡρωδιανὸς
1105 2369 1149 2410 δέ
1178 2381 1278 2422 φησι
1307 2369 1376 2410 καὶ
1405 2365 1654 2422 δισυλλάβως
1683 2365 1791 2420 λέγε-

228 2429 325 2464 σθαι
354 2423 511 2479 (βῶκα),
542 2423 594 2473 ὥς
628 2456 636 2465 .
661 2457 668 2466 .
694 2458 702 2467 .
734 2426 982 2481 Φερεκράτης
1013 2427 1150 2468 εἰπών·
1182 2427 1222 2467 τί
1249 2430 1399 2481 ληρεῖς;
1431 2430 1514 2467 κτλ.
1562 2427 1794 2467 Athenaeus

230 2486 268 2532 7,
300 2485 377 2522 287
395 2498 417 2522 a
447 2482 693 2536 Φερεκράτης
724 2481 762 2522 δ’
803 2482 847 2523 ἐν
878 2482 1296 2538 Μυρμηκανθρώποις
1327 2483 1452 2525 εἶπα-ἕν
1483 2481 1621 2524 “οἰ’λλον
1649 2479 1795 2534 φωνὴν

230 2538 305 2577 οὐκ
336 2538 439 2591 ἔχειν
464 2539 592 2603 Ὶἰχθύν
621 2552 719 2591 φασι
748 2539 791 2580 τὸ
820 2539 1028 2595 παράπαν’
1062 2540 1241 2593 ἐπιφέρει
1273 2540 1338 2593 ενὴ
1368 2535 1422 2581 τώ
1451 2538 1550 2595 θεώ,
1579 2537 1654 2580 οὐκ
1685 2537 1792 2579 ἔστιν

181 2606 188 2614 ‘
227 2594 344 2643 ἄλλος
385 2596 501 2647 ἰχθυς
540 2593 673 2645 οὐδεὶς
711 2595 739 2649 ἢ
774 2597 903 2650 βόαξ.
966 2600 1139 2639 Zonaras
1180 2601 1263 2640 413
1302 2597 1370 2638 καὶ
1409 2594 1682 2652 Φερεκράτης·
1720 2589 1795 2636 οὐκ

232 2650 335 2691 ἔστιν
373 2651 491 2699 ἄλλος
529 2652 659 2702 οὐδεὶς
696 2652 725 2706 ἢ
761 2653 873 2706 βόαξ.
934 2659 973 2696 3.
1005 2653 1136 2704 οὐδεὶς
1165 2653 1194 2708 ἢ
1222 2658 1359 2708 Etym.
1401 2653 1558 2709 Zonar.]
1596 2650 1695 2694 οὐδὲ
1735 2647 1795 2701 εἷς

230 2709 267 2747 Α
300 2709 392 2748 Ath.
441 2710 697 2751 Blomfieldus
734 2713 849 2752 initio
888 2727 1026 2753 versus
1065 2715 1347 2765 subsequentis
1386 2714 1578 2753 excidisse
1621 2711 1794 2760 'putabat

234 2768 385 2815 φωνεῖν
413 2763 651 2817 δυνάμενος·
683 2769 849 2808 fortasse
879 2771 981 2809 nihil
1011 2770 1122 2810 deest
1152 2772 1230 2810 nisi
1263 2769 1423 2818 λάλος.
1456 2769 1680 2809 Meinekius
1701 2776 1809 2807 cum'

235 2822 319 2860 cod.
349 2823 385 2860 A
416 2822 609 2879 Athenaei
641 2826 893 2865 scribendum
932 2827 1116 2866 censebat
1146 2823 1240 2866 οὐδὲ
1271 2821 1349 2879 εἷς,
1377 2830 1425 2866 ut
1454 2824 1555 2879 βόαξ
1585 2827 1691 2866 esset
1718 2836 1793 2875 pro

230 2878 467 2928 praedicato.
498 2881 601 2921 ludit
628 2882 671 2921 in
700 2883 832 2923 verbis
865 2883 967 2936 βοᾶν
987 2886 1028 2923 et
1047 2881 1158 2935 βόαξ.
1190 2884 1337 2925 Athen.
1361 2886 1397 2934 7,
1421 2885 1541 2924 287a
1570 2878 1794 2933 ὠνομάσθη
