1838 3230
166 179 248 221 776
795 160 1128 212 momN-roz

948 279 977 320 4
1010 296 1012 298 v
1742 287 1751 303 s*

371 338 620 391 δελέαστρα
1713 306 1740 391 s

281 422 482 515 Ntuotpcfilv
501 417 571 515 ἒὰς
593 416 779 466 τοιαύτας
799 416 931 471 πάγας
955 418 1090 472 (retia)
1115 417 1160 459 ἐν
1180 415 1418 473 Ἀφροδίτης
1436 423 1575 474 γοναῖς
1599 416 1747 475 sumite.

167 480 313 519 Pollux
349 480 412 526 10,
436 490 439 491 ⁷
475 480 498 515 ὁ
535 507 543 515 .

717 566 1197 602 ΕΓΧΕΙΡΟΓΑΣΤΟΡΕΣ

245 678 248 681 Α
281 638 343 678 Cf.
363 639 466 677 infra
497 642 923 677 ΧΕΙΡΟΓΑΣΤΟΡΕΣ.

748 758 812 800 ΕΞ
838 762 995 796 ΑΙΔΟΤ
1021 763 1174 796 ΑΝῙΩΝ

282 833 318 872 Α
352 833 474 872 Suida
504 833 765 883 Eudociaque
796 835 1147 873 commemoratur.
1179 835 1352 874 Meinek.
1384 835 1404 874 I
1436 836 1533 874 256.

839 946 1078 981 HANAQPA

952 1014 980 1056 5

375 1091 399 1135 ὁ
433 1091 474 1135 δ’
509 1091 776 1148 ἐξυφαι’νεθ’
814 1092 951 1148 ιστός,
983 1092 1008 1136 ὁ
1040 1094 1091 1137 δὲ
1122 1094 1329 1148 διάζεται.

282 1178 426 1217 Pollux
459 1179 495 1224 7,
529 1178 582 1216 33
614 1174 681 1215 καὶ
711 1173 753 1215 τὸ
786 1174 995 1224 διαζεσθαι
1025 1175 1070 1216 δέ
1100 1175 1207 1217 ἐστιν
1238 1176 1284 1218 ἐν
1321 1174 1426 1234 αὐτῇ
1463 1183 1511 1233 τῇ
1539 1175 1643 1228 λέξει
1671 1191 1751 1218 πα·

169 1232 536 1286 ραλαμβανόμειων.
591 1230 612 1272 ὁ
638 1256 684 1262 -
711 1230 903 1286 διαζεται,
939 1234 1012 1273 καί
1037 1248 1116 1274 που
1147 1234 1255 1288 παρὰ
1286 1236 1527 1287 Νικοφῶντι
1557 1233 1602 1275 ἐν
1632 1236 1749 1276 Παν-

169 1291 292 1346 δῶρα.
339 1290 409 1330 καί
438 1289 531 1344 που]
563 1288 618 1338 (ός
647 1304 726 1330 που
747 1292 919 1334 Meinek.
946 1287 1120 1340 διάζεται
1143 1293 1207 1333 hic
1227 1294 1385 1345 passive
1410 1296 1456 1334 ut
1480 1290 1752 1344 ἕξυφαίνεται.

953 1405 980 1446 6

376 1482 560 1539 κέστραι
589 1499 637 1526 τε
668 1483 744 1526 καὶ
774 1484 1001 1540 λάβρακες

285 1569 517 1608 Athenaeus
556 1569 601 1614 7,
642 1568 724 1607 323
743 1567 769 1606 b
809 1567 850 1607 οἱ
881 1564 1048 1608 Ἀττικοὶ
1088 1599 1097 1608 .
1123 1599 1131 1608 .
1158 1601 1165 1609 .
1207 1567 1279 1620 τὴν
1318 1564 1551 1621 σφύραιναν
1587 1569 1754 1608 καλοῦσι

170 1623 339 1678 κέστραν
371 1655 380 1664 .
404 1624 680 1674 ..Νικοφῶν
709 1620 748 1662 δ’
784 1622 828 1663 ἐν
859 1623 1064 1680 Πανδώρα
1095 1628 1176 1665 κτλ.
1209 1627 1260 1666 cf.
1293 1626 1480 1666 Strattid.
1513 1628 1580 1666 28.
1746 1636 1749 1637 ’

955 1738 979 1780 7

378 1794 579 1848 κοιμίσαι
611 1791 691 1836 τὸν
723 1792 894 1850 λύχνον

288 1878 493 1927 Νικοφῶν
531 1875 752 1932 Πανδώρα.
794 1878 952 1918 Suidas.
984 1879 1151 1918 Bekkor
1183 1879 1333 1919 Aneod.
1365 1880 1439 1927 46,
1472 1880 1526 1919 26
1564 1891 1751 1924 κατακοι-

173 1935 298 1985 μίζειν
329 1931 399 1973 τὸν
427 1932 575 1985 λύχνον
604 1930 694 1974 αντὶ
724 1933 794 1974 τοῦ
824 1931 1055 1987 σβεννύναι.
1087 1937 1137 1976 of.
1169 1936 1320 1988 Phryn.
1354 1949 1454 1977 com.
1478 1937 1544 1976 24.

379 2105 554 2159 φίλημα
584 2104 748 2147 δοῦναι
956 2048 983 2091 8

234 2247 258 2284 5
289 2184 378 2283 ἇῖνῖὶ
417 2191 486 2225 τοῦ
522 2190 803 2239 καταφιλῆσαι.
865 2189 1067 2239 Νικοφῶν
1107 2185 1324 2242 Πανδώρα.
1384 2188 1554 2228 Bekker.
1594 2188 1748 2229 Anecd.

179 2248 227 2284 11
263 2275 273 2294 ,
364 2275 372 2284 .

958 2300 985 2342 9

381 2355 602 2410 δεύτερον
633 2354 809 2412 (αὐτόν)

289 2435 379 2478 ἀντὶ
412 2438 482 2477 τοῦ
511 2435 608 2489 μεθ’
643 2436 791 2491 ἑτέρου.
829 2435 1045 2502 ’ῌρόδοτος
1064 2453 1266 2507 τεταρτφ,
1296 2441 1499 2489 Νικοφῶν
1531 2437 1750 2495 Πανδώρᾳ.

177 2497 644 2545 Bekker.Anecd.89,
682 2498 743 2539 14
788 2493 975 2565 δεύτερον
1015 2492 1176 2536 αυτόν
1219 2500 1324 2538 recte
1362 2498 1415 2538 H.
1447 2497 1585 2538 Iacobi
1616 2497 1652 2536 V
1681 2498 1752 2537 56.

178 2555 326 2593 Herod.
359 2555 400 2604 4,
436 2555 515 2592 113
547 2551 741 2606 δευτέρην
768 2550 910 2605 αὐτήν.

948 2666 1002 2708 10

384 2720 548 2772 νέακας

293 2801 385 2849 τοὺς
411 2801 536 2851 νέους.
560 2806 783 2856 Κτησιφῶν
805 2805 1023 2858 Πανδώρᾳ.
1042 2806 1223 2846 Photius.
1246 2807 1395 2846 rectius
1412 2806 1583 2845 Bekker.
1602 2805 1753 2846 Aneod.

182 2863 277 2912 109,
310 2863 333 2901 9
366 2858 489 2911 νέαξ··
510 2858 531 2901 ὁ
563 2859 665 2911 νέος.
698 2864 954 2914 Νικοφῶν.
987 2864 1133 2904 Pollux
1164 2865 1201 2912 2,
1229 2866 1277 2902 11
1311 2859 1333 2901 ὃ
1363 2860 1437 2914 μὲν
1466 2861 1541 2915 γὰρ
1572 2859 1687 2915 νέαξ,
1719 2861 1756 2902 εἰ
