1872 3224
200 200 283 243 528
789 198 1179 233 ΑΡΙΣΤΟΦΑΝΟΤΣ

201 307 349 346 miaeus
379 307 450 346 aut
481 306 609 344 exitus
640 306 734 344 tetr.
768 317 884 355 anap.
917 304 966 343 de
996 305 1188 344 coracinis
1218 304 1269 344 cf.
1292 305 1474 345 Phereor.
1507 305 1574 345 56.
1605 305 1783 346 fortasse

201 377 295 403 usus
325 376 465 402 eorum
495 365 581 402 erat
611 363 654 401 in
683 362 954 412 haruspicina.

1591 452 1615 466 N

951 495 1037 539 538

314 580 494 631 Etymol.
526 593 579 619 m.
605 579 700 619 142.
726 580 806 619 143
835 576 1171 645 Ἀρίστυλλος·
1204 578 1331 631 ὄνομα
1359 576 1460 632 παρ’
1490 576 1781 631 Ἀριστοφάνει.

200 637 353 689 εἴρηται
382 633 427 675 δὲ
457 633 775 688 ὑποκοριστικῶς
806 633 827 676 ὁ
855 631 1123 689 Ἀριστοκλῆς.
1174 633 1228 685 ὡς
1258 635 1334 690 γὰρ
1371 634 1480 690 παρὰ
1510 635 1555 677 τὸ
1579 634 1782 690 Ἡρακλῆς

192 694 431 746 ”Ηρυλλος.
492 725 500 733 .
533 690 659 740 ούτως
691 692 759 733 καὶ
788 692 896 746 παρὰ
935 692 978 733 τὸ
1006 691 1262 746 Ἀριστοκλῆς
1290 691 1584 747 Ἀρίστυλλος.
1642 696 1781 735 ,Διο-
1848 722 1859 749 1

198 749 317 804 γένης
347 724 618 806 (διογενιανὸς
649 752 734 793 cod.
766 751 894 806 Aug.)
935 748 1026 791 ἀντὶ
1062 757 1134 791 τοῦ
1171 749 1344 802 ἄριστος.
1396 750 1463 792 καὶ
1489 748 1782 822 Ἀριστοφάνης

199 807 244 848 ἐν
277 810 493 861 Τελμισοῐς.
545 808 745 860 Bergkius
779 806 1039 880 Διογενιανὸς
1069 805 1160 849 ἀντὶ
1190 815 1261 849 τοῦ
1288 806 1554 875 Ἀριστοκλῆς
1581 814 1654 850 τοῦ
1677 805 1781 863 Ἀρί·

200 876 362 914 στωνος.
392 867 512 918 Diog.
545 866 591 906 L.
624 868 662 913 3,
684 867 710 904 4
740 861 818 916 άφ
852 860 903 906 οὗ
932 865 1000 906 καὶ
1031 864 1205 906 Πλάτων
1235 897 1245 907 .
1271 896 1280 906 .
1304 862 1654 919 .μετωνομάσθη,
1683 866 1780 920 πρό-

199 938 312 977 τερον
338 920 592 976 Ἀριστοκλῆς
629 916 708 962 α’πό
747 928 818 963 τοῦ
854 922 1025 963 πάππου
1059 922 1318 991 καλούμενος.
1368 925 1476 965 unde
1506 924 1707 977 Bergkius
1736 927 1779 966 et

201 982 424 1022 Meinekius
463 982 482 1020 I
522 982 602 1021 287
615 995 673 1032 sq
710 982 919 1021 Platonem
957 979 1149 1033 Aristylli
1193 983 1354 1022 nomine
1390 982 1609 1034 significari
1645 983 1780 1022 existi-

199 1042 324 1079 mant,
370 1039 544 1090 Hesych.
578 1039 812 1078 emendatus
844 1052 868 1078 a
898 1039 1098 1079 Meinekio
1126 1035 1402 1091 Ἀρίστυλλος
1429 1035 1680 1092 Ἀρίστωνος,
1710 1039 1781 1079 ubi

199 1098 249 1136 cf.
282 1097 337 1135 M.
371 1096 553 1135 Schmidt
584 1099 625 1136 et
663 1110 765 1147 quae
796 1099 888 1147 post
928 1096 977 1136 fr.
1010 1098 1092 1136 578
1135 1097 1429 1137 adnotavimus.
1499 1099 1619 1148 atque
1656 1097 1778 1136 etiam

202 1154 563 1194 Ecclesiazusarum
596 1151 717 1206 (647)
750 1156 791 1192 et
828 1154 938 1193 Pluti
970 1151 1092 1207 (314)
1132 1155 1377 1205 Aristyllum
1415 1154 1626 1194 Platonem
1658 1154 1780 1194 inter-

199 1213 422 1262 pretiantur.

949 1311 1036 1355 539

313 1395 444 1435 Schol.
477 1395 637 1437 Platon.
668 1396 747 1435 331
787 1396 916 1435 Bekk.
948 1391 1010 1448 (A
1013 1392 1277 1449 ριστοφανης)
1317 1392 1362 1434 ἐν
1401 1396 1686 1446 Τελμισσεῦσιν
1721 1393 1779 1444 εἰς

199 1448 466 1504 συκοφάντην
494 1449 749 1492 ἀποσκώπτει
780 1450 869 1506 (τὸν
899 1454 941 1491 Χ
946 1467 971 1490 α
981 1467 995 1491 ι
1004 1467 1027 1504 ρ
1037 1466 1055 1492 ε
1065 1467 1097 1503 φ
1106 1457 1140 1492 ῶ
1148 1451 1269 1507 ντα).

949 1599 1036 1642 540

313 1682 538 1734 Hesychius
569 1678 743 1722 πύλαι·
773 1678 1065 1747 Ἀριστοφάνης
1100 1683 1384 1732 Τελμισσεῦσιν
1412 1675 1492 1721 άπό
1524 1681 1606 1721 τῶν
1634 1683 1779 1722 θντων

199 1736 313 1792 λέγει.
365 1737 508 1779 ἐκεῖνοι
539 1737 615 1792 γὰρ
646 1737 948 1779 ἕπισκέπτονται
983 1732 1052 1786 τὰς
1091 1736 1284 1804 ἐκτροπὰς
1323 1743 1394 1778 τοῦ
1423 1736 1576 1790 ἥπατος
1607 1737 1676 1779 καὶ
1705 1753 1776 1787 τας

198 1794 364 1849 φλέβας.
396 1797 541 1837 Pollux
557 1798 595 1847 2,
612 1798 694 1836 215
710 1799 887 1837 καλεῖται
910 1793 955 1836 δὲ
973 1802 1043 1836 τοῦ
1063 1793 1216 1847 ηπατος
1236 1789 1279 1835 τό
1297 1793 1372 1846 μέν
1386 1810 1423 1835 τι
1442 1794 1587 1847 πύλαι,
1601 1792 1702 1835 καθ’
1724 1792 1777 1844 ὃς

198 1851 435 1906 ὑποδέχεται
455 1852 499 1893 τὸ
519 1849 631 1906 αἷμα.
665 1854 745 1895 Cic.
767 1855 863 1894 Nat.
883 1855 921 1894 d.
944 1855 1078 1906 2,137
1101 1866 1147 1894 ex
1165 1855 1363 1894 intestmis·
1382 1858 1514 1894 autem
1535 1857 1569 1894 et
1588 1854 1707 1894 alvo.

197 1925 315 1952 sucus
343 1924 378 1951 vs
407 1925 482 1961 quo
512 1913 660 1952 alimwr
682 1916 895 1961 permanat
921 1913 976 1952 ad
1003 1913 1109 1952 iecur
1139 1923 1214 1961 per
1243 1912 1436 1960 quasdam
1465 1924 1492 1951 a
1519 1912 1645 1952 ‘medio
1675 1912 1774 1952 inte-

200 1971 304 2009 stino
333 1981 456 2018 usque
484 1970 538 2009 ad
556 1973 700 2019 portas
728 1971 864 2010 iecoris
901 1971 975 2019 (sic
1003 1971 1109 2009 enim
1138 1970 1405 2018 adpellantur)
1442 1969 1580 2009 dadas
1609 1972 1644 2009 et
1673 1969 1775 2009 dire-

199 2030 280 2066 ctas
309 2028 406 2066 vias.
465 2027 676 2066 Dobraeus
713 2027 881 2067 Advers.
912 2027 954 2066 II
985 2027 1067 2066 255
1105 2026 1237 2066 deleto
1268 2026 1454 2065 lemmate
1484 2020 1625 2075 πύλαι,
1666 2025 1774 2076 quod

199 2097 289 2122 eum
320 2096 368 2122 ea
397 2096 497 2134 quae
528 2084 708 2134 proxime
731 2084 935 2123 antecedit
964 2084 1098 2135 glossa
1116 2083 1338 2135 coniungit,
1369 2080 1608 2134 πυλαωρούς
1629 2082 1775 2122 dixisse

199 2141 394 2179 comicum
424 2141 671 2190 suspicatur,
702 2141 729 2180 i.
751 2154 784 2179 e.
818 2141 1133 2189 Telmessenses,
1167 2153 1240 2190 pro
1268 2135 1350 2179 άπὸ
1381 2140 1557 2180 scribens
1590 2137 1666 2179 ἐπὶ
1696 2138 1777 2179 τῶν

199 2196 351 2236 θυτῶν.

948 2285 1029 2328 541

403 2341 546 2385 σιπύα

314 2418 476 2478 σιτηρόν
510 2421 673 2478 ἀγγεῖόν
711 2421 816 2464 ἔστιν
853 2419 879 2475 ἡ
916 2420 1052 2464 σιπύα.
1112 2422 1190 2464 ἔστι
1234 2423 1279 2463 δὲ
1322 2422 1510 2471 πολλάκις
1546 2422 1654 2476 παρὰ
1691 2410 1774 2472 τοῖς

199 2479 378 2535 ἀρχαίοις
407 2485 599 2534 κωμικοῖς
630 2512 640 2522 .
675 2514 682 2522 .
717 2517 725 2525 .
754 2479 1044 2535 Ἀριστοφάνης
1085 2483 1356 2534 Τελμισεῦσιν.
1396 2482 1628 2533 Harpocmt.
1680 2483 1774 2522 scri·

199 2541 373 2580 bendum
405 2542 466 2580 est
496 2535 634 2591 σιπύη.
673 2541 723 2580 ef.
755 2540 898 2591 Eupol.
922 2541 1019 2582 302.

861 2687 1119 2721 ΤΡῙΦΑΛΗΣ

313 2769 469 2808 Nomen
500 2769 638 2808 fictum
669 2783 692 2808 a
725 2770 865 2820 Φαλῆς
897 2767 1013 2820 (Aah.
1046 2768 1140 2807 263.
1165 2766 1280 2819 276),
1312 2769 1359 2806 ut
1386 2764 1587 2819 τριγέρων,
1618 2765 1771 2819 τρίδου·

200 2827 266 2872 λος
296 2826 347 2863 al.
389 2839 435 2865 ea
465 2826 547 2865 fere
580 2826 891 2878 significatione,
930 2839 1010 2876 qua
1038 2825 1117 2864 Av.
1155 2825 1259 2863 1256
1300 2825 1403 2863 dixit
1438 2822 1606 2875 στύομαι
1642 2821 1769 2874 τριέμ-

199 2883 342 2935 βολον,
383 2885 424 2922 et
451 2885 559 2922 reete
589 2884 638 2922 ab
669 2883 701 2922 Ι.
734 2882 782 2923 G.
813 2882 1056 2922 Schneidero
1089 2881 1276 2934 (Aristot.
1308 2881 1428 2923 Polit.
1457 2881 1498 2920 II
1529 2879 1633 2935 510)
1665 2894 1768 2920 com-
