1872 3224
628 174 905 210 ΚΕΡΚῼΠΕΣ
942 177 1118 211 ΜΟΙΡΑΙ
1578 180 1662 222 235

847 302 906 346 40

8 406 10 409 .
83 411 97 421 ‚—
275 355 513 412 διαλέγειν

35 437 44 468 ἶ
180 435 272 485 ἀντὶ
286 445 360 481 τοῦ
375 438 883 496 διαλέγεσθαι.”Έρμιππος
901 442 1145 495 Κέρκωψιν.
1159 447 1327 487 Bekker.
1341 447 1492 487 Anecd.
1507 449 1574 497 88,
1595 450 1661 487 29.

778 569 959 604 ΜΟΙΡΑΙ

1 698 4 708 ,
40 645 103 720 ἐζ.
181 660 288 702 Aeta
319 663 380 702 est
411 662 475 703 Ol.
505 663 574 712 87,
608 664 632 702 2
665 664 805 714 paullo
836 667 929 716 post
959 667 1131 716 primam
1169 666 1580 707 Lacedaemoniorum
1620 668 1662 706 in

76 719 247 760 'tticam
277 720 547 760 incursionem
579 734 627 761 eo
666 724 850 772 tempore
887 736 966 774 quo
1008 723 1279 763 Athenienses
1318 723 1464 763 Pericli
1502 737 1663 764 succen-

51 777 211 827 5.fl''cbant
249 778 359 829 quod
398 779 619 819 exereitum
650 792 733 819 non
771 783 912 820 contra
943 779 1079 821 hostes
1110 781 1312 821 educeret.
1365 782 1489 821 Thuc.
1523 783 1561 828 ⁶2,
1594 783 1662 820 21.

28 829 242 891 fffleinek.
275 835 296 875 I
326 837 395 875 91.
427 835 577 888 Bergk.
611 838 659 876 R.
693 850 728 877 c.
760 838 849 878 Att.
882 840 980 878 318.
1014 841 1051 887 9,
1085 840 1153 890 qui
1186 840 1294 889 quod
1323 852 1470 878 nomen
1502 840 1662 878 fabulae

23 893 117 951 *ιεἰᾱ
144 905 277 934 moras
297 893 709 934 Lacedaemoniorum
740 896 996 936 referendum
1018 910 1103 937 esse
1140 897 1342 948 opinatur,
1376 897 1442 936 vix
1474 897 1663 948 cuiquam

16 951 55 978 “³⁷
67 951 342 1003 persuadebit.

7 1013 39 1021 ”
831 1022 886 1063 41

274 1095 298 1142 ὁ
329 1098 447 1151 Ζεὺς
479 1100 528 1142 δὲ
560 1099 739 1143 τούτων
771 1099 912 1144 οὐδὲν
944 1102 1294 1158 ἐνθυμούμενος

274 1167 406 1224 μύων
437 1169 717 1221 ξυνέπλαττε
749 1168 1031 1226 Θετταλικὴν
1060 1168 1144 1227 τήν
1177 1172 1379 1214 ἔνθεσιν.

63 1307 252 1408 &eygil-nv.
273 1307 506 1408 ’Ἔρριιπποὲ
525 1310 724 1408 Ιὲοίῗαὲἱ·
745 1308 778 1350 ,ὁ
799 1309 906 1410 ὃΖὲξς
917 1314 1009 1410 gelth.
1033 1313 1204 1409 Ρὲοΐίηὲ
1227 1309 1441 1410 Θετὲαλικῂ
1474 1309 1660 1408 ἕνθῖξεέἷιῖ·

64 1376 438 1479 μοτρέῖςᾶῗὲἶζοξοε
456 1382 557 1477 gl&
575 1382 792 1467 adeamolssis
814 1380 1661 1479 Laeedaemonimffffl'eogijta‘xkfs)pgleoveni

64 1484 263 1525 Periclem
294 1497 380 1524 esse
412 1497 592 1526 censens.
633 1484 750 1536 μυῶν
780 1485 829 1524 Η.
862 1486 997 1526 Iacobi
1029 1486 1132 1525 conl.
1165 1485 1315 1525 Cratin.
1350 1486 1417 1524 53.
1450 1484 1662 1535 Hermipp.

66 1544 134 1584 46.
178 1539 350 1584 Philem.
389 1542 566 1599 Aeliam*
589 1543 640 1585 N.
675 1556 711 1582 a.
753 1544 827 1594 12,
871 1545 937 1583 10.
991 1545 1032 1582 at
1069 1544 1146 1583 hoc
1184 1545 1247 1583 est
1284 1545 1444 1582 noctem
1485 1542 1662 1581 tenebris

0 1607 3 1611 '
67 1600 298 1655 inlustrare.
331 1597 593 1654 ξυνέπλαττε]
627 1598 820 1640 ἐνέκαπτε
851 1601 1058 1641 Hei-werd.
1092 1601 1190 1641 obs.
1224 1601 1311 1642 crit.
1340 1602 1403 1639 19.
1437 1599 1538 1639 conl.
1571 1600 1662 1638 Ari-

0 1654 3 1657 ’
69 1658 201 1709 stoph.
241 1658 334 1698 Pac.
369 1660 407 1698 7.
458 1658 566 1698 idem
603 1671 677 1710 pro
709 1650 783 1709 τὴν
820 1661 927 1699 recte
964 1661 1011 1698 ut
1047 1659 1209 1699 videtur
1240 1654 1334 1699 τιν’.
1384 1657 1486 1696 nihil
1515 1657 1660 1696 horum

65 1715 230 1756 sufficit.
261 1713 380 1767 μύων
410 1716 464 1756 ad.
493 1717 717 1756 socordiam
748 1717 857 1757 Iovis
889 1717 916 1756 i.
949 1730 990 1756 e.-
1016 1717 1182 1756 Periclis
1213 1716 1340 1755 refert
1377 1715 1500 1754 Mein.
1538 1713 1571 1751 V
1604 1714 1657 1752 33

68 1774 172 1814 conl.
206 1774 428 1822 Antiphan.
461 1774 611 1814 Athen.
649 1776 714 1826 10,
747 1774 868 1814 445f.

272 1970 437 2022 μείζων
467 1965 554 2023 γὰρ
585 1965 614 2022 ἢ
645 1966 796 2022 νυνδή
823 1964 923 2021 ’στι,
955 1964 1031 2008 καὶ
1063 1966 1193 2008 δοκεῖ
1216 1965 1270 2020 γέ
1297 1978 1388 2020 μοι,

278 2033 359 2079 ἐὰν
389 2038 614 2079 τοσοῦτον
647 2035 837 2091 ἐπιδιδῷ
868 2036 947 2090 τῆς
975 2033 1159 2090 ἡμέρας,

281 2106 446 2159 μείζων
477 2105 666 2147 ἔσεσθαι
696 2103 936 2160 Διαγόρου
966 2105 1051 2146 τοῦ
1089 2103 1336 2159 Τερθρέως.

184 2189 318 2230 Schol.
357 2178 568 2239 Aristoph.
599 2189 702 2228 Ran.
735 2189 820 2228 320
857 2190 899 2228 et
938 2188 1083 2228 suidas
1116 2184 1298 2238 Ἴακχος·
1340 2184 1478 2240 γέγονε
1521 2181 1564 2224 δὲ
1596 2182 1663 2222 καὶ

69 2244 200 2299 ἕτερος
242 2241 488 2300 (Διαγόρας)
517 2243 837 2298 κωμῳδούμενος
878 2243 942 2284 ἐπὶ
970 2242 1155 2298 μεγέθει.
1204 2242 1432 2297 ’Ἕρμιππος
1473 2241 1516 2282 ἐν
1557 2241 1662 2281 ,Μοί-

68 2316 178 2357 ραις·
210 2303 356 2356 μείζων
386 2305 468 2343 κτλ.
522 2300 552 2355 ἢ
580 2303 731 2354 Bergk.
764 2304 812 2342 R.
846 2317 879 2344 c.
917 2305 1001 2342 Att.
1035 2301 1138 2355 321]
1170 2296 1235 2353 ἦν.
1293 2298 1426 2352 νυνδή
1452 2294 1530 2338 ’στι
1561 2300 1661 2338 Her-

68 2362 191 2402 werd.
224 2361 320 2402 Obs.
355 2361 447 2401 erit.
483 2359 555 2414 19]
590 2365 670 2400 νῦν
700 2356 751 2412 δή
780 2357 856 2400 ’στι
888 2361 1038 2412 Bergk.
1069 2365 1147 2398 νῦν
1178 2355 1217 2397 δ’
1252 2356 1335 2397 ἐστὶ
1366 2358 1475 2398 Suid.
1509 2362 1588 2395 νῦν
1618 2353 1663 2394 δέ

69 2417 152 2472 ἐστι
181 2418 261 2458 V&
298 2419 422 2459 schol.
461 2416 506 2471 γέ
544 2415 716 2472 Bergk]
756 2415 801 2457 δέ
840 2418 952 2458 Suid.
985 2420 1026 2457 et
1057 2417 1092 2455 V
1123 2417 1261 2464 schol„
1294 2429 1371 2456 om.
1408 2415 1454 2454 Θ.
1518 2416 1556 2453 2.
1589 2410 1663 2452 ἐὰν

68 2481 262 2517 τοσοῦτον
291 2474 451 2529 Dindf.]
486 2473 558 2515 ἐάν
589 2490 625 2515 τι
655 2474 822 2515 τούτων.
856 2473 928 2514 ἐάν
959 2489 1016 2522 τις
1049 2489 1082 2513 τ.
1106 2474 1216 2514 Suid.
1237 2470 1402 2527 ἐπιδιδῷ
1433 2476 1502 2522 τῆς
1525 2468 1659 2522 Suid.]

180 1253 415 1294 Athenaeus
458 1255 531 1306 10,
561 1254 680 1294 418d
723 1251 859 1307 ἔλεγον
903 1251 948 1293 δὲ
988 1252 1057 1293 καὶ
1096 1247 1346 1306 Θετταλικὴν
1387 1251 1551 1293 ἔνθεσιν
1588 1247 1663 1304 τὴν
1745 1287 1747 1289 .

69 2531 302 2574 ἕπιὸίδωται
342 2533 391 2574 V.
427 2531 651 2572 ἕπιδίδοται
698 2533 784 2573 Ge).
823 2535 918 2583 post
955 2524 1104 2583 ἡμέρας
1143 2532 1204 2570 ed.
1246 2530 1352 2570 Med.
1395 2529 1507 2569 Suid.
1548 2528 1663 2567 addit
1739 2556 1757 2573 .

67 2590 140 2631 ὅτι.
179 2587 282 2630 καθ’
313 2587 471 2643 ἡμέραν
502 2591 695 2642 Toupius.
788 2593 826 2630 3.
861 2587 1046 2642 ἔσεσθαι]
1081 2584 1137 2626 ἔτ’
1179 2585 1290 2626 ἔσται
1321 2586 1433 2626 Suid.
1467 2580 1542 2640 (ἔτ’
1578 2599 1659 2625 om.

58 2648 174 2702 AV).
251 2646 453 2701 Διαγόρου
491 2653 566 2687 τοῦ
613 2645 843 2715 Τερθρρως]
888 2644 1089 2699 Διαγόρου
1128 2645 1251 2685 schol.
1293 2645 1386 2692 Ar.,
1437 2648 1508 2682 τοῦ
1561 2644 1658 2694 Τερ-

73 2704 225 2803 θρέωῗ.
242 2706 399 2804 S‘uwigior
428 2765 534 2804 enim
562 2776 672 2803 nunc
692 2770 746 2804 est
774 2773 894 2813 quam
913 2763 1025 2802 modo
1046 2764 1142 2802 erat.
1175 2754 1402 2798 ἐπιδιδόναι
1422 2758 1659 2809 auyescere’.

70 2822 219 2873 Bergk.
270 2821 433 2862 videtur
463 2823 600 2860 autem
632 2821 759 2861 Cleon
791 2819 1022 2871 significari,
1066 2819 1135 2868 qui
1165 2819 1253 2856 tum
1282 2816 1464 2855 maxime*
1492 2815 1658 2854 Periclis

71 2879 225 2920 invidia
244 2879 288 2919 in
311 2878 396 2919 dies
421 2878 625 2920 crescebat
658 2877 874 2932 (Fritzsch.
898 2876 1105 2927 Aristoph.
1137 2875 1239 2914 Ran.
1262 2887 1302 2925 p.
1330 2870 1444 2927 186).
1478 2873 1527 2912 de
1557 2872 1659 2911 Dia-
