1872 3224
620 203 909 240 ΑΜΦῙΑΡΕΩΣ
935 208 1198 244 ΑΝΑΓΤΡΟΣ
1611 217 1693 258 403

52 356 59 365 7
77 316 311 353 ε.ῑιιιιωετοε
341 320 430 347 esse
460 310 746 360 anapaesticos,
779 313 885 362 quod
917 314 1126 356 Dobraeus
1156 319 1368 368 statuebat,
1401 321 1564 361 minime
1595 336 1688 362 eon-

67 388 83 420 ss
117 364 222 416 stat,
247 377 491 416 quamquam
522 367 578 406 sic
609 368 728 431 etiam
760 370 1050 412 Herwerdenus
1084 375 1202 413 Anal.
1233 377 1321 415 crit.
1353 379 1400 416 41
1437 375 1541 430 ψῆχ’
1573 376 1694 431 ἠρέμα

47 422 85 469 3*-
211 423 220 473 Ι
245 419 503 475 βουκὲφαλον
527 421 596 463 καὶ
626 438 694 464 τον
723 427 963 468 κοππατίαν.
995 431 1169 470 trimetri
1201 433 1358 473 iambici
1381 437 1421 474 et
1450 439 1614 487 propter
1644 439 1693 477 fr.

114 479 171 519 41
218 480 529 521 similitudinem
573 485 614 522 et
649 487 813 535 propter
857 488 1097 527 sententiam
1137 491 1308 540 aptiores
1348 493 1548 532 videntur.
1598 508 1692 546 qua-

50 547 61 567 f
112 539 284 589 propter
311 538 514 591 Bergkius
546 538 695 592 ψήχειν
725 538 766 580 δ’
807 538 934 594 ἠρέμα
961 542 967 597 Ι
993 542 1064 583 τὸν
1100 546 1213 597 βουκ.
1244 546 1310 587 καὶ
1339 562 1482 603 nomm,
1519 550 1692 593 Cobetus

116 594 170 635 N.
198 595 227 638 l.
273 597 325 636 31
365 593 512 648 ψήχετ’
554 593 678 650 ’ἡρέμα
713 598 719 652 Ι
754 597 827 639 τὸν
863 600 977 650 βουκ.
1016 601 1082 642 καὶ
1118 617 1235 642 κοππ.
1276 608 1316 645 at
1354 620 1441 646 cum
1482 616 1517 657 ψ
1555 609 1692 649 littera

27 655 63 699 '⁷
112 653 273 704 syllaba
301 667 406 706 quae
437 656 638 695 antecedit
666 657 927 708 producatur,
970 663 1155 700 neutrum
1194 663 1289 703 ferri
1325 666 1468 715 potest.
1532 667 1692 718 scripsit

31 754 52 771 ,7
82 706 220 762 ,.,ψῆχ’
246 707 380 765 ἠρέμα
406 713 413 763 Ι
439 710 515 752 τὸν
534 714 574 765 β.
598 728 635 754 κ.
657 728 777 755 κοππ.
802 717 865 756 vel
893 717 999 757 filius
1021 719 1085 758 vel
1106 722 1220 770 pater
1240 734 1361 771 equos
1382 735 1517 763 recens
1538 728 1692 775 emptos

39 780 41 782 ’
79 815 80 818 ¹
113 767 217 809 hone
249 771 382 810 curari
411 771 536 811 iubet.

887 830 943 872 43

260 909 315 949 A.
348 903 409 957 ὡς
439 905 483 949 δ’
518 905 764 964 ὀρθοπλήξ.
824 912 875 955 Β.
906 911 1084 966 πέφυκε
1113 909 1198 967 γάρ
1231 913 1549 970 δυσγάργαλις.

234 990 405 1031 Photius
451 994 493 1031 et
537 991 681 1033 suidas
726 989 931 1045 ὀρθοπλὴξ
969 993 1114 1043 ἵππος·
1161 992 1284 1049 ὀρθὸς
1333 994 1588 1051 ἐπαιρόμενος
1626 999 1692 1039 καὶ

114 1043 326 1097 πλήσσων.
354 1044 646 1101 Ἀριστοφάνης
673 1045 880 1105 Ἀναγύρῳ
901 1054 978 1091 κτλ.
1014 1053 1184 1095 Bekker.
1207 1055 1355 1095 Anecd.
1379 1058 1445 1107 37,
1472 1060 1490 1095 l
1524 1057 1690 1110 δυσγάρ-

114 1106 235 1158 γαλος
266 1103 411 1154 ἵππος·
445 1105 510 1147 ἐπὶ
540 1112 622 1147 τῶν
651 1103 913 1160 ψήχεσθαι
942 1109 1351 1163 δυσανασχετούντων
1380 1114 1544 1153 τίθεται.
1584 1117 1691 1155 vide-

116 1166 185 1203 tur
213 1164 341 1215 igitur
370 1165 446 1205 hoc
475 1166 751 1217 fragmentum
781 1180 871 1207 cum
902 1169 951 1206 fr.
973 1170 1028 1206 42
1051 1170 1252 1210 artissime
1280 1172 1534 1211 coniunctum
1556 1173 1689 1212 fuisse.

116 1220 291 1272 Hesych.
324 1219 616 1276 δυσγάργαλις·
648 1221 925 1276 δυσπράυντος
957 1255 966 1264 .
1001 1257 1009 1264 .
1042 1225 1324 1278 δυσπρόσιτος·
1356 1224 1420 1266 ὁτὲ
1451 1225 1496 1267 δὲ
1516 1228 1687 1282 δυσγαρ-

116 1273 310 1331 γάλιστος.
342 1293 388 1320 ac
418 1282 476 1320 sic
505 1281 647 1321 Pollux
684 1286 717 1330 l,
753 1284 847 1322 197.
898 1279 1163 1336 δυσγάργαλις
1195 1286 1315 1324 etiam
1345 1286 1443 1325 Xen.
1475 1287 1534 1326 De
1565 1301 1595 1325 r.
1627 1301 1689 1338 eq.

119 1337 159 1387 3,
195 1337 266 1377 10.
301 1338 392 1377 Ael.
424 1339 478 1378 H.
509 1353 572 1379 an.
607 1341 673 1388 16,
708 1342 747 1390 9.
780 1341 977 1380 substant.
1010 1337 1201 1393 γάργαλος
1235 1342 1392 1382 Thesm.
1427 1345 1518 1383 133.

287 1536 342 1575 A.
376 1532 501 1576 τοῦτ’
536 1530 647 1575 αὐτὸ
678 1531 878 1589 πράττω,
910 1531 985 1576 δύ’
1019 1532 1165 1589 ὀβολώ
1197 1534 1272 1577 καὶ
1303 1535 1535 1591 σύμβολον

290 1599 381 1647 ὑπὸ
411 1605 474 1659 τῷ
511 1601 788 1660 ’πικλίντρῳΙ
848 1605 899 1646 Β.
931 1605 1030 1658 μῶν
1060 1620 1126 1654 τις
1156 1601 1256 1645 αὔτ’
1290 1602 1515 1657 &vell-8103

150 1704 153 1705 ⁷
228 1685 374 1726 Pollux
404 1688 442 1736 9,
476 1688 528 1726 72
560 1684 765 1741 σύμβολον
794 1684 923 1739 βραχὺ
955 1685 1213 1739 νομισμάτων
1245 1719 1252 1726 .
1287 1718 1296 1727 .
1330 1718 1339 1728 .
1371 1686 1611 1741 διελέγχουσι
1642 1686 1686 1727 δὲ

112 1738 212 1782 αὐτὸ
241 1742 410 1797 σμικρόν
438 1758 475 1783 τι
505 1743 715 1783 δύνασθαι
743 1741 1032 1796 Ἀριστοφάνης
1071 1741 1146 1796 μὲν
1179 1742 1222 1783 ἐν
1249 1740 1451 1799 Ἀναγύρῳ
1481 1748 1561 1784 κτλ..
1612 1742 1683 1784 δύ’

111 1796 241 1851 ὀβολώ
273 1800 466 1855 Porsom]
499 1800 696 1853 διωβόλω.
729 1803 778 1841 de
806 1803 976 1852 symbolo
1007 1803 1056 1841 ef.
1087 1803 1294 1853 Hermipp.
1331 1803 1394 1842 14.
1427 1805 1491 1851 61,
1525 1803 1572 1842 de
1604 1801 1684 1842 ἐπι-

110 1857 282 1913 κλίντρῳ
320 1860 484 1899 Becker.
518 1857 716 1899 Charikl.²
745 1859 807 1898 HI
838 1861 902 1898 63.
935 1860 1069 1899 nescio
1099 1859 1204 1898 unde
1240 1860 1412 1910 pendeat
1440 1862 1686 1900 accusativus

112 1912 183 1954 δύ’
216 1912 365 1968 ὀβολώ,
395 1918 474 1956 nisi
506 1920 625 1956 antea
655 1918 688 1955 Β
719 1917 871 1956 dixerat
902 1912 1003 1967 ζήτει
1035 1917 1097 1956 vel
1128 1911 1270 1967 ἐρεύνα
1301 1914 1363 1969 (τὸ
1393 1912 1615 1971 ἀργύριον).

883 2028 940 2070 45

321 2109 362 2151 εἰ
388 2107 447 2164 μὴ
480 2113 749 2164 παραμυθεῖ
772 2106 816 2164 μ’
851 2106 1058 2162 ὀψαρίοις
1088 2106 1313 2151 ἑκάστοτε.

230 2194 460 2232 Athenaeus
493 2194 532 2240 9,
564 2193 682 2231 385f-
702 2190 745 2231 τὸ
781 2189 825 2230 ἐν
858 2188 1065 2245 Ἀναγύρῳ
1100 2188 1413 2243 Ἀριστοφάνους
1451 2191 1487 2231 εἰ
1513 2190 1567 2243 μὴ
1598 2195 1676 2231 κτλ.

111 2248 202 2292 ἀντὶ
234 2250 303 2290 τοῦ
332 2246 645 2302 προσοψήμασιν
673 2244 872 2301 ἀκούομεν
902 2247 949 2300 (i.
984 2263 1016 2291 e.
1047 2251 1316 2300 mtelkyimus,
1348 2245 1681 2303 interpretamur).

111 2311 356 2361 παραμυθεῖ
378 2303 422 2359 μ’
455 2306 651 2361 Brunck]
683 2303 950 2360 παραμύθημ’
974 2306 1060 2346 VL.
1091 2318 1143 2346 'an
1172 2303 1561 2357 παραμυθοῦμ’ἳ
1591 2320 1683 2345 nam

111 2368 219 2407 haud
243 2367 325 2407 scio
347 2379 397 2404 an
418 2367 608 2416 loquatur
637 2366 780 2404 mulier
811 2378 931 2416 quam
962 2364 1134 2404 difficilis
1165 2365 1218 2403 sit
1237 2365 1400 2402 maritus
1431 2366 1471 2402 et
1500 2376 1681 2403 morosus

114 2437 374 2476 conquerens.
425 2423 597 2462 Bekker.
637 2423 792 2462 Anecd.
829 2423 900 2471 53,
934 2423 957 2461 5
999 2417 1189 2473 ὀψάριον·
1230 2418 1271 2458 τὸ
1308 2418 1433 2468 ὄψον,
1473 2415 1558 2470 οὐχὶ
1590 2418 1680 2466 τοὺς

92 2482 257 2534 ,ἰχθῦς-
291 2481 332 2520 οἱ
358 2477 400 2518 δὲ
431 2480 511 2519 νῦν
540 2478 632 2527 τοὺς
663 2480 785 2531 ἰχθῦς
815 2476 1009 2531 λέγουσιν.

324 2650 400 2694 καὶ
431 2650 686 2706 ξυννένοφε
718 2648 791 2692 καὶ
822 2649 1019 2704 χειμέρια
1050 2648 1219 2703 βροντᾷ
1247 2642 1355 2701 μάλ’
1387 2639 1460 2687 αὖ.

230 2735 400 2775 Photius
431 2738 473 2774 et
505 2734 647 2774 suidas
678 2730 918 2782 ξυννένοφε’
951 2728 1121 2782 ἐπινεφῆ
1150 2727 1217 2768 καὶ
1249 2731 1429 2780 ξυννεφῆ
1458 2726 1523 2767 καὶ
1547 2728 1683 2767 συννέ-

116 2791 219 2843 φελά
251 2790 372 2831 ἐστιν.
420 2788 713 2844 Ἀριστοφάνης
746 2785 950 2843 Ἀναγύρῳ
979 2791 1059 2827 κτλ.
1092 2787 1273 2838 Append.
1313 2786 1452 2850 Orion.
1494 2787 1610 2852 1815
1631 2788 1683 2824 10

118 2849 266 2900 νείφω·
284 2846 407 2899 νέφος
423 2848 499 2902 γὰρ
516 2848 582 2888 καὶ
602 2845 775 2898 νένοφεν
790 2843 811 2886 ὁ
831 2845 946 2898 μέσος
967 2843 1253 2895 παρακείμενος
1274 2857 1381 2894 παρα
1398 2839 1683 2910 Ἀριστοφανει.

117 2907 283 2947 Photius
314 2904 508 2958 νένοφεν·
541 2903 778 2957 νενέφωται.
811 2905 986 2944 Cramer.
1019 2902 1168 2942 Anecd.
1201 2901 1276 2941 Ox.
1308 2900 1370 2939 ΙΙΙ
1401 2901 1495 2946 396,
1534 2902 1549 2937 1
1586 2901 1682 2952 Αρι-

214 2964 216 2966 ’
1343 2964 1417 3000 26*
