1872 3224
197 188 279 230 296
840 180 1138 215 ΕΤΠοΛιΔοΣ

949 282 1030 324 144

401 346 598 400 τήγανον

314 441 457 480 Pollux
490 440 555 486 10,
591 439 643 478 98
682 434 746 475 καὶ
789 434 963 488 τάγηνον
1000 432 1064 483 δέ,
1105 430 1202 472 αλλὰ
1240 430 1323 484 μὴν
1357 430 1424 472 καὶ
1459 429 1637 486 τήγανον
1673 427 1776 503 ἔχοις
1839 439 1845 444 ”

198 497 251 537 οἰν
281 494 412 549 εὑρεῖν
443 492 651 548 εἰρημένον
681 492 725 533 ἐν
757 492 938 532 Εἵλωσιν
968 488 1210 538 Ευπόλιδος.

316 555 379 593 Ad
409 554 576 592 Helotas
607 554 655 591 fr.
688 552 769 591 342
800 551 942 590 rettuli
974 551 1076 591 Mus.
1107 550 1183 588 Rh.
1216 549 1327 588 XXX
1358 549 1455 586 417.
1488 547 1540 587 cf.
1571 548 1778 598 praetere·

199 614 247 651 fl.
284 612 374 650 145.
407 611 491 649 435
523 614 563 649 et
592 622 692 660 quae
723 610 773 648 ad
804 609 1007 648 Laconum
1037 607 1202 647 titulum
1234 606 1530 646 adnotavimus.

871 752 1097 801 [ΚΛΟΠΑΙ]

949 845 1030 888 145

314 943 528 982 Erotianus
561 944 626 989 74,
662 944 709 980 11
746 941 873 980 Klein.
912 935 1185 991 ἡδύσμασι·
1222 940 1304 986 τοῖς
1344 939 1508 991 χλωροῖς
1545 936 1614 978 καὶ
1642 938 1778 992 ξηροῖς

201 997 440 1050 ἀρτύμασιν.
499 995 652 1049 Ἀττικὴ
685 995 727 1036 δὲ
758 995 782 1048 ἣ
814 995 928 1047 λέξις,
960 994 1013 1044 ὡς
1045 996 1144 1036 καὶ.
1170 1027 1178 1036 .
1203 1027 1211 1035 .
1234 994 1411 1043 Εὔπολις
1433 997 1627 1043 Κλοπαῖς.
1659 996 1778 1042 4Κλο·

171 1074 174 1076 ·
202 1061 296 1104 παῖς
339 1058 397 1098 ed.
432 1054 635 1109 Eustach.]
671 1056 838 1102 ἱιλωταῐς
870 1055 950 1094 AC.
970 1053 1160 1101 ·κλώταις
1191 1054 1242 1102 Β,
1283 1054 1387 1093 unde
1418 1055 1525 1094 recte
1559 1053 1793 1106 Meinekiuff
1863 1082 1872 1098 .

203 1113 414 1162 Εἷλώταις,
447 1117 648 1164 receptum
682 1127 704 1151 a
725 1113 897 1162 Kleinio,
929 1114 1041 1152 cuius
1071 1112 1224 1151 formae
1256 1112 1376 1151 etiam
1416 1112 1495 1151 alia
1525 1113 1684 1151 exstant
1713 1123 1779 1152 ve·

202 1174 333 1224 stigia.
396 1173 529 1221 itaque
561 1172 609 1210 ad
642 1171 808 1209 Helotas
838 1171 1109 1222 fragmentum
1141 1170 1328 1235 pertinet.

870 1316 1106 1350 ΚΟΛΑΚΕΣ

320 1435 422 1474 Acta
460 1437 520 1474 est
550 1435 704 1485 Dionys
698 1434 754 1473 iis
787 1433 850 1473 Ol.
883 1434 951 1481 89,
985 1434 1023 1471 3.
1055 1433 1226 1483 Argum.
1259 1433 1466 1484 Aristoph.
1496 1433 1591 1475 Pae.
1625 1431 1784 1485 ἐνίκησε

204 1490 247 1531 δὲ
278 1496 330 1545 τῷ
362 1490 532 1542 δράματι
561 1487 582 1530 ὁ
613 1488 778 1541 ποιητὴς
811 1488 873 1528 ἐπὶ
910 1487 1101 1541 ἄρχοντος
1127 1486 1314 1528 Ἀλκαίου
1345 1488 1389 1529 ἕν
1417 1488 1541 1532 ἄστει.
1590 1494 1783 1555 πρῶτος

211 1547 421 1595 Εὔπολις
461 1547 668 1596 Κόλαξι,
709 1543 890 1599 δεύτερος
918 1543 1209 1599 Ἀριστοφάνης
1249 1546 1419 1602 Εἰρήνῃ,
1450 1547 1577 1617 τρίτος
1609 1541 1786 1588 Λεύκων

206 1605 417 1657 Φράτερσι.
461 1607 606 1645 Athen.
639 1606 683 1653 5,
717 1606 865 1644 218bc
903 1601 1074 1655 τέθνηκε
1111 1601 1155 1643 δὲ
1194 1588 1459 1673 (Ἱππόνικος)
1498 1603 1574 1655 πρὸ
1615 1610 1685 1658 τῆς
1715 1600 1782 1644 ἐπ’

198 1661 394 1702 Ἀλκαίου
445 1661 703 1709 διδασκαλίας
749 1667 829 1702 τῶν
874 1657 1102 1709 Εὐπόλιδος
1150 1659 1344 1700 Κολάκων
1387 1658 1434 1702 οὐ
1481 1662 1612 1717 πολλῷ
1656 1661 1786 1732 χρόνῳ

208 1721 382 1774 (duobus
413 1722 496 1759 fere
527 1718 674 1772 annis).
734 1714 1027 1772 πρόσφατον
1056 1734 1145 1770 γαρ
1178 1733 1287 1757 τινα
1327 1720 1411 1758 τοῦ
1444 1719 1663 1759 Καλλίου
1693 1717 1787 1772 τὴν

204 1775 501 1829 παράληψιν
532 1782 616 1828 τῆς
647 1772 827 1823 οὐσίας
859 1773 1098 1826 ἐμφαίνει
1135 1773 1178 1815 τὸ
1208 1775 1353 1827 δρᾶμα.
1396 1775 1439 1816 ἐν
1469 1771 1546 1816 οὖν
1575 1775 1702 1832 τούτῳ
1731 1781 1787 1832 τῷ

202 1831 369 1886 δράματι
401 1831 576 1881 Εὔπολις
609 1831 690 1874 τὸν
721 1832 1063 1886 Πρωταγόραν
1092 1829 1154 1881 ὡς
1186 1830 1532 1884 ἐπιδημοῦντα
1562 1834 1785 1901 εἰσάγει,

195 1891 394 1943 Αμειψίας
426 1886 462 1930 δ
499 1889 542 1930 ἐν
572 1896 624 1945 τῷ
658 1888 800 1945 Κόννῳ
830 1889 905 1929 δύο
935 1889 1129 1942 πρότερον
1171 1888 1276 1930 ἔτεσι
1317 1889 1583 1943 διδαχθέντι
1602 1887 1650 1931 οὐ
1690 1905 1784 1931 κατ-

204 1952 371 2000 αριθμεῐ
403 1945 527 1988 αὑτὸν
558 1946 601 1987 ἕν
631 1954 684 2003 τῷ
715 1953 795 1987 τῶν
832 1949 1084 2000 φροντιστῶν
1118 1948 1784 2016 χορῷ.801101.Αι·181;οῙ>11.Αν.

206 2008 286 2046 284
324 2002 344 2044 ὁ
378 2002 610 2044 Ιππονίκου
656 1988 874 2053 ’Καλλίας
915 2001 1042 2044 ἐδόκει
1079 2003 1133 2043 τὰ
1171 2005 1372 2072 πατρῷα
1411 2003 1785 2073 διεσπαρκέναι

205 2064 260 2111 εἰς
290 2059 512 2114 ἀσέλγειαν,
555 2059 609 2110 ὡς
639 2061 811 2113 ληφθεὶς
842 2061 1040 2113 μοιχεύων
1069 2061 1137 2102 καὶ
1165 2059 1359 2110 ἀποτίσας
1398 2059 1592 2116 χρήματα.
1632 2077 1785 2104 κεκω-

205 2116 395 2174 μῴδηκε
427 2117 478 2158 δὲ
509 2117 661 2159 αὐτὸν
691 2119 876 2167 ἱκανῶς
900 2118 1123 2167 Εὔπολις
1156 2118 1207 2159 ἑν
1234 2117 1424 2170 Κόλαξι.
1447 2122 1610 2162 Maxim.
1640 2121 1787 2174 Tyrius

206 2180 270 2226 'O‚
306 2179 328 2216 7
369 2170 543 2216 Καλλίαν
571 2174 647 2228 μὲν
677 2175 721 2216 ἐν
753 2177 983 2224 Διονυσίοις
1015 2174 1215 2232 ἕκωμώδει
1245 2175 1423 2226 Εύπολις
1454 2177 1619 2247 ἰδιώτην
1646 2175 1728 2219 ἄνδ

205 2233 248 2273 ἐν
277 2234 509 2285 συμποσίοις
537 2232 867 2283 κολακευόμενον,
899 2232 1002 2274 ὅπου
1034 2239 1118 2285 τῆς
1149 2233 1420 2283 κολακείας
1451 2233 1502 2275 τὸ
1534 2229 1697 2276 ἆθλον
1723 2192 1784 2288 Ξῖ

205 2290 398 2338 κύλικες
430 2290 510 2330 καὶ
542 2289 735 2343 ἑταῖραι
756 2291 823 2330 καὶ
841 2289 958 2331 α’λλαι
979 2290 1159 2330 ταπειναὶ
1179 2290 1246 2330 καὶ
1264 2288 1591 2343 ανδραποδώδεις
1611 2289 1776 2344 ἡδοναί,

203 2362 302 2399 quae
333 2363 380 2388 ex
409 2350 496 2399 ipsa
525 2349 734 2399 Eupolidis
772 2349 909 2388 fabula
945 2349 1133 2389 videntur
1170 2352 1360 2400 excerpta.
1398 2363 1494 2391 esse.
1554 2351 1698 2390 chorus
1729 2363 1777 2390 ex

206 2406 476 2445 adulatoribus
508 2409 592 2445 erat
621 2407 883 2456 compositus,
927 2407 997 2457 qui
1027 2409 1168 2456 postea
1196 2405 1409 2470 παράσιτοι
1461 2408 1780 2473 adpellabantur.
1814 2432 1823 2435 -v

209 2463 535 2513 Phrynieh.1⁴]cl.
573 2465 649 2502 139
680 2463 923 2514 παρασίτους
953 2459 1028 2502 οὐκ
1058 2460 1193 2515 ἔλεγον
1222 2463 1263 2503 οἵ
1287 2457 1446 2515 ἀρχαῖοι
1476 2457 1544 2504 ἐπ’
1586 2460 1784 2514 ὀνείδους,

209 2516 306 2557 αλλὰ
336 2517 525 2566 κόλακας·
556 2517 621 2558 καὶ
667 2519 797 2571 δρᾶμα
834 2519 915 2559 ἔστι
956 2518 1130 2568 Κόλακες
1168 2518 1358 2560 τοιούτων
1391 2517 1642 2574 ανθρώπων.
1702 2523 1786 2562 sin·

211 2577 346 2626 gulare
387 2578 428 2614 in
474 2591 520 2616 ea
560 2577 694 2616 fabula
735 2578 844 2617 chori
884 2590 1043 2617 carmen
1083 2578 1208 2618 fuisse
1248 2579 1392 2618 docet
1405 2580 1538 2619 Schol.
1581 2579 1788 2631 Aristoph.

212 2633 305 2683 Lys
341 2635 447 2671 1188
485 2630 667 2684 αποκοπή
707 2632 785 2673 ε’στι
823 2640 894 2673 τοῦ
931 2632 1056 2673 ἄλλου
1095 2639 1238 2686 χοροῦ,
1275 2632 1329 2682 ὡς
1366 2633 1463 2688 παρ’
1508 2633 1707 2675 Εὐπόλιδι
1742 2632 1788 2675 ἒν

214 2685 369 2736 Κόλαξι
434 2704 535 2740 quae
574 2691 756 2742 Engerus
795 2693 851 2731 sic
892 2693 1200 2742 interpretatur.
1251 2705 1411 2732 carmon
1450 2693 1701 2744 Lys.1188
1723 2706 1784 2744 sq

211 2739 417 2796 ἀποκοπὴν
457 2760 542 2786 esse
581 2749 664 2786 eius
703 2749 889 2788 carminis
928 2749 1035 2799 quod
1075 2750 1233 2800 legatur
1275 2751 1466 2800 1043sq„
1498 2751 1538 2789 id
1567 2751 1675 2800 quod
1707 2751 1786 2789 iam

215 2803 471 2853 intellegatur
502 2817 548 2842 ex
578 2806 772 2854 particula
804 2803 848 2844 δέ
868 2807 984 2845 initio
1017 2819 1052 2844 v.
1090 2807 1196 2846 1188
1227 2807 1359 2858 posita
1381 2804 1449 2858 (cf.
1482 2807 1687 2857 Aristoph
1713 2809 1786 2848 Av.

217 2861 336 2898 1482.
372 2861 494 2899 1553.
530 2862 663 2906 1694).
706 2864 845 2914 ‘atque
876 2864 950 2902 hoc
980 2865 1202 2903 extremum
1233 2864 1354 2903 etiam
1391 2864 1434 2903 in
1464 2864 1676 2915 Eupolidis
1705 2876 1788 2904 car-
