1872 3224
234 197 311 240 198
828 178 1194 218 ΦΕΡΕΚΡΑΤΟΤΣ

963 282 1046 326 174

600 367 624 412 ὁ
655 366 801 423 λαγώς
830 380 884 421 με
913 362 1152 419 βασκαίνει
1183 357 1432 414 τεθνηκώς.

345 459 516 497 Zonaras
548 455 627 493 379
660 447 897 503 βασκαίνειν
926 442 1015 497 οὐχὶ
1044 437 1086 484 τὸ
1119 444 1294 494 φθονεῖν
1323 440 1442 492 δηλοῖ
1466 434 1567 480 ἀλλὰ
1593 435 1637 478 τὸ
1656 438 1804 479 λυπεῖν

231 515 296 556 καὶ
324 514 531 553 αἰτιᾶσθαι
559 508 625 549 καὶ
654 505 928 559 δυσχεραίνειν
958 535 966 543 .
991 533 999 541 .
1024 536 1032 545 .
1064 497 1337 553 Φερεκράτης·
1369 493 1391 537 ὃ
1421 492 1551 549 λαγώς
1579 497 1663 536 κτλ.
1700 495 1802 548 Ety-

231 574 322 613 mol.
358 585 410 610 m.
455 571 548 620 190,
592 567 646 606 24
698 560 966 616 Φερεκράτης·
1008 557 1029 599 ὑ
1065 556 1194 611 λαγώς
1231 570 1278 606 με
1317 552 1532 608 βασκαίνει
1566 550 1637 594 καὶ
1670 553 1802 593 λυπεῖ.

232 631 300 669 ubi
329 626 394 667 καὶ
424 628 545 666 λυπεῖ
567 622 815 676 grammatici
847 623 954 660 sunt.
986 617 1159 668 Hesych.
1190 612 1421 666 βασκαίνει·
1455 612 1583 653 λυπεῖ.
1621 609 1802 654 Lobook.

233 686 387 726 Pathol.
418 685 519 735 prol.
553 683 680 722 17711.

980 729 1062 772 175

851 811 1047 867 ῥαφανίς
1077 806 1117 851 τ’
1152 805 1353 855 ἄπλυτος
1381 800 1600 859 ὑπάρχει,

393 886 464 928 καὶ
497 881 644 940 θερμὰ
675 878 844 937 λουτροὶ
878 879 951 922 καὶ
983 879 1140 932 ταρίχη
1175 871 1342 918 πνικτὰ
1372 870 1448 916 καὶ
1478 869 1643 929 κάρυα.

351 970 579 1009 Athenaeus
611 968 654 1014 2,
687 966 770 1004 56e
808 962 918 1010 ἰδίως
949 957 989 1000 δ’
1023 958 1149 1007 οὕτως
1181 956 1399 997 ἐκαλοῦντο
1428 952 1601 995 ἄπλυτοι
1629 952 1807 1008 ῥαφανῖ-
1870 959 1872 962 “

237 1028 324 1078 δες,
362 1023 411 1073 ὁὶς
449 1023 514 1064 καὶ
550 1021 699 1069 Θασίας
737 1017 955 1071 ὠνόμαζον.
1001 1014 1271 1070 Φερεκράτης·
1306 1011 1484 1067 ῥαφανίς
1522 1013 1604 1052 κτλ.
1654 1008 1807 1067 κάρυα]

238 1083 394 1137 καρύκη
424 1082 593 1122 Meinek.
633 1093 851 1131 perperam.
896 1091 988 1116 nam
1028 1088 1109 1115 non
1145 1074 1414 1124 voluptuosae
1454 1071 1563 1111 vitae
1593 1069 1808 1122 adparatus

239 1141 494 1187 describitur,
536 1139 605 1178 sed
636 1150 732 1177 cena
760 1136 852 1175 vilis
884 1138 924 1173 et
954 1133 1142 1183 simplex,
1182 1131 1245 1171 cui
1285 1129 1498 1181 aptissima
1535 1129 1632 1168 sunt
1660 1124 1808 1179 κάρυα,

240 1197 376 1250 ταρίχη
397 1199 437 1236 et
458 1193 630 1248 ῥαφανὶς
651 1192 842 1239 ἄπλυτος.
875 1192 1046 1230 ‘illotam
1067 1189 1319 1240 rhaphanum
1340 1199 1426 1227 esse
1446 1199 1550 1237 quae
1580 1185 1693 1226 intus
1714 1183 1808 1224 alba

240 1256 336 1295 foris
365 1254 475 1305 pulla
513 1254 566 1292 sit
606 1255 645 1290 et
682 1252 730 1290 ab
760 1252 848 1300 ipsa
877 1248 1085 1299 nigredine
1123 1259 1269 1285 nomen
1306 1244 1455 1283 habere
1486 1240 1534 1283 ei
1563 1241 1726 1282 Bodaeo
1757 1240 1810 1280 ad

242 1311 435 1362 Theophr.
468 1311 550 1349 770
595 1308 803 1348 annotavit
842 1303 1276 1355 Schweighaeuserus’.
1325 1301 1500 1341 Meinek.
1539 1299 1582 1339 II
1612 1299 1709 1340 564.
1758 1297 1811 1338 cf.

241 1369 379 1419 Eupol.
414 1368 509 1406 312.
542 1366 736 1416 Bergkius
766 1365 813 1403 R.
844 1376 877 1403 c.
909 1364 994 1402 Att.
1029 1363 1109 1401 299
1149 1361 1191 1400 in
1229 1360 1422 1399 dimetros
1452 1357 1600 1410 digerit
1629 1351 1808 1410 ῥαφανὶς

243 1422 283 1464 δ’
306 1420 476 1470 ἄπλυτος
497 1416 663 1475 ὑπάρχει
680 1419 737 1474 (P)
758 1419 825 1459 καὶ
846 1417 974 1472 θερμὰ
997 1415 1140 1470 λουτρὰ
1162 1414 1231 1456 καὶ
1252 1413 1402 1470 ταρίῙχη
1422 1411 1570 1455 πνικτὰ
1591 1410 1660 1453 καὶ
1677 1407 1810 1466 κάρυα

243 1497 268 1515 υ
291 1510 333 1521 -.
382 1477 482 1519 mihi
520 1481 658 1519 balnea
694 1480 821 1519 calida
857 1479 963 1517 inter
1000 1477 1109 1516 cibos
1139 1474 1451 1515 commemorata
1480 1471 1715 1523 scrupulum
1749 1469 1810 1510 in-

246 1539 384 1578 iciunt.
422 1538 676 1576 Pherecrates
707 1536 866 1586 scripsit
896 1532 963 1573 καὶ
999 1529 1142 1586 θέρμ’
1173 1530 1381 1582 ἄλευρα,
1412 1531 1509 1581 puls
1545 1525 1586 1579 ἐξ
1615 1522 1811 1581 ἀλεύρων.

245 1596 346 1634 Plat.
377 1594 487 1645 Reip.
521 1595 557 1643 2,
590 1593 706 1633 372b
738 1605 825 1632 cum
856 1593 978 1632 schol.
1008 1591 1163 1642 Phryn.
1194 1602 1294 1631 com.
1325 1589 1394 1628 34.

987 1702 1066 1745 176

627 1777 725 1826 οἷον
755 1775 815 1825 αὖ
845 1781 895 1825 τὸ
925 1789 1105 1837 πνῖγος,
1137 1775 1423 1835 ώςῗισελγές.

361 1868 528 1907 Bekker.
558 1867 708 1906 Anecd.
744 1867 839 1914 451,
874 1866 923 1904 15
953 1860 1134 1917 ἀσελγές·
1173 1869 1258 1903 πᾶν
1294 1861 1337 1902 τὸ
1376 1859 1555 1915 σφοδρὸν
1583 1858 1650 1901 καὶ
1680 1858 1818 1914 βίαιον

293 1956 302 1965 .
336 1953 343 1961 .
375 1922 442 1962 καὶ
471 1920 736 1974 Φερεκράτης·
768 1917 853 1961 οἷον
883 1923 963 1960 κτλ.
1014 1916 1068 1961 αὖ
1107 1914 1150 1960 τὸ
1187 1924 1329 1973 πνῖγος
1360 1919 1566 1960 Herwerd.
1599 1917 1694 1960 Obs.
1727 1917 1816 1963 erit,

255 1983 303 2020 18
342 1983 383 2020 et
415 1978 609 2038 Meinek]
650 1975 901 2031 αὕτόπνιγος.
958 1982 1128 2029 possunt
1172 1981 1242 2018 aut
1278 1978 1454 2018 trimetri
1490 1976 1684 2028 reliquiae
1731 1987 1818 2015 esse

254 2031 358 2090 (οἷον
377 2038 429 2076 αὐ
459 2037 463 2091 Ι
490 2029 533 2075 τὸ
552 2050 618 2076 πν.
647 2037 711 2077 vel
739 2031 825 2075 οἷον
850 2058 897 2064 -
920 2032 974 2082 ὡς
1002 2036 1008 2090 Ι
1033 2032 1118 2090 ἆσ.)
1150 2039 1220 2075 aut
1247 2035 1472 2075 tetrametri
1500 2032 1704 2074 trochaici.

991 2148 1070 2190 177

671 2225 950 2283 ληκούμεσθ’
983 2226 1095 2283 ὅλην
1125 2225 1207 2283 τὴν
1237 2225 1394 2270 νύκτα.

366 2310 531 2349 Photius
561 2308 745 2360 ληκῆσαι·
777 2313 931 2350 παῖσαι.
962 2308 1030 2349 καὶ
1060 2308 1123 2349 ἐπὶ
1154 2314 1224 2349 τοῦ
1253 2306 1472 2360 πλησιάσαι
1492 2306 1660 2347 τίθεται.
1691 2302 1820 2353 οὕτως

257 2361 514 2418 Φερεκράτης.
545 2371 586 2405 et
614 2364 862 2418 ληκούμεσθ’
897 2365 954 2407 ὅλ.
986 2382 1018 2406 τ.
1051 2383 1102 2416 ν.,
1135 2364 1309 2406 τουτέστι
1346 2363 1654 2417 διαπαιζόμεθα.
1692 2359 1821 2410 οὕτως

258 2421 517 2475 Φερεκράτης.
564 2426 633 2462 aut
669 2425 840 2463 trimetri
877 2428 971 2464 sunt
1004 2425 1166 2464 iambici
1202 2426 1237 2464 λ.
1277 2421 1378 2474 ὅλην
1409 2422 1416 2475 Ι
1449 2417 1526 2472 τὴν
1564 2419 1712 2472 νύκτα,
1751 2421 1823 2460 aut

258 2481 486 2519 tetrameter
514 2481 632 2519 iamb.
654 2481 718 2520 vel
739 2482 972 2523 trochaicus.
1003 2482 1052 2521 cf.
1083 2481 1277 2521 Fritzsch.
1299 2480 1507 2532 Aristoph.
1540 2479 1700 2521 Thesm.
1721 2477 1821 2517 493-

998 2592 1078 2635 178

698 2658 944 2715 καττύομαι
973 2658 1078 2710 τοὺς
1109 2661 1369 2716 καρκίνους.

372 2739 514 2779 Pollux
551 2743 597 2791 7,
636 2744 690 2782 90
726 2740 990 2794 Φερεκράτης.
1048 2740 1269 2793 καττύομεν
1307 2739 1498 2794 (Meinek.
1536 2740 1574 2779 V
1605 2738 1677 2791 30')
1717 2740 1824 2780 certe

261 2808 343 2889 gon
357 2798 637 2891 'necessg-ium.
669 2798 851 2851 καρκίνοι
871 2800 933 2839 hic
953 2802 1046 2839 sunt
1065 2795 1316 2851 ὑποδήματα.
1348 2800 1467 2839 Phot.
1489 2796 1694 2850 καρκίνοι·
1720 2792 1823 2836 ὑπο-

287 2865 447 2902 ηματων
477 2866 493 2891 ε
537 2867 590 2901 ος.
