1872 3224
94 1067 118 1089 ο

434 178 872 214 ΕΜΠΙΜΠΡΑΜΕΝΟΙ
897 179 934 212 H
958 178 1117 212 ΙΔΑΙΟΙ
1165 177 1405 212 ΕΤΝΕΙΔΑΙ
1650 176 1707 218 33

117 285 166 326 R.
197 298 231 327 c.
261 285 349 326 Att.
383 286 452 325 70.
504 285 554 324 de
593 287 831 337 argumento
862 297 946 324 non
977 285 1157 331 constat,
1195 283 1276 323 nisi
1306 283 1416 334 quod
1446 283 1707 334 parodiarum

117 344 280 395 plenam
313 343 438 383 fuisse
469 342 648 382 fabulam
679 343 913 383 Athenaeus
942 344 1118 382 testatur
1153 343 1218 391 15,
1252 342 1334 381 698
1345 354 1380 381 c.

889 477 945 520 65

372 568 490 627 ἥβης
522 569 723 626 ἐκείνης,
755 570 844 612 νοῦ
875 567 926 612 δὲ
958 569 1094 611 τοῦδε
1124 567 1202 612 καὶ
1233 571 1435 626 φρενῶν.

232 665 432 706 Stobaeus
462 666 710 716 Floril.52,
746 667 795 703 11
833 665 1030 717 Κρατῖνος
1068 660 1112 702 ἐν
1147 661 1366 712 Εὐνίδαις·
1398 661 1504 716 η’βης
1535 662 1705 717 ἐκείνης,

26 695 51 734 ζ’
117 728 191 763 νοῦ
221 720 267 763 δὲ
297 723 414 763 τοῦδε
444 721 512 762 καὶ
543 728 707 776 φρενῶν
739 719 1031 791 [κατάλληλος]
1064 722 1246 762 Iulianus
1279 723 1421 773 Misop.
1456 724 1575 762 339d
1605 720 1705 774 ὅπερ

114 777 278 834 ὑμεῖς’
261 787 433 834 ορῶντες
465 777 582 834 ὀλίγῳ
612 777 805 834 πρότερον
824 775 1184 831 ἀναμιμνήσκεσθε
1215 784 1296 818 νῦν
1316 777 1422 832 ἥβης
1451 777 1607 832 ἐκείνης
1629 785 1705 819 νοῦ

115 853 156 879 τε
187 837 343 879 ἐκείνου
373 837 442 878 καὶ
462 843 637 891 φρενῶν.
671 838 864 890 Synesius
895 838 1028 888 Epist.
1054 838 1135 877 130
1164 852 1202 907 p.
1227 838 1346 878 265b
1378 835 1490 909 (717
1503 837 1702 890 Hercher)

115 894 306 948 στένομεν
343 894 588 949 μεμνημένοι
625 893 731 949 η’βης
769 908 809 934 τε
848 893 1004 946 ἐκείνης
1042 900 1119 949 νοῦ
1149 891 1186 933 τ’
1229 893 1386 934 ἐκείνου
1425 893 1494 934 καὶ
1524 910 1701 948 φρενων.

36 954 42 955 ’
114 968 204 995 cum
234 955 417 995 Iulianus
448 957 490 994 et
522 955 715 1006 synesius
747 954 1001 994 consentiam:
1030 953 1072 992 in
1110 954 1234 993 verbo
1268 949 1699 1007 (ἀναμιμνήσκεσθαι),

115 1012 325 1053 Cratinum
357 1014 566 1064 scripsisse
597 1013 782 1052 existimo
813 1011 922 1063 quod
951 1011 1104 1063 legitur
1134 1011 1241 1062 apud
1273 1012 1488 1063 Synesium

807 1088 997 1144 στένομεν
1026 1089 1272 1144 μεμνημένοι

420 1148 526 1204 ἥβης
558 1147 734 1204 ἐκείνης,
767 1155 844 1190 νοῦ
874 1147 920 1189 δὲ
951 1148 1069 1189 τοῦδε
1101 1148 1171 1189 καὶ
1200 1149 1378 1202 φρενῶν.

114 1233 254 1273 dolent
283 1246 400 1273 senes
437 1233 680 1283 quicumque
718 1232 942 1283 loquuntur
977 1231 1085 1281 quod
1123 1231 1421 1270 adulescentiae
1459 1232 1585 1271 robur
1621 1246 1703 1272 non

113 1291 244 1342 possit
274 1291 464 1342 coniungi
486 1303 577 1329 cum
599 1291 796 1341 sapientia
817 1290 1035 1329 senectutis
1057 1285 1226 1358 (τοῦδε).
1258 1283 1500 1339 κατάλληλος
1527 1290 1702 1330 eiectum

114 1362 138 1388 a
169 1348 323 1388 Grotio.
364 1349 537 1388 fortasse
567 1348 785 1387 accedebat
816 1360 955 1387 versus
986 1347 1108 1386 alter:
1142 1343 1203 1384 ότι
1233 1342 1281 1385 οὐ
1313 1346 1482 1397 φιλοῦσί
1498 1360 1584 1395 πως
1614 1344 1701 1399 μετ’

113 1402 303 1457 ἆλληλων
332 1403 482 1458 μένειν.
1690 1420 1694 1423 ·

883 1493 939 1537 66

392 1586 572 1642 ἐπίσχες
603 1583 769 1642 αὐτοῦ,
801 1601 862 1642 μη
894 1586 1010 1642 πέρα
1041 1586 1221 1642 προβῇς
1251 1583 1408 1641 λόγου.

228 1682 286 1721 Ιο.
309 1682 609 1722 Alexandrinus
629 1683 690 1722 De
721 1694 800 1721 ace.
833 1682 901 1730 29,
925 1682 979 1721 25
1016 1678 1096 1719 ε’στι
1124 1695 1214 1720 τινα
1243 1678 1472 1734 (adverbia)
1502 1680 1572 1721 καὶ
1591 1680 1701 1734 παρὰ

113 1740 336 1793 αἰτιατικῆς
367 1738 573 1792 γεγονότα,
603 1734 692 1786 οἷον
722 1737 765 1778 τὸ
795 1736 924 1792 πέραν
953 1737 1022 1778 καὶ
1051 1735 1212 1789 πέρην.
1237 1770 1246 1778 .
1271 1737 1372 1778 ,καὶ
1402 1735 1483 1777 ἀπὸ
1515 1739 1700 1792 δοτικης·

114 1795 272 1850 ἐπίσχες
301 1794 448 1848 αὐτοῦ,
479 1796 533 1850 μὴ
564 1795 665 1849 πέρα
695 1797 851 1852 προβῇς
883 1793 1016 1850 λόγου.
1076 1797 1276 1850 Κρατῖνος
1317 1793 1555 1849 Εὐμένισιν.
1604 1799 1700 1838 Mei-

113 1857 206 1896 nek.
237 1852 472 1904 Εὐνείδαις.

883 1944 937 1986 67

230 2040 375 2080 Suidas
393 2033 747 2098 ἆμφιανακτίζειν·
779 2036 895 2094 ᾄδειν
915 2036 986 2078 τὸν
1009 2036 1272 2109 Τερπανδρου
1293 2034 1431 2090 νόμον,
1464 2037 1534 2080 τὸν
1556 2039 1699 2080 καλού-

112 2111 236 2150 μενον
265 2096 428 2151 ὄρθιον,
462 2098 510 2136 οὐ
543 2094 586 2137 τὸ
615 2096 825 2151 προοίμιον
855 2093 1006 2147 ταύτην
1037 2093 1112 2148 τὴν
1140 2092 1271 2149 ἀρχὴν
1301 2090 1406 2147 εἶχεν

315 2174 424 2230 ἀμφί
448 2179 515 2230 μοι
545 2169 670 2217 αὐτὸν
699 2173 857 2230 ἄναχθ’
892 2174 1137 2230 ἑκατηβόλον
1166 2170 1293 2232 ᾀδέτω
1322 2173 1347 2215 ἆ
1381 2172 1503 2230 φρήν.

113 2256 195 2298 ἔστι
227 2256 272 2298 δὲ
302 2257 370 2298 καὶ
400 2255 444 2299 ἐν
463 2255 629 2314 Εὐναία
659 2257 728 2298 καὶ
759 2256 804 2297 ἐν
820 2254 1030 2312 Ἀναγύρῳ
1061 2254 1399 2311 (Aristophanis).
1432 2272 1504 2309 pro
1535 2253 1698 2298 Εὐναία

113 2317 348 2358 Dindorfius
389 2318 457 2357 Fr.
490 2317 617 2357 Arist.
650 2318 703 2356 95
741 2318 783 2357 et
820 2317 1021 2368 Bergkius
1062 2317 1129 2369 (R.
1162 2329 1194 2356 c.
1227 2316 1314 2359 Att.
1355 2315 1427 2368 71)
1466 2313 1698 2364 Ευνείὸαις.

103 2377 295 2415 'ceterum
325 2375 376 2415 cf.
409 2375 536 2415 Arist.
567 2375 677 2417 Nub.
711 2376 793 2415 595
825 2387 916 2414 cum
946 2374 1116 2424 interpr.

876 2498 931 2540 68

228 2593 428 2645 Porphyr.
459 2594 608 2634 Euseb.
649 2594 790 2644 Praep.
823 2606 886 2634 ev.
930 2593 995 2641 10,
1030 2594 1054 2632 3
1094 2589 1137 2630 τὸ
1176 2605 1251 2643 γαρ
1284 2588 1378 2630 τὸν
1408 2587 1448 2630 δ’
1481 2587 1697 2644 ἀπαμειβό-

113 2664 231 2701 μενος
261 2648 443 2717 προσέφη
473 2650 617 2704 κρείων
650 2646 881 2701 Διομηδης’
914 2654 1032 2714 σιγῶ,
1059 2644 1234 2701 Ὁμηρου
1264 2647 1584 2703 κωμῳδηθέντος
1615 2647 1696 2689 ὑπὸ

115 2707 321 2747 Κνατίνου
352 2700 419 2747 δια
451 2706 494 2748 τὸ
524 2705 743 2748 πλεονασαι
774 2706 819 2747 ἐν
849 2722 901 2762 τῳ
943 2701 1036 2746 τὸν
1067 2702 1105 2745 δ’
1129 2702 1489 2758 απαμειβόμενος’.
1538 2709 1588 2747 ad
1619 2709 1697 2747 Eu-

114 2766 230 2805 nidas
273 2767 435 2806 rettulit
480 2767 705 2807 Meinekius
750 2770 918 2817 propter
963 2764 1115 2804 Athen.
1167 2765 1232 2814 15,
1271 2765 1389 2804 698d
1427 2762 1614 2817 κέχρηται
1653 2762 1697 2803 δὲ

115 2821 372 2876 (παρῳδίαις)
413 2822 482 2864 καὶ
519 2825 719 2878 Κρατῖνος
752 2854 761 2862 .
787 2852 795 2861 .
868 2820 913 2861 ἐν
951 2817 1182 2868 Εὐνείδαις.
1224 2823 1405 2873 suspicor
1435 2825 1557 2862 etiam
1588 2823 1695 2873 apud

112 2879 383 2931 Porphyrium
393 2895 490 2979 eipro
522 2878 840 2936 κωμῳδηθέντος
871 2879 1129 2920 scribendum
1161 2891 1246 2918 esse
1276 2877 1608 2933 παρῳδηθέντος.

183 2952 224 2979 00
208 2953 283 2979 oicm
286 2954 371 2986 ·gra
458 2954 504 2981 e.‹1
524 2955 584 2981 'rh
602 2955 656 2980 Ko
666 2955 719 2980 ck.
744 2955 768 2980 1.
1400 2950 1420 2980 3
