1872 3224
544 182 839 217 ΤΡΟΦῼΝΙΟΣ
865 182 1255 218 XEIMAZOMENOI
1635 183 1688 225 81

849 285 934 328 223

218 369 350 409 Schol.
390 368 599 418 Aristoph.
639 369 730 410 Pac.
762 370 844 409 348
883 367 1065 418 τέταρτος
1097 367 1371 424 (Φορμίων)
1406 369 1691 423 Κροτωνιάτης

16 440 23 451 ⁷
99 423 279 479 ἀρχαῖος.
311 427 513 478 Κρατῖνος
549 425 782 484 Τροφωνίῳ.
817 427 928 467 Suid.
961 428 1166 479 Φορμίων.
1199 426 1289 478 περὶ
1321 427 1465 467 τούτου
1496 426 1563 467 καὶ
1593 427 1689 467 Θεό-

26 483 30 487 ’
100 498 257 536 πομπος
289 481 333 523 ἐν
363 484 640 531 Φιλιππικοῖς.
679 484 734 536 ἠν
770 481 815 523 δὲ
845 483 1155 538 Κροτωνιατης,
1192 484 1260 525 καὶ
1300 483 1344 525 ἐν
1374 491 1422 540 τῇ
1454 484 1518 525 ἐπὶ
1548 484 1691 540 Σάγρα

27 554 33 558 ”
101 541 209 597 μάχῃ
241 539 413 592 ἐτρώθη.
455 542 505 581 cf.
538 542 590 581 fr.
622 542 719 582 442.
751 543 926 594 Hesych.
962 543 1176 593 Φορμίων·
1209 537 1328 591 οὗτος
1360 542 1578 595 στρατηγὸς
1611 542 1690 596 ἐγέ·

18 604 35 651 j'
101 613 192 640 νετο
223 601 530 653 Κροτωνιατῶν.
561 613 642 651 quo
680 601 799 640 modo
839 603 1003 640 sanatus
1043 602 1096 641 sit
1133 604 1322 640 narratur
1360 603 1466 652 apud
1509 602 1687 641 Suidam.

0 659 29 731 ξ’.
101 658 273 699 fortasse
303 658 424 697 etiam
446 671 607 710 pugnae
629 658 738 709 apud
761 658 929 709 Sagram
957 660 1110 699 mentio
1132 659 1180 697 ad
1204 659 1480 710 Trophonium
1500 660 1689 710 pertinet.

850 770 936 812 224

310 851 537 908 ἐπέθηκεν
569 850 817 908 ἐπιστολήν

217 935 457 987 Harpocrat.
497 936 564 984 80,
597 937 621 975 5
661 930 755 974 ἀντὶ
784 940 858 974 τοῦ
885 933 1122 984 παρέδωκεν
1154 967 1161 975 .
1197 969 1205 978 .
1239 966 1248 975 .
1281 937 1482 984 Κρατῖνος
1513 933 1558 975 ἐν
1592 938 1691 988 Τρο-

101 991 361 1090 ἔωτὲίῳᾍὶἑῂθ.
371 995 626 1091 Ξῖιειηάαίαφη
645 995 836 1043 inposuit.
868 994 919 1034 cf.
942 994 993 1034 fr.
1017 995 1113 1034 285.
1145 994 1290 1034 Aeseh.
1313 994 1447 1034 Prom.
1471 996 1508 1035 3.
1539 995 1689 1046 Bergk.

859 1141 944 1184 225

309 1205 495 1255 παρεῖαι
526 1195 654 1254 ὄφεις

201 1279 489 1348 Δημοσθένης
510 1278 613 1332 ὑπὲρ
635 1281 943 1351 Κτησιφῶντος·
973 1286 1136 1334 παρεῖαι
1157 1279 1422 1335 ὀνομάζονταί
1440 1297 1544 1330 τινες
1575 1280 1691 1332 ι’)’φεις

101 1351 213 1388 παρα
243 1333 286 1377 τὸ
315 1336 481 1391 παρειὰς
511 1339 668 1391 μείζους
707 1339 831 1392 ἔχειν,
871 1336 927 1387 ὥς
966 1339 1034 1380 καὶ
1071 1342 1270 1390 Κρατῖνος
1302 1339 1347 1379 ἐν
1385 1355 1437 1395 τῳ
1472 1340 1692 1395 Τροφωνίῳ

101 1392 382 1448 ὑποσημαίνει.
450 1398 686 1469 Harpocrat.
730 1401 821 1449 apte
866 1399 1066 1449 Bergkius
1111 1399 1159 1438 R..
1194 1412 1227 1439 c.
1262 1400 1348 1438 Att.
1390 1400 1472 1437 218
1521 1399 1692 1438 eontulit

101 1454 222 1494 Paus.
256 1456 293 1505 9,
326 1457 392 1505 39,
427 1457 451 1495 3
483 1453 557 1495 εἰσι
586 1452 627 1494 δ’
661 1452 705 1494 ἐν
735 1456 787 1510 τῷ
818 1455 997 1522 σπηλαίῳ
1029 1487 1037 1496 .
1062 1487 1070 1495 .
1097 1487 1104 1495 .
1134 1452 1342 1509 ἀγάλματα
1374 1451 1502 1508 ὀρθά,
1543 1470 1691 1521 περιει-

29 1564 34 1569 ¹
101 1509 278 1564 λιγμένοι
308 1510 354 1551 δέ
372 1511 486 1552 εἰσιν
515 1509 652 1552 αὐτων
681 1516 764 1561 τοῖς
796 1510 1012 1566 σκήπτροις
1044 1512 1347 1565 δράκοντες,
1373 1545 1382 1553 .
1405 1544 1413 1552 .
1436 1547 1446 1556 .
1479 1511 1563 1554 ἐπει
1600 1527 1692 1561 τους

103 1567 414 1622 δράκοντας..
448 1602 458 1611 .
489 1569 557 1610 καὶ
590 1572 652 1623 Τρ
663 1585 684 1610 ο
693 1586 724 1622 φ
735 1585 766 1610 ω
778 1586 801 1610 ν
811 1570 829 1610 ί
834 1585 855 1610 ο
866 1586 891 1610 υ
923 1570 1154 1624 νομίζουσιν
1183 1571 1203 1611 ἵ
1207 1586 1225 1611 ε
1235 1586 1256 1625 ρ
1269 1586 1290 1610 ο
1299 1566 1324 1611 ὓ
1335 1587 1355 1619 ς
1387 1566 1504 1615 εἶναι

851 1672 936 1715 226

218 1755 364 1795 Pollux
396 1757 552 1805 7,103
583 1748 662 1795 ἀπὸ
693 1752 733 1794 δ’
766 1747 945 1809 ἀργύρου
975 1751 1254 1808 ἀργυροκόπος
1265 1785 1277 1807 ‚
1318 1752 1374 1803 ὥς
1413 1751 1616 1809 Φρυνιχος
1649 1754 1693 1795 ἐν

100 1807 312 1867 Ἐφιάλτῃ·
416 1810 506 1863 .ἇρ
518 1816 954 1866 γυροκοπιστῆρας
986 1810 1037 1852 δὲ
1062 1809 1220 1867 λόγων
1251 1812 1296 1852 ἐν
1320 1813 1542 1868 Τροφωνίῳ
1563 1813 1693 1861 παίζει

105 1871 317 1920 Κρατῖνος.
348 1871 573 1922 Hesychius
603 1867 972 1923 ἆργυροκοπιστήρ·
1016 1870 1260 1921 τραπεζίτης.
1306 1869 1486 1924 ἄργυρον
1525 1869 1694 1910 κόπτειν

105 1930 166 1967 est
195 1932 403 1993 amentum
434 1933 657 1978 percutere,
695 1930 827 1978 ferire.
879 1930 1086 1994 Aristoph.
1119 1930 1218 1968 Ran.
1255 1931 1349 1968 723.
1386 1931 1481 1971 726.
1514 1925 1688 1982 ἄργυρο-

105 1979 299 2037 κοπιστὴρ
331 1983 458 2039 λόγων
480 1987 558 2026 dici
578 1987 742 2027 videtur
763 1987 964 2037 sophista,
998 1988 1066 2037 qui
1088 1987 1338 2026 orationibus
1369 1987 1529 2038 scriptis
1552 2000 1693 2038 argen-

105 2045 193 2082 tum
224 2056 473 2094 percussum,
504 2045 530 2086 i.
563 2057 597 2083 e.
629 2057 816 2084 nummos
849 2046 1064 2096 argenteos
1095 2044 1174 2084 sibi
1204 2047 1334 2094 parat.

859 2156 943 2200 227

313 2213 594 2269 λυχνοκαΐαν

221 2293 384 2347 εἴρηκεν
413 2297 614 2349 Κρατῖνος
646 2294 690 2336 ἐν
720 2297 773 2351 τῷ
807 2297 1026 2352 Τροφωνίῳ
1056 2298 1201 2337 Pollux
1236 2299 1432 2346 10,115.

220 2353 393 2405 Hesych.
425 2356 619 2405 κριθῶν
649 2352 814 2406 ὄχλος·
854 2353 898 2394 ἐν
923 2353 1160 2410 Τροφωνίῳ·
1183 2352 1392 2407 παρέθηκε
1414 2352 1458 2393 δὲ
1478 2354 1633 2402 παίζων
1648 2369 1691 2394 το

107 2406 313 2463 ἀργύριον.
345 2412 442 2451 haec
471 2413 522 2451 ad
553 2411 709 2452 Cratini
739 2413 921 2452 fabulam
952 2414 1034 2453 sint
1064 2427 1116 2452 an
1146 2426 1229 2452 non
1259 2414 1343 2452 sint
1366 2414 1585 2465 referenda,
1621 2414 1690 2452 du-

107 2468 212 2507 bitat
242 2469 482 2509 Meinekius.
515 2470 565 2509 cf.
599 2470 655 2508 M.
688 2470 885 2510 Schmidt.
918 2472 961 2510 in
991 2471 1087 2510 Hes.
1109 2471 1173 2510 ed.
1206 2473 1413 2520 praeterea
1442 2473 1611 2521 propter
1642 2471 1690 2510 fr.

111 2526 193 2565 223
225 2526 276 2564 ad
306 2526 584 2577 Trophonium
615 2527 666 2566 fr.
698 2529 780 2568 318
812 2530 854 2567 et
883 2529 966 2567 456
997 2529 1125 2567 refert
1155 2528 1395 2567 Meinekius.

706 2640 1092 2675 XEIMAZOMENOI

223 2709 464 2761 Argumenta.
495 2710 756 2761 Aristophan
788 2711 964 2750 tharn.
997 2708 1196 2761 ἐδιδάχθη
1228 2708 1293 2749 ἐπι
1322 2707 1527 2750 Εὐθύνου
1548 2709 1690 2764 ἄρχον-

107 2779 174 2813 τος
205 2763 250 2806 ἐν
279 2766 480 2818 Ληναίοις
511 2765 578 2806 διὰ
610 2763 931 2820 Καλλιστράτου·
971 2766 1039 2806 καὶ
1068 2780 1224 2815 πρωτος
1255 2762 1322 2819 ἦν.
1362 2763 1547 2820 δεύτερος
1578 2771 1690 2821 Κρα-

109 2825 216 2870 τῖνος
248 2822 569 2876 Χειμαζομένοις.
601 2821 650 2864 οὐ
682 2823 885 2879 σῳζονται.
917 2825 1045 2876 τρίτος
1067 2822 1244 2871 Εὔπολις
1267 2825 1535 2877 Νουμηνίαις.
1568 2827 1692 2866 verba

111 2877 159 2918 οὐ
190 2879 390 2979 σςιι1ζόνται8
410 2883 628 2923 Elmsleius
658 2885 753 2933 post
784 2882 1040 2934 Νουμηνίαις
1072 2884 1313 2933 transponit.
1355 2884 1500 2923 titulus
1531 2884 1690 2923 fabulae

180 2953 222 2978 Oo
205 2953 283 2978 oicm
285 2953 372 2985 irag
458 2954 506 2980 e.d
528 2954 590 2982 Th
611 2955 664 2980 Κο
673 2955 727 2980 ck
757 2953 779 2980 Ι.
1397 2952 1417 2983 6
