1872 3224
515 203 717 242 ΣΚΗΝΑΣ
740 209 1229 253 ΚΑΤΑΛΑΜΒΑΝΟΎΣΑῙ
1559 226 1643 269 615

79 304 393 376 Ἐμὲ-’Μενοῖόη
417 309 471 372 25
501 306 719 364 ἀκόντισμα
740 309 777 353 δ’
800 309 853 367 ἦν
874 315 1022 374 ἑκάστῳ
1042 320 1227 373 διβολία.’
1260 325 1404 379 Bergk.
1430 329 1640 374 Herodian.

11 384 19 418 χ
75 362 184 405 Haut.
217 365 257 414 2,
293 366 344 405 13
379 379 448 414 τας
480 382 519 407 τε
550 368 728 420 διβολιάς
759 372 826 413 καὶ
855 367 901 414 τά
930 375 1078 429 δόρατα
1109 377 1305 423 ἐπισείειν.

829 498 913 541 478

282 567 370 626 τήν
399 571 626 626 πόρδαλιν
656 577 848 618 καλοῦσι
879 578 964 634 τὴν
994 583 1268 637 κασαλβάδα.

0 696 7 703 Ι,
187 651 338 707 Pollux
369 655 406 703 7,
442 655 522 694 202
552 651 837 710 Ἀριστοφάνης
869 657 913 698 ἐν
942 661 1104 713 Σκηνὰς
1134 668 1527 720 καταλαμβανούσαις
1555 676 1636 713 κτλ.

0 708 25 762 3
73 709 268 776 ἔθη-καλ
279 715 312 750 αῖ
328 722 391 751 σε.
425 713 544 752 aliter
557 715 663 753 enim
680 717 870 757 articulus
887 719 1051 759 offendit
1068 722 1109 761 in
1122 726 1343 765 accusativo
1359 729 1637 777 praedicativo.

823 839 909 883 479

280 913 364 972 τὴν
394 916 630 974 κακκάβην
659 916 746 974 γάρ
777 922 860 963 κᾶε
889 924 972 964 τοῦ
1002 923 1293 968 διδασκάλου.

0 1031 5 1035 ,
185 998 419 1040 Athenaeus
458 1002 505 1048 4,
545 1003 653 1042 1690
692 999 766 1053 τὴν
803 1001 951 1055 χύτραν
987 1002 1027 1044 δ’
1066 995 1352 1060 Ἀριστοφάνης
1391 1007 1434 1048 ἐν
1475 1008 1632 1063 Σκηνὰς

0 1056 15 1103 ξῖ
71 1055 474 1110 καταλαμβανούσαις
505 1053 717 1111 κακκάβην
746 1057 904 1112 εἴρηκεν
932 1060 1057 1110 οὕτως
1078 1066 1157 1104 κτλ.
1208 1066 1349 1105 Pollux
1374 1069 1434 1116 10,
1463 1070 1539 1109 106
1570 1069 1635 1109 καὶ

0 1144 39 1165 ‚m
70 1111 286 1166 κακκάβην
315 1112 390 1167 τὴν
419 1114 577 1155 λοπάδα
598 1115 711 1170 ἐρεῖς,
744 1116 920 1163 εἰπόντος
938 1115 1245 1171 Ἀριστοφάνους
1274 1120 1318 1162 ἐν
1339 1123 1499 1173 Σκηνὰς
1521 1139 1635 1165 κατα-

1 1171 7 1187 ’
71 1170 372 1224 λαμβανούσαις
401 1174 484 1215 κτλ.
535 1173 606 1213 κᾶε
646 1179 718 1214 τοῦ
755 1172 932 1228 (καετού)
964 1173 1079 1232 Ρο11.]
1119 1184 1266 1218 καστοῠ
1297 1182 1332 1219 Α
1363 1182 1504 1221 Athen.
1554 1196 1634 1223 non

46 1259 57 1264 -
75 1229 282 1281 intellego,
315 1231 392 1270 nisi
423 1231 528 1271 forte
557 1233 812 1282 proverbium
844 1237 928 1273 erat
956 1231 1069 1274 κάειν
1098 1233 1171 1287 τὴν
1199 1251 1231 1274 τ.
1262 1236 1299 1275 δ.
1329 1251 1366 1277 κ.
1410 1240 1634 1289 ‘recoquere

73 1286 114 1326 id
144 1287 253 1338 quod
285 1300 308 1327 a
337 1289 532 1339 magistro
565 1290 777 1330 didiceris?

819 1402 904 1445 480

277 1478 432 1537 ὥσπερ
465 1481 719 1538 [κόσκινον]
753 1482 990 1536 αἰρόπινον
1019 1482 1235 1538 τέτρηται.

190 1562 335 1603 Pollux
368 1565 434 1613 10,
469 1565 550 1603 114
589 1561 610 1603 ὁ
646 1562 690 1603 δὲ
723 1559 1008 1618 Ἀριστοφάνης
1045 1563 1089 1605 ἕν
1118 1563 1279 1615 Σκηνὰς
1309 1563 1627 1619 καταλαμβανού-

73 1630 166 1668 σαις
211 1618 290 1672 ἔφη
328 1623 410 1660 κτλ.
460 1621 651 1661 κόσκινον
685 1626 730 1662 ut
766 1623 1021 1662 manifestum
1058 1624 1253 1674 glossema
1288 1625 1394 1663 eieci.
1446 1625 1634 1664 ‘cribrum

0 1699 3 1701 >
72 1678 171 1719 dicit
201 1691 281 1730 quo
311 1679 561 1719 frumentum
590 1681 640 1719 ab
669 1681 765 1720 lolio
795 1681 1018 1731 purgatur?
1071 1680 1252 1720 Dindorf.
1284 1680 1452 1720 Bekker.
1484 1682 1630 1722 Anecd.

72 1736 141 1786 22,
176 1737 228 1794 ll
259 1731 488 1788 αἰρόιτινον*
520 1732 719 1779 κόσκινον.
770 1737 885 1785 πίνος
914 1734 990 1789 γάρ
1021 1734 1127 1776 ἐστιν
1156 1733 1177 1775 ὁ
1198 1732 1322 1788 ῥύπος
1353 1767 1360 1775 .
1396 1769 1404 1777 .
1437 1767 1446 1777 .
1477 1736 1630 1789 αἰρόπι-

74 1806 144 1832 νον
179 1793 256 1832 οὐν
293 1791 336 1832 τὸ
373 1791 565 1833 κόσκινον
601 1792 645 1834 τὸ
682 1791 752 1842 τάς
789 1793 928 1847 αἴρας,
968 1791 1062 1846 ὅπερ
1101 1792 1181 1833 ε’στὶ
1218 1790 1344 1845 ῥύπος
1375 1799 1452 1832 τῶν
1480 1799 1631 1845 πυρῶν,

69 1852 286 1904 καθαῖρον.
338 1849 512 1904 Hesyoh.
544 1850 754 1904 αἰρόπινον
785 1881 793 1890 .
825 1882 832 1889 .
865 1883 873 1892 .
904 1849 1101 1899 κόσκινον,
1141 1849 1185 1890 ἐν
1213 1845 1247 1905 ᾦ
1275 1849 1393 1901 πυροὶ
1421 1849 1628 1901 σήθονται.

71 1911 112 1948 ei:
142 1906 282 1960 αἴρας·
313 1904 454 1962 άγρίας
485 1908 673 1961 βοτάνας.
706 1910 753 1949 of.
787 1910 966 1949 Pherecr.
1002 1909 1091 1947 188.
1122 1909 1213 1947 fort.
1245 1904 1266 1945 ὁ
1297 1904 1337 1945 δ’
1370 1905 1471 1946 ὥστε.
1494 1907 1573 1956 αι’ρ.
1596 1922 1627 1945 τ.

71 1957 142 2019 τὰς
171 1965 370 2020 γνάθους.

817 2055 898 2098 481

277 2142 433 2191 τοῖχον
461 2136 707 2192 μοχλισκίῳ
739 2132 978 2178 σκαλεύειν

183 2218 331 2259 Pollux
364 2221 429 2269 10,
465 2219 544 2258 147
583 2214 679 2269 τάχα
718 2213 762 2256 δὲ
798 2215 865 2256 καὶ
894 2215 1072 2268 μοχλίον,
1111 2214 1147 2254 εἰ
1180 2212 1247 2253 καὶ
1276 2216 1355 2261 τοῖς
1385 2207 1630 2264 τοιχωρύχοις

70 2273 186 2314 τοῦτο
226 2273 510 2328 προστιθέασιν
547 2275 589 2315 οἵ
612 2273 912 2330 κωμῳδιοποιοί.
961 2271 1028 2312 καὶ
1055 2271 1266 2324 μοχλίσκον
1302 2267 1345 2308 δὲ
1383 2268 1424 2308 τὸ
1454 2274 1630 2307 τοιοῦτον

0 2378 1 2381 ¹
66 2328 357 2385 Ἀριστοφάνης
398 2331 443 2372 ἐν
488 2330 650 2384 Σκηνὰς
694 2327 1090 2383 καταλαμβανούσαις
1136 2324 1340 2378 ὠνόμασεν
1383 2323 1504 2366 εἰπὼν
1547 2326 1628 2363 κτλ.

68 2389 282 2441 μοχλισκίω
312 2383 486 2442 Bergk]
511 2389 718 2444 μοχλίσκῳ.
758 2386 967 2427 σκαλεύειν
996 2382 1214 2436 Kuehnius]
1245 2381 1432 2422 καλάνειν
1461 2383 1518 2432 A,
1557 2395 1627 2419 κα-

68 2445 209 2487 λαύειν
238 2431 282 2495 ό,
314 2446 480 2487 κλαύειν
508 2448 554 2487 Β.
585 2447 757 2498 Hesyoh.
790 2441 1016 2484 ἑσκάλευεν·
1049 2442 1212 2487 ἐκινεῖτο
1232 2437 1403 2492 (ἐκίνει),
1434 2436 1626 2488 ὤρυσσεν.

8 2502 11 2505 ’
70 2504 176 2544 idem
208 2503 413 2545 σκαλεύει·
445 2507 561 2556 κινεῖ,
590 2500 842 2556 ἀναστρέφει,
873 2498 1044 2553 ὀρύσσει.

795 2611 904 2656 '482

277 2695 393 2740 άλλά
423 2694 652 2739 συσπάσαι
682 2695 754 2736 δεῖ
780 2691 856 2743 τὰς
886 2688 1098 2746 κοχώνας.

185 2781 317 2821 Sehol.
350 2781 424 2830 Eq.
456 2780 539 2818 424
578 2773 732 2829 κοχώνη
763 2772 878 2822 τόπος
916 2770 995 2812 ὑπὸ
1026 2768 1067 2810 τὸ
1096 2769 1262 2819 αἰδοῖον,
1295 2760 1337 2834 τὸ
1371 2762 1516 2817 μεταξὺ
1541 2769 1625 2830 τῶν

67 2831 304 2890 mpod-umal
334 2842 405 2888 τῆς
434 2834 603 2886 κοτύλης
633 2833 700 2874 καὶ
731 2838 809 2872 τῶν
845 2831 993 2882 ἰσχίων.
1042 2825 1232 2878 μέμνηται
1270 2823 1314 2863 δε
1350 2828 1420 2873 τῆς
1449 2835 1625 2885 κοχωνης

67 2893 135 2934 καὶ
171 2891 223 2934 ’ἕν
267 2889 430 2945 Σκηνὰς
469 2886 876 2943 καταλαμβανούσαις.
928 2883 1130 2925 συσπάσαι
1168 2879 1215 2934 Θ]
1263 2880 1509 2980 σζξίτᾶσθαι.
1556 2892 1624 2922 τας
