1872 3224
223 207 307 249 592
803 203 1188 238 ΑΡΙΣΤΟΦΑΝΟΤΣ

222 314 412 352 taverunt
441 313 482 349 ct
511 310 840 349 Hemsterhusius
871 311 912 347 ct
933 309 1155 348 Dobraeus.
1188 309 1430 356 Fritzschius
1463 310 1597 348 tamen
1626 311 1670 348 et
1700 321 1798 360 quo-

222 369 434 408 dammodo
466 368 585 406 etiam
618 366 946 405 Hemsterhusius
978 367 1096 405 aliam
1120 366 1400 416 Aristophanis
1424 366 1601 405 fabulam
1630 366 1799 406 indicari
1868 361 1872 367 ’

222 427 465 465 existimant.

968 523 1054 566 905

427 605 637 645 Καπαῖον
669 601 788 658 [ἤτοι
819 604 1023 659 Φάλτον]
1056 605 1147 645 Δία

335 687 514 726 Cramer.
539 687 689 726 Anecd.
712 686 784 728 Ox.
806 687 868 725 III
891 688 958 735 83,
985 687 1036 725 14
1067 684 1196 737 κᾶπη·
1228 683 1376 738 φάτνῃ,
1405 683 1514 739 παρὰ
1545 684 1590 725 τὸ
1618 684 1798 737 κάπτειν,

219 742 241 782 ’ξ’
273 742 379 783 ἐστιν
410 741 584 782 ἐσθίειν·
618 741 718 793 φησὶ
749 741 826 795 γὰρ
853 740 1142 795 Ἀριστοφάνης
1167 741 1350 783 Ἱππεῦσι
1371 745 1560 782 Καπαῖον
1585 741 1675 795 ἤτοι
1695 741 1799 784 Φάλ-

222 815 290 840 τον
325 801 416 840 Διά.
439 803 616 847 παπαῐος
649 799 751 847 Ζεύς
773 801 980 852 Phrygum
1002 803 1076 840 est.
1099 802 1147 840 ad
1169 802 1442 851 Antiphancm
1476 801 1537 840 III
1558 802 1612 841 58
1642 801 1801 842 rettulit

223 859 443 898 Meinekius
465 858 586 897 verba
605 856 693 909 ἤτοι
714 860 914 908 φατναῖον
934 855 1010 910 (sic
1034 859 1139 898 enim
1158 855 1316 913 scribit)
1332 859 1486 898 Meletii
1502 871 1588 898 esse
1603 859 1799 899 iudicans.

970 992 1053 1035 906

912 1072 1220 1128 αἱματοσταγῆ

428 1142 590 1197 κηλῖδα
621 1141 756 1198 τέγγῃ

338 1222 565 1277 Εὐριπίδης
596 1223 664 1264 καὶ
689 1220 994 1276 Ἀριστοφάνης.
1026 1225 1197 1264 Bekker.
1231 1226 1382 1266 Anecd.
1415 1227 1514 1276 362,
1547 1228 1585 1266 9.
1624 1226 1800 1267 ‘Aristo—

223 1284 363 1334 phanis
406 1283 482 1322 dici
523 1282 683 1322 videtur
719 1283 818 1324 Rau.
850 1278 965 1323 471³.
1004 1283 1208 1322 Nauekius
1248 1284 1383 1334 Eurip.
1424 1284 1470 1322 fr.
1502 1285 1596 1323 863.
1665 1285 1800 1334 potest

223 1343 342 1380 etiam
374 1341 476 1379 alius
506 1340 643 1379 comici
676 1353 814 1380 versus
845 1340 1052 1380 excidisse.

971 1463 1053 1506 907

431 1544 714 1586 Κυσολοὶκών
746 1540 770 1585 ὁ
800 1544 1018 1585 Κλεινίου

337 1625 506 1667 photius
538 1625 805 1666 Κυσολᾶκων·
845 1623 866 1664 ὁ
897 1625 1085 1674 Κλεινίας
1116 1623 1137 1665 ὁ
1170 1626 1222 1681 τῷ
1253 1626 1364 1682 κυσῷ
1394 1627 1641 1676 λακωνίζων·
1683 1622 1726 1667 τὸ
1754 1623 1800 1666 δὲ

227 1687 304 1732 τοῖς
335 1685 537 1732 παιδικοῖς
568 1688 745 1737 χρῆσθαι
775 1683 1006 1731 λακωνίζειν
1044 1682 1237 1736 λέγουσιν.
1302 1683 1488 1739 Μελαίνῃ
1525 1683 1600 1737 γὰρ
1638 1682 1799 1737 Θησεὺς

225 1740 352 1789 οὕτως
384 1740 587 1794 ἐχρησατο,
630 1738 684 1789 ὡς
721 1738 1003 1810 Ἀριστοτέλης.
1054 1739 1260 1793 Κλεινίας]
1294 1740 1484 1781 Κλεινίου
1522 1743 1798 1782 Ruhnkenius.

228 1798 433 1853 Μελαίνῃ]
460 1796 602 1853 Ελένῃ
632 1800 907 1839 Ruhnkenius.
944 1794 1229 1851 Ἀριστοτέλης]
1254 1795 1506 1851 Ἀρίσταρχος
1536 1800 1799 1839 Ruhnkenius

226 1871 270 1895 ex
302 1857 598 1896 commentariis
630 1857 679 1895 ad
701 1856 981 1907 Aristophanis
1013 1856 1235 1896 comoedias
1267 1857 1426 1907 scriptis
1449 1857 1544 1896 haec
1565 1857 1692 1908 petita
1712 1869 1799 1896 csse

225 1911 680 1976 1atus.’AQmw‹pav›79
713 1914 884 1952 Meinek.
915 1913 955 1951 II
993 1914 1088 1954 200.
1139 1913 1364 1964 Hesychius
1399 1909 1666 1952 Κυσολᾶκων·
1693 1909 1798 1980 Ἀρί-

225 1969 391 2023 σταρχός
423 1981 523 2021 φησι
552 1964 621 2014 τὸν
657 1970 847 2010 Κλεινίαν
876 1967 981 2009 οὕτω
1011 1967 1195 2022 λέγεσθαι
1225 1970 1278 2025 τῷ
1308 1970 1416 2025 κυσῴ
1446 1969 1725 2020 λακωνίζοντα.
1756 1965 1798 2009 τὸ

225 2025 270 2067 δὲ
290 2051 345 2056 -
365 2027 596 2075 λακωνίζειν
625 2025 770 2080 ε’λεγον.
802 2041 890 2067 cum
922 2028 970 2066 fr.
993 2029 1075 2067 338
1106 2028 1314 2067 coniunxit
1333 2029 1545 2079 Bergkius.
1577 2028 1676 2067 mihi
1694 2028 1798 2079 frag-

227 2088 402 2124 mentum
434 2086 482 2124 ad
515 2086 786 2135 Triphaletem
817 2086 977 2125 videtur
1007 2086 1218 2135 pertinere.
1249 2085 1299 2124 cf.
1333 2086 1428 2127 544.
1461 2086 1557 2124 553.
1588 2086 1684 2123 554.

971 2207 1054 2250 908

433 2289 606 2344 λάχανα
637 2285 795 2344 κνήστ’
826 2285 855 2343 ἢ
886 2286 1121 2343 στέμφυλα

342 2373 572 2411 Athenaeus
603 2373 640 2420 8,
674 2373 790 2411 3739,
818 2373 1007 2421 κνηστοΐς
1037 2367 1242 2422 λαχάνοις
1281 2367 1406 2418 οὕτως
1436 2367 1475 2408 δ’
1508 2369 1668 2422 εἴρηκεν
1692 2362 1793 2422 Ἀρι-

228 2428 433 2479 στοφανης
465 2427 509 2468 ἐν
539 2428 668 2483 Δηλίᾳ
699 2426 746 2467 τᾶ
777 2425 980 2481 συγκοπτα
1009 2424 1160 2492 λαχανα
1179 2424 1320 2479 κνήστ’
1352 2425 1381 2480 ἢ
1401 2429 1797 2477 61.Eustath.872‚

229 2490 267 2526 9.
308 2489 358 2526 cf.
397 2487 579 2528 Dindorf
618 2487 742 2527 Arist.
779 2487 828 2526 fr
862 2487 900 2526 9.
957 2495 1106 2541 κνηστα
1143 2483 1277 2538 Eust]
1313 2496 1455 2525 κνιστα
1494 2485 1642 2526 Athen.
1683 2485 1797 2524 Anti·

228 2545 348 2594 phani
379 2545 524 2582 tribuit
552 2544 787 2582 Meinekius.
818 2543 999 2593 quisquis
1030 2556 1166 2582 eorum
1196 2544 1406 2583 verborum
1429 2544 1660 2588 auctorest,
1691 2544 1796 2581 certe

229 2603 348 2640 etiam
379 2598 532 2651 λα’χανα
562 2601 611 2639 ad
643 2614 688 2639 ca
717 2601 934 2650 pertinent.

977 2721 1062 2764 909

434 2801 542 2853 οὐδὲ
572 2802 798 2846 πάτταλον
829 2802 988 2845 δίδωσι

342 2887 512 2926 Bekker.
545 2887 695 2926 Anecd.
728 2887 796 2937 55,
831 2888 851 2924 1
882 2880 1170 2938 Ἀριστοφάνης
1207 2881 1442 2937 μεταβαλὼν
1479 2881 1540 2924 ἐπὶ
1579 2881 1622 2924 τὸ
1657 2879 1794 2924 καινό-
1850 2883 1855 2888 ’
