1872 3224
7 1204 27 1237 s
88 1241 91 1243 A
132 1209 473 1264 κατεγλυκάνατο.
514 1210 562 1250 de
595 1208 798 1261 Gnesippo
838 1211 891 1251 cf.
932 1210 1085 1251 Cratin.

701 193 873 228 ΗΡῼΕΣ
897 213 942 220 —-
968 193 1168 229 ΠΤῼΧΟΙ
1704 191 1732 234 5

672 299 863 334 ΠΕΡΣΑΙ
887 299 925 333 Η
949 299 1191 334 ΑΣΣΤΡΙΟΙ

735 359 909 399 Meinek.
942 359 962 398 I
995 360 1062 399 28.
1096 361 1136 400 9.

832 451 1030 486 ΠΤῼΧΟΙ

250 523 315 563 Ex
355 523 562 563 Athenaeo
592 524 789 572 4,137o
821 525 862 563 et
895 524 968 576 14,
1002 524 1124 564 638d
1164 523 1423 576 cognoscitur
1461 523 1543 562 iam
1573 523 1730 564 veteres

44 598 74 643 ,ᾗ
133 592 209 635 pro
241 580 449 622 subditiva
479 595 568 621 eam
598 581 779 621 fabulam
809 581 1014 622 habuisse.

917 681 947 724 4

339 761 469 807 ταῦτ’
501 761 557 806 οὐ
586 763 649 820 μοὶ
678 765 772 807 Δία
802 763 1072 822 Γνήσιππος
1102 762 1213 808 οὐδὲ
1243 763 1504 820 Κλεομένης

342 833 395 878 ἐν
426 831 549 878 ἐννέ’
582 850 640 877 αν
670 834 858 890 χορδαῖς
888 834 1274 892 κατεγλυκήνατο.

246 920 482 960 Athenaeus
515 919 590 969 14,
625 919 744 960 638d
789 915 810 958 ὁ
841 917 886 958 δὲ
917 917 1010 968 τοὺς
1049 919 1106 968 εἰς
1146 917 1360 971 Χιωνίδην
1399 914 1730 970 ἀναφερομένους

131 975 305 1030 ποιήσας
337 969 534 1030 Πτωχους
572 976 818 1029 Γνησίππου
857 976 966 1026 τινὸς
1003 974 1249 1030 μνημονεύει
1288 972 1619 1030 παιγνιαγράφου
1659 981 1730 1028 τῆς

131 1035 272 1089 ἢαρᾶς
310 1032 478 1088 μούσης.
534 1037 571 1074 1.
612 1032 710 1075 οὐδὲ
741 1035 934 1088 Meinek.]
975 1032 1066 1076 οὐδ’
1101 1033 1138 1076 ὁ.
1201 1038 1238 1074 2.
1272 1032 1379 1075 ἐννέ’
1422 1031 1475 1074 ἂν
1505 1033 1729 1088 Porsonus]

133 1091 264 1135 ἐννέα.
298 1093 462 1148 χορδαῖς
491 1091 680 1147 Porson.]
715 1093 900 1147 χορδαῖσι
929 1094 978 1134 L.
1011 1108 1089 1135 om.
1122 1094 1206 1134 PV.
1231 1094 1457 1134 Meinekius
1490 1090 1607 1133 ἐννέα
1639 1106 1727 1145 χορ-

133 1150 294 1204 δαῐσιν,
339 1166 583 1204 quamquam
628 1152 855 1193 Porsonum
909 1153 1106 1204 sequitur.
1111 1181 1124 1208 t
1172 1150 1498 1206 κατεγλυκήνατο
1540 1147 1751 1203 Ροτεοη.]’

1110 1172 1205 1264 se<
1237 1224 1329 1251 cum
1360 1210 1574 1261 Eupolidis
1607 1209 1732 1249 fuerit

133 1269 332 1321 aequalis,
371 1283 395 1309 a
430 1269 645 1308 Philonide
683 1269 822 1320 potius
861 1283 983 1321 quam
1014 1283 1038 1309 a
1076 1269 1272 1310 Chionide
1304 1282 1395 1309 eum
1427 1268 1731 1308 commemorari

131 1329 446 1368 consentaneum
478 1328 577 1366 erat.
622 1325 867 1368 Cleomenem
896 1327 1148 1380 Rheginum,
1183 1327 1533 1379 dithyramborum
1555 1327 1728 1377 poetam,

131 1385 367 1426 Athenaeus
413 1386 702 1426 commemorat
744 1387 790 1434 9,
831 1386 915 1426 402
927 1399 964 1426 a.
1019 1386 1069 1428 cf.
1111 1386 1291 1437 Epicrat.
1326 1386 1367 1424 4.
1418 1397 1512 1424 nam
1557 1384 1731 1424 eundem

131 1443 353 1542 fflzubiqgig
383 1443 602 1496 significari
632 1443 836 1484 sententia
865 1445 928 1484 est
949 1444 1140 1484 Meinekii
1171 1446 1212 1483 et
1231 1443 1400 1496 Bergkii
1430 1443 1492 1483 De
1522 1443 1594 1482 rel.
1627 1454 1729 1482 com.

209 1515 259 1542 ic.
351 1532 360 1542 .

342 1643 418 1707 ἆρ’
452 1648 512 1694 ἂν
542 1648 723 1707 φάγοιτ’
758 1648 817 1694 ἂν
848 1649 925 1695 καὶ
955 1652 1192 1708 ταρίχους,
1225 1645 1260 1694 ὦ
1292 1651 1412 1694 θεοί.

343 1719 418 1764 ἐπὶ
448 1721 512 1777 τῷ
540 1721 715 1776 ταρίχει
746 1719 861 1778 τῷδε
893 1722 1057 1765 τοίνυν
1088 1720 1326 1765 κόπτετον.

248 1804 480 1846 Athenaeus
513 1806 706 1854 3,119e
741 1801 912 1845 Ἀττικοὶ
943 1802 988 1845 δὲ
1018 1801 1237 1858 οὐδετέρως
1268 1802 1426 1858 λέγουσι
1449 1801 1510 1859 (τὸ
1533 1800 1727 1872 ταριχος),

131 1860 200 1902 καὶ
220 1858 415 1916 γίνεταιο
393 1878 418 1915 η
439 1855 579 1916 γενικὴ
600 1867 672 1903 τοῦ
692 1862 895 1917 ταρίχους.
939 1863 1146 1916 Χιωνίδης
1171 1865 1387 1915 Πτωχοῖς.
1446 1861 1502 1914 .ἡ
1525 1859 1570 1901 δὲ
1592 1860 1729 1914 δοτικὴ

132 1919 306 1973 ταρίχει,
338 1917 394 1969 ὥς
416 1920 536 1973 ξίφει.
559 1922 708 1974 fragm.
732 1924 756 1961 5
779 1923 903 1962 etiam
923 1922 1142 1974 Nicephor.
1173 1921 1341 1973 Gregor.
1375 1893 1474 1961 sect.
1497 1922 1565 1960 39.
1591 1920 1730 1960 Gram-

133 1980 232 2020 mat.
250 1978 390 2019 Herm.
410 1980 521 2019 324
511 1993 554 2019 111
570 1980 768 2020 Matthaei
785 1980 992 2032 Glossogr.
1010 1980 1105 2021 min.
1123 1979 1155 2019 Ι.
1174 1979 1353 2021 Cramer.
1371 1979 1524 2020 Anecd.
1541 1979 1635 2017 Par.
1646 1978 1731 2017 IIII

135 2038 232 2087 250,
266 2038 291 2076 6
323 2033 493 2092 (omisso
524 2036 625 2088 καί).
677 2053 709 2077 ω
740 2037 838 2077 θεοί
874 2038 1112 2078 exclamatio
1144 2040 1224 2078 est·
1256 2050 1332 2087 per
1362 2038 1451 2077 deos
1490 2037 1730 2077 inmortales.

132 2096 407 2147 fragmentum
437 2098 461 2136 6
494 2096 715 2136 Menandro
746 2097 903 2147 potius,
935 2097 1050 2136 cuius
1080 2109 1222 2137 versus
1252 2109 1300 2135 ex
1326 2091 1638 2147 Ἐπιτρέπουσιν
1669 2108 1731 2134 ex-

136 2156 300 2204 cerptus
330 2153 438 2204 apud
469 2153 723 2193 Athenaeum
757 2153 967 2194 Chionidis
998 2154 1123 2195 verba
1153 2154 1316 2205 excipit,
1348 2153 1550 2204 Bergkius
1583 2153 1730 2192 tribuit

135 2207 331 2265 (Meinek.
354 2210 396 2250 II
420 2209 551 2266 1193)
582 2212 782 2263 probante
803 2212 1010 2252 Meinekio
1031 2212 1070 2251 V
1094 2212 1162 2262 14,
1194 2211 1461 2262 Aristophani
1481 2211 1728 2251 Fritzschius

135 2269 292 2309 Daetal.
341 2270 436 2310 109.
483 2267 678 2309 κόπτετον
723 2271 748 2310 i.
780 2283 814 2310 e.
857 2271 975 2310 malis
1012 2271 1207 2311 absumite
1245 2269 1371 2321 Verg.
1413 2270 1515 2309 Aen.
1550 2270 1596 2318 3,
1631 2269 1728 2308 257.

135 2327 388 2367 Fritzschius
426 2329 565 2367 tamen
604 2328 785 2368 Plinium
824 2331 984 2368 secutus
1023 2329 1076 2368 N.
1109 2328 1149 2367 h.
1191 2330 1228 2378 9,
1263 2329 1316 2368 68
1356 2326 1445 2380 (qui
1482 2327 1603 2378 piscis
1634 2339 1730 2366 νινε·

136 2397 257 2435 quam
287 2387 478 2436 percoqui
500 2384 649 2436 possit,
680 2388 762 2427 wisi
804 2387 939 2435 ferula
977 2385 1223 2438 verberatus)
1263 2386 1394 2436 pisces
1425 2387 1592 2436 propter
1623 2385 1731 2423 duri·

136 2443 233 2482 tiem
254 2443 386 2495 plagis
417 2444 614 2483 contundi
644 2445 785 2485 solitos
817 2445 1124 2485 commemorari
1154 2442 1392 2483 arbitratur.

918 2546 942 2589 7

250 2627 480 2668 Athenaeus
518 2630 716 2679 4,137e
768 2625 789 2668 ὁ
827 2627 873 2669 δὲ
912 2626 1006 2676 τούς
1045 2628 1102 2676 εἰς
1141 2625 1354 2679 Χιωνίδην
1393 2623 1726 2697 ἀναφερομένους

137 2682 339 2756 Πτωχοὺς
364 2684 538 2738 ποιήσας
558 2685 652 2735 τοὺς
671 2685 919 2740 Ἀθηναίους
941 2685 1089 2738 φησίν,
1123 2684 1221 2725 όταν
1246 2681 1510 2736 Διοσκούροις
1543 2682 1588 2724 ἐν
1612 2686 1726 2737 Πρυ-

136 2743 280 2796 τανείῳ
310 2741 476 2797 α’ριστον
512 2747 810 2815 προτιθῶνται,
849 2743 913 2785 ἐπὶ
951 2745 1032 2784 τῶν
1070 2744 1277 2797 τραπεζων
1315 2740 1476 2783 τιθέναι
1506 2739 1629 2795 τυρὸν
1658 2756 1727 2781 και

137 2798 302 2852 φυστὴν
331 2801 550 2854 δρυπεπεῖς
582 2799 619 2842 τ’
654 2800 772 2851 ἕλοὲας
803 2800 872 2842 καὶ
903 2798 1062 2855 πράσα,
1093 2798 1327 2853 ὑπόμνησιν
1356 2798 1626 2852 ποιουμένους
1657 2799 1728 2851 τῆς

137 2854 306 2909 ἀρχαίας
342 2856 516 2913 ἀγωγῆς.
568 2861 794 2902 Meinekius
832 2862 1060 2912 suspicatur
1097 2862 1258 2911 poetam
1296 2859 1506 2909 scripsisse
1546 2856 1610 2897 ἐπὶ
1652 2857 1732 2896 τῶν

138 2916 343 2969 τραπεζῶν
373 2915 418 2957 δὲ
456 2915 616 2958 τιθέασι
653 2917 793 2971 τυρίον
816 2916 825 2972 Ι
852 2917 1014 2969 φύστην
1053 2931 1093 2956 τε
1132 2914 1200 2956 καὶ
1236 2915 1455 2969 δρυπεπεῖς
1502 2913 1623 2963 ε’λοὶας
1662 2913 1731 2954 καὶ
