1872 3224
626 213 822 248 ΠΤΤῙΝΗ
847 232 890 239 »-
915 215 1142 249 ΣΕΡιΦιοῐ
1624 216 1678 258 75

845 316 930 359 203

205 396 633 442 Soh01.Plat.Bekk.
667 402 748 439 332
790 397 974 441 Λύκων
1012 399 1147 453 μέντοι
1177 398 1308 453 πατὴρ
1338 396 1391 453 ἦν
1423 395 1677 452 Αὐτολύκου,

79 453 179 494 ’Ίων
206 451 336 508 γένος,
368 453 509 508 δήμων
540 455 740 509 Θορίκιος,
773 455 946 509 πένης,
978 455 1033 507 ὥς
1066 461 1264 512 Κρατῖνος
1298 459 1481 515 Πυτίνῃ,
1508 456 1676 513 Ἀριστο-

88 510 225 564 φάνης
257 511 431 564 Σφηξίν.
474 515 539 553 de.
551 515 604 554 L
589 527 729 565 ycone
761 518 905 566 postea
937 517 1113 557 Socratis
1153 520 1403 568 accusatoiqe
1438 501 1675 558 Schneider.

90 572 191 613 Xen.
225 571 353 611 Anab.
386 573 510 623 praef.
541 573 707 612 XXXII.
740 573 913 613 Meinek.
946 575 966 613 I
999 577 1094 614 117.

843 686 930 728 204

203 769 350 808 Pollux
386 770 449 818 10,
483 770 536 808 58
569 764 589 807 ὁ
619 765 663 807 δὲ
695 767 800 808 ε’νών
830 774 892 840 τῇ,
908 770 1094 810 πινακίδι
1124 764 1244 824 κηρὸς
1274 768 1302 823 ἢ
1330 767 1522 823 μάλθῃ..
1543 773 1677 823 ,Κρα-

88 830 196 875 τῖνος
227 823 272 866 δὲ
303 824 347 866 ἕν
377 831 426 881 τῇ
456 825 618 880 Πυτίνῃ
647 825 848 878 μάλθην
878 825 967 879 ἔφη.
1029 829 1156 869 Bekk.
1188 830 1340 869 Anecd.
1374 831 1468 879 278,
1494 831 1546 868 23
1577 828 1677 880 μάλ·

87 888 167 937 θη·
197 882 496 937 μεμαλαγμένος
534 882 656 937 κηρὸς
686 881 714 937 ὴ
743 882 842 925 ἄλλο
872 901 909 924 τι
939 886 1139 939 τοιοῦτον,
1170 881 1204 942 ᾧ
1234 885 1280 926 τὰ
1321 890 1568 940 γραμματεῖα
1603 888 1678 938 (ta-

89 945 202 985 bulae
231 942 476 994 scriptoriae)
510 940 722 995 πράττεται
754 941 1044 996 (πλάττεταιῗ).

203 1001 270 1040 Ad
300 1001 475 1052 Pytine’n
504 1003 712 1052 praeterea
741 1002 940 1042 referebat
978 1003 1202 1043 Meinekius
1233 1003 1281 1042 fr.
1292 975 1423 1053 291,
1457 1003 1678 1042 Runkelius

89 1061 197 1110 307·
238 1059 385 1098 fortass
390 1071 410 1098 e
455 1059 506 1097 ad
551 1059 718 1098 eandem
763 1061 940 1110 pertinet
978 1061 1117 1113 Etym.
1156 1075 1208 1100 m.
1251 1062 1351 1109 197,
1392 1062 1444 1100 32
1485 1057 1596 1112 ὕδωρ
1635 1056 1679 1098 δὲ

88 1115 208 1169 πίνει,
240 1109 307 1155 τὸν
338 1113 383 1155 δὲ
414 1115 605 1168 Βίβλινον
635 1120 783 1192 στυγεῖ.
815 1118 865 1157 ef.
899 1119 1020 1158 etiam
1052 1120 1102 1157 fr.
1135 1120 1230 1160 288.

783 1254 855 1288 ΣΑ’
853 1255 999 1289 r‘rPOI

202 1337 444 1388 Argument.
474 1336 682 1387 Aristoph.
714 1337 789 1388 Eq.
822 1335 1020 1389 ἐδιδάχθη
1052 1335 1095 1377 τὸ
1125 1338 1258 1390 δρᾶμα
1290 1334 1354 1377 ἐπὶ
1383 1334 1678 1390 Στρατοκλέους

88 1393 281 1447 ἄρχοντος
313 1392 485 1448 δημοσία
516 1393 572 1441 εἰς
604 1391 767 1445 Λήναια
799 1390 856 1433 δι’
890 1391 1016 1434 αὐτοῦ
1048 1400 1118 1434 τοῦ
1128 1392 1474 1462 Ἀριστοφάνους.
1524 1399 1679 1446 πρῶτος

90 1450 226 1491 ἐνίκα·
258 1449 442 1504 δεύτερος
474 1452 672 1504 Κρατῖνος
704 1451 923 1505 Σατύροις·
965 1451 1092 1506 τρίτος
1128 1446 1407 1506 Ἀριστομένης
1433 1450 1677 1505 ’Τλοφόροιςη

90 1513 178 1550 aeta
208 1510 335 1561 igitur
365 1513 427 1549 est
457 1522 562 1549 anno
593 1513 685 1549 ante
717 1510 905 1562 Pytinen,
940 1511 1003 1551 Ol.
1026 1512 1092 1561 88,
1118 1513 1157 1550 4.
1191 1513 1240 1552 cf.
1263 1525 1363 1563 quae
1395 1512 1446 1551 ad
1470 1511 1678 1561 Aristoph

90 1568 165 1619 Eq.
197 1569 280 1607 526
313 1569 354 1607 et
383 1568 432 1606 ad
463 1568 729 1618 Elephantidis
763 1568 930 1620 Satyros
963 1569 1257 1611 adnotavimus.

769 1705 998 1739 ΣΕΡΙΦΙΟῙ

204 1787 342 1827 Persei
373 1786 550 1826 fabulam
571 1787 644 1826 hae
666 1788 872 1827 comoedia
892 1790 1008 1828 siout-,i
1029 1789 1216 1829 Ulixibus
1248 1788 1490 1846 Cyclopeam
1513 1788 1675 1828 videtur

91 1844 410 1885 adumbravisse.
444 1844 580 1884 Strab.
615 1846 679 1894 10,
712 1846 794 1886 487
827 1842 1002 1898 Σέριφος
1034 1842 1074 1884 δ’
1108 1844 1238 1898 ἐστίν,
1280 1843 1324 1885 ἐν
1353 1847 1378 1901 ᾑ
1411 1843 1457 1884 τοὶ
1490 1843 1581 1898 περὶ
1611 1843 1681 1884 τὸν

93 1901 248 1941 Δίκτυν
275 1896 550 1954 μεμύθευται,
589 1900 658 1942 τὸν
695 1898 973 1943 ἅνελκύσαντα
1019 1901 1094 1955 τὴν
1129 1901 1309 1956 λάρνακα
1341 1934 1350 1943 .
1384 1932 1392 1941 .
1419 1932 1427 1940 .
1467 1900 1542 1954 τὴν
1571 1916 1678 1966 περι-

91 1958 262 2012 έχουσαν
292 1957 362 1999 τὸν
392 1956 554 2012 Περσέα
584 1958 651 2000 καὶ
688 1958 763 2012 τὴν
799 1958 947 2013 μητέρα
989 1959 1161 2012 Δανάην
1194 1991 1201 1999 .
1226 1991 1235 2001 .
1260 1992 1268 2000 .
1301 1960 1508 2013 τραφῆναί
1535 1974 1574 1999 τε
1604 1954 1679 2012 γὰρ

91 2015 274 2057 ἐνταῦθα
306 2014 376 2057 τὸν
406 2013 564 2070 Περσέα
595 2017 710 2068 φασί,
741 2016 809 2057 καὶ
839 2017 1059 2070 κομίσαντα
1081 2016 1155 2070 τὴν
1175 2033 1245 2068 τνς
1275 2016 1474 2069 Γοργόνος
1496 2015 1679 2069 κεφαλὴν

90 2074 276 2124 δείξαντα
307 2078 390 2122 τοῖς
423 2074 634 2128 Σεριφίοις
665 2072 921 2115 άπολιθῶσαι
950 2073 1119 2124 πάντας.
1159 2081 1276 2116 τοῦτο
1306 2073 1351 2114 δὲ
1381 2075 1529 2128 πρᾶξαι
1559 2090 1678 2127 τιμω-

92 2137 243 2185 ροῦντα
273 2137 322 2187 τῇ
351 2131 481 2198 μητρί,
512 2147 575 2174 οτι
604 2129 734 2185 αὐτὴν
767 2130 1066 2185 Πολυδέκτης“
1048 2148 1069 2172 ο
1090 2132 1280 2187 βασιλεὺς
1300 2131 1485 2173 α’κουσαν
1503 2131 1680 2186 ἄγεσθαι

89 2189 290 2243 προείλετο
320 2183 418 2243 πρὸς
449 2186 638 2244 γάμον..
662 2220 670 2230 .
697 2188 802 2231 οὕτω
832 2188 873 2231 δ’
908 2189 989 2231 ἐστι
1019 2188 1268 2244 πετρώδης“
1247 2207 1272 2243 η
1303 2195 1437 2243 νῆσος,
1470 2188 1570 2230 ὥστε
1598 2187 1679 2229 υπὸ

91 2253 160 2300 τῆς
193 2245 393 2301 Γοργόνος
424 2250 540 2289 τοῦτο
568 2251 722 2288 παθεῖν
752 2245 880 2301 αυτήν
913 2260 1038 2300 φασιν
1058 2249 1099 2289 oc
1114 2249 1413 2303 κωμῳδοῦντες.
1447 2250 1497 2289 ef.
1527 2249 1679 2288 Preller

91 2305 264 2358 Mythol.
295 2305 380 2358 gr.²
412 2306 453 2346 II
476 2309 543 2348 61.
577 2308 614 2349 2.
646 2309 712 2347 71.
745 2308 930 2347 Bursian.
954 2308 1101 2360 Geogr.
1122 2321 1184 2360 gr.
1206 2307 1247 2346 II
1268 2309 1364 2348 476.
1388 2309 1427 2347 8.
1461 2307 1510 2346 ad
1542 2307 1678 2346 Persei

90 2376 245 2404 errores
277 2365 484 2414 pertinent
515 2366 564 2404 fr.
598 2366 694 2405 207.
728 2367 767 2405 8.
800 2365 960 2406 videtur
991 2368 1127 2405 autem
1158 2366 1327 2405 Perseus
1367 2367 1408 2404 et
1447 2365 1594 2403 abiisse
1638 2367 1679 2402 et

91 2421 260 2461 rediisse
291 2421 527 2472 Seriphum,
560 2425 606 2462 ut
625 2423 832 2475 Trygaeus
863 2423 906 2462 in
936 2423 1038 2462 Pace
1069 2424 1112 2462 in
1143 2422 1365 2474 Olympum
1395 2421 1604 2461 adscendit
1634 2423 1675 2460 et

90 2479 269 2519 Athenas
299 2481 529 2521 revertitur.

846 2581 931 2624 205

541 2658 641 2718 αἶρε
672 2662 810 2718 δεῦρο
841 2659 948 2712 τοῦς
977 2629 1233 2718 βρικέλους.

207 2745 419 2797 Κρατῖνος.
451 2745 588 2797 Etym.
618 2759 672 2788 111
705 2746 853 2785 Milleri
884 2742 1110 2812 (Melanges
1142 2741 1235 2796 71),
1274 2743 1344 2783 ubi
1387 2743 1563 2794 primum
1602 2742 1677 2781 hoe

91 2801 363 2854 fragmentum
391 2803 550 2853 plenius
581 2803 735 2843 editum
765 2803 928 2855 legitur.
959 2798 1215 2854 βρικέλους1
1200 2798 1355 2869 Miller]
1381 2796 1595 2851 τρικέλους
1628 2799 1676 2837 ad

94 2858 299 2910 Seriphios
335 2860 537 2910 pertinere
576 2860 693 2901 docet
731 2860 906 2912 Hesyoh
953 2860 979 2911 β
990 2858 1195 2908 ρίκελοι
1235 2857 1277 2897 οἵ
1312 2854 1387 2909 μὲν
1432 2870 1525 2903 τους
1571 2852 1675 2895 ιστό-

92 2915 235 2966 ποδας,
279 2911 359 2955 άπὸ
403 2916 508 2968 (eod.
549 2913 632 2972 ἐπὶ)
676 2916 746 2956 τοῦ
781 2913 932 2969 βάρους
971 2930 1038 2955 και
1074 2915 1144 2954 τοῦ
1183 2913 1319 2963 ξύλου.
1364 2914 1406 2954 οῖ
1438 2911 1482 2953 δὲ
1519 2911 1675 2965 βαρβά-
