1872 3224
183 189 268 231 4⁶20
789 183 1174 218 ΑΡΙΣΤΟΦΑΝΟΎΣ

298 293 544 344 Hephaestio
579 293 643 339 13,
677 293 701 330 3
734 288 777 329 ἐκ
808 304 890 328 των
925 284 1237 340 Ἀριστοφάνους
1280 281 1478 340 Γεωργῶν
1507 287 1588 325 κτλ.
1637 286 1761 327 Marc.

183 353 320 391 Aurel.
353 354 390 398 4,
426 352 478 388 23
511 347 660 395 ἐκεῖνος
690 345 766 399 μέν
796 355 915 397 φησι·
947 345 1039 385 πόλι
1069 345 1168 397 φίλη
1199 342 1422 394 Κέκροπος.
1455 345 1506 384 cf.
1538 344 1646 384 Plut.
1679 345 1762 384 772

184 408 330 460 σεμνῆς
371 404 583 452 Παλλάδος
622 402 780 444 κλεινὸν
817 401 952 446 πέδον
1003 404 1146 443 chorus
1183 403 1281 443 belli
1323 403 1439 442 malis
1479 415 1520 442 se
1549 402 1763 442 liberatum

184 479 268 505 esse
298 465 460 517 gaudet.

936 553 1006 594 111

390 632 441 675 ἐν
472 630 620 689 ἀγορᾷ
649 630 694 674 δ’
726 626 787 674 αὖ
818 633 1053 675 πλάτανον
1087 625 1138 674 εὖ
1170 629 1550 687 διαφυτεύσομεν.

290 728 506 778 Hephaest.
543 730 616 774 13,
656 728 682 765 4
729 724 773 766 ἐν
811 729 892 774 τοῖς
934 728 1131 779 Γεωργοῖς
1165 722 1456 779 Ἀριστοφάνης
1495 723 1655 779 ἐποίησε
1694 722 1765 767 τὸν

183 783 368 837 τέταρτον
397 784 557 823 παίωνα
588 780 678 823 ἀντὶ
707 789 779 823 τοῦ
808 782 969 835 πρώτου
998 816 1008 827 .
1034 815 1042 825 .
1067 782 1154 823 ,ἐν
1173 780 1300 840 ἀγορᾷ
1321 785 1402 823 κτλ.
1435 786 1602 835 quartus
1630 795 1764 836 paeon

184 857 257 894 pro
287 843 417 894 primo
449 845 510 882 est
540 840 584 881 ἕν
612 837 753 896 ἀγορᾷ.
804 855 851 882 ex
883 843 1023 882 eodem
1054 842 1210 882 cantico
1242 855 1290 881 ex
1327 854 1406 893 quo
1444 842 1495 881 fr.
1531 843 1627 883 110.
1676 839 1764 882 δια-

185 898 440 951 φυτεύσομεν
470 902 702 950 corruptum
726 901 798 939 est.
851 913 943 939 nam
965 897 1228 949 διαφυτεύειν
1256 901 1327 939 aut
1356 900 1536 939 arborem
1564 900 1611 939 in
1637 900 1766 940 alium

185 960 309 998 locum
339 958 556 1006 transferre
586 959 656 996 aut
694 970 837 1007 ayrum
867 958 1076 998 arboribus
1114 969 1312 997 conserere
1345 957 1558 1008 significat.
1589 956 1762 997 scriben-

185 1016 280 1054 dum
313 1018 374 1054 est
404 1016 541 1066 utique
562 1013 790 1067 πλάτανον,
822 1013 965 1058 Eine,
997 1010 1260 1066 φυτεύσομεν.
1294 1015 1344 1054 cf.
1375 1014 1574 1065 Ecphant.
1598 1014 1636 1054 3.
1669 1013 1765 1055 Cra-

182 1073 257 1168 gin.
288 1072 513 1168 324.3quifd
542 1073 599 1168 {it
614 1072 758 1169 3Eu5131i0
792 1086 881 1112 cum
911 1073 1077 1123 platano
1099 1073 1214 1112 facile
1236 1072 1428 1112 Horatius
1449 1072 1608 1112 docebit
1628 1070 1760 1112 Carm.

211 1159 223 1179 ,
261 1133 275 1168 1
314 1161 323 1179 ,
359 1133 377 1168 1
415 1160 422 1169 .
458 1143 508 1170 ο.
542 1134 582 1180 ⁶,
643 1160 653 1179 ‚
716 1160 724 1167 .

935 1230 1015 1273 112

297 1313 440 1353 Suidas
471 1316 573 1361 τοῖς
600 1309 959 1363 Ἱπποκράτους
991 1310 1178 1353 υἱέσιν·
1210 1307 1320 1353 οὗτοι
1350 1309 1391 1352 δ’
1414 1309 1469 1362 ὥς
1491 1309 1638 1362 ὖώδεις
1659 1310 1764 1362 τινὲς

182 1367 250 1409 καὶ
281 1366 516 1409 ἀπαίδευτοι
545 1369 850 1425 ἐκωμῳὸοῦντο·
880 1369 947 1410 καὶ
978 1365 1062 1423 τάχ’
1096 1367 1151 1410 ἂν
1169 1366 1273 1423 ησαν
1302 1369 1619 1423 προκέφαλοί
1644 1385 1763 1423 τινες,

182 1442 240 1475 ως
274 1426 316 1467 ἐν
350 1428 547 1481 Γεωργοῖς
578 1439 679 1479 φησι
708 1426 776 1467 καὶ
807 1426 851 1467 ἐν
886 1424 1117 1482 Τριφάλητι.
1169 1430 1219 1471 cf.
1253 1429 1397 1480 Eupol.
1432 1431 1525 1470 103.

935 1575 1015 1618 113

298 1657 429 1698 Schol.
461 1659 538 1697 Av.
574 1659 677 1698 1701
719 1661 789 1696 τοῦ
827 1655 871 1696 δὲ
902 1656 1161 1697 Φιλίππου
1197 1656 1265 1698 καὶ
1304 1655 1348 1698 ἓν
1379 1660 1578 1711 Γεωργοῖς
1607 1673 1761 1712 μνημο-

186 1713 294 1754 νεύει
321 1712 624 1767 Ἀριστοφάνης.
658 1715 778 1766 Vesp.
809 1716 887 1754 421
924 1715 1098 1767 Gorgiae
1129 1717 1347 1767 discipulus
1378 1717 1455 1756 dici
1485 1717 1646 1758 videtur
1676 1715 1764 1770 (Ot-

181 1775 330 1811 λιππον
359 1770 430 1811 τὸν
460 1770 664 1827 Γοργίου).

935 1874 1017 1916 114

299 1956 431 1996 Schol.
454 1956 611 1995 Platon.
637 1958 721 1997 330
750 1956 921 1996 Bekker.
956 1953 1182 2009 Μέλητος
1213 1956 1452 2026 τραγῳδίας
1465 1959 1620 2008 φαῦλος
1649 1971 1761 2010 ποιη-

183 2011 253 2066 τὴς
288 2042 295 2052 .
329 2045 337 2053 .
414 2010 458 2051 ἐν
496 2009 540 2051 δὲ
573 2014 769 2066 Γεωργοῖς
808 2009 863 2061 ὥς
894 2013 1074 2053 Καλλίαν
1104 2014 1363 2066 περαίνοντος
1401 2010 1528 2055 αὐτοῦ
1555 2012 1762 2080 μέμνηται

184 2067 528 2125 (Ἀριστοφάνης).
567 2071 768 2122 Bergkius
806 2067 860 2119 ὥς
901 2072 1123 2111 Καλλίου
1153 2071 1414 2125 περαίνοντος
1443 2068 1614 2113 αὐτόν.
1665 2086 1761 2112 nam

189 2130 319 2167 aetate
341 2129 472 2167 minor
493 2129 571 2167 fuit
592 2128 730 2168 Callia.
763 2129 814 2169 cf.
838 2130 935 2171 Ran.
959 2131 1082 2170 1302.
1114 2130 1164 2171 fr.
1190 2131 1284 2180 149,
1309 2132 1376 2171 10.
1399 2131 1495 2171 438.
1529 2130 1702 2182 Sannyr.
1721 2131 1760 2171 2.

937 2277 1017 2320 115

301 2357 499 2398 zenobius
531 2359 575 2407 2,
615 2360 667 2398 27
712 2353 845 2413 αυτῷ
888 2356 1152 2411 μελητέον,
1197 2354 1300 2399 ἀλλ’
1347 2356 1428 2400 ἐπὶ
1471 2358 1556 2400 τὸν
1599 2353 1759 2401 οἷκον·

185 2411 394 2486 μέμνηται
415 2411 540 2466 αυτῆς
576 2399 867 2468 Ἀριστοφάνης
907 2415 952 2456 ἐν
982 2418 1182 2483 Γεωργοῖς
1219 2415 1286 2456 καὶ
1317 2418 1493 2457 Πλάτων
1521 2413 1541 2457 ὅ
1573 2415 1761 2470 κωμικός.

183 2487 238 2522 ην
269 2471 313 2511 δὲ
344 2466 461 2519 ουτος
492 2469 513 2511 ὅ
545 2467 652 2520 οἶκος
682 2471 802 2526 μέγας
833 2473 889 2521 εἰς
921 2468 1128 2526 ὑποδοχὴν
1156 2472 1455 2526 μισθουμένων.
1507 2475 1760 2516 scribendum

186 2531 247 2568 est
276 2530 391 2569 initio
423 2543 513 2569 cum
543 2531 744 2570 Meinekio
774 2531 816 2570 ΙΙ
840 2533 919 2572 689
952 2529 997 2571 ἐν
1027 2537 1081 2587 τῷ
1101 2529 1330 2582 Μελιτέων,
1361 2533 1504 2572 deinde
1525 2530 1650 2572 λείπει
1669 2528 1762 2588 (τω)

185 2584 295 2639 οἴκω,
327 2586 369 2625 111
400 2588 509 2626 exitu
541 2590 675 2627 autem
705 2601 795 2627 cum
824 2589 999 2640 Bergkio
1031 2590 1088 2638 εἰς
1118 2563 1330 2640 ὑποδοχὴν
1355 2588 1572 2659 τραγῳδῶν
1588 2588 1760 2642 μισθού·

184 2656 315 2693 μενος.
348 2644 395 2682 of.
427 2644 531 2684 Plat.
566 2646 661 2684 213.
700 2645 871 2685 Bekker.
902 2647 1055 2687 Anecd.
1089 2648 1184 2695 281,
1219 2648 1272 2686 25
1312 2643 1508 2686 Μελετών
1539 2644 1635 2698 (scr.
1667 2647 1759 2687 Με-

185 2696 341 2767 λιτέων)
372 2694 493 2751 οἶκος,
525 2699 569 2740 ἐν
598 2695 632 2756 ᾦ
660 2701 702 2740 οἱ
727 2701 920 2756 τραγῳδοὶ
950 2700 1150 2754 ἐμελέτων.
1188 2704 1355 2743 Photius
1387 2701 1596 2743 Μελιτέων
1626 2697 1757 2752 οἶκος·

186 2753 230 2795 ἐν
259 2761 311 2810 τῷ
343 2742 613 2827 (Μελιτέων)
627 2757 739 2813 δήμῳ
776 2757 1038 2812 παμμεγέθης
1065 2755 1119 2812 ἦν
1156 2754 1287 2809 οἶκος,
1327 2759 1383 2807 εἰς
1415 2757 1464 2799 ὃν
1493 2759 1535 2799 οἱ
1567 2759 1760 2815 τραγῳδοὶ

187 2812 627 2911 φὲιτῶέτεςὶμελέτων.
660 2817 806 2855 similia
827 2817 1000 2868 Hesyoh
1032 2819 1082 2858 cf.
1104 2817 1376 2858 wachsmuth.
1399 2817 1547 2859 Athen.
1571 2818 1590 2857 I
1612 2818 1707 2858 215.
1733 2821 1757 2858 6

187 2884 209 2910 a
239 2884 264 2909 n
