1872 3224
213 181 296 227 628
858 184 1134 219 ΠΛΑΤΩΝΟΣ

327 290 496 329 Bekker.
529 290 679 330 Anecd
712 291 892 337 368,12
924 284 1143 327 ἀκόλαστον
1172 287 1240 328 καὶ
1269 286 1461 342 ύβριστον
1490 295 1672 343 πρᾶγμα·
1708 319 1718 329 .
1739 319 1748 329 .
1773 321 1782 331 .

214 344 387 385 Πλάτων
417 344 457 384 δ’
492 344 682 397 ἕχρησατο
713 344 757 384 ἐν
787 342 1026 399 Πεισάνδρῳ
1058 344 1182 397 λέγων
1211 348 1291 386 κτλ
1340 361 1546 398 perperam
1578 348 1784 388 Bekkerus

212 405 254 442 in
285 405 488 443 'mimetros
520 404 761 454 digesseram
793 406 901 442 recte
932 404 1155 443 Meinekius
1186 405 1228 442 in
1259 407 1525 444 tetrametros.
1577 405 1625 444 de
1655 405 1785 445 forma

213 458 401 512 ὕβριστος
441 461 491 498 cf.
531 461 703 499 Lobeck.
745 461 913 511 Paralip.
955 463 1020 500 40.
1056 463 1090 501 1.
1147 461 1304 499 Pathol.
1345 462 1447 512 prol.
1489 463 1570 501 399
1612 462 1703 502 adn.
1743 463 1783 502 4.

212 517 394 557 Phereor.
433 518 524 555 162.
576 513 638 556 ἀεὶ
657 515 823 571 κολάζῃς
846 518 1020 556 Meinek.
1025 514 1038 569 ]
1061 515 1228 572 κολάζῃς
1249 513 1324 556 άεί.
1363 514 1426 557 ἀεὶ
1446 516 1622 566 κολάζεις
1644 532 1782 571 apogr.

211 575 252 612 in
285 574 426 614 Sched.
459 574 617 613 Ruhnk
650 574 691 613 II
721 577 760 614 8.
801 575 850 614 cf.
891 574 1026 614 Cobet.
1060 573 1156 614 obs
1196 575 1285 613 orit.
1329 577 1422 615 131.
1513 576 1550 617 3
1583 573 1663 614 ἐστι
1692 576 1782 616 add.

212 631 420 670 Dobraeus
450 631 620 671 Advers.
643 631 662 669 I
686 632 781 671 620.
815 632 1020 671 Herwerd.
1045 631 1139 671 Obs.
1163 633 1249 673 orit.
1274 634 1325 671 31
1359 629 1431 670 ἐὰν
1460 628 1502 670 δ’
1530 628 1666 700 ἀνιῇς,
1698 629 1780 672 ἔστ’

213 683 347 740 (ἑΗσθ)
379 685 473 740 ύβρ.
507 702 565 739 χρ.
617 689 787 728 Bekker.
819 689 970 728 Anecd.
1004 689 1100 736 365,
1134 690 1183 727 21
1219 694 1259 727 et,
1292 689 1434 728 Suidas
1465 685 1688 728 ἀκόλαστον
1717 687 1785 728 καὶ

209 741 402 796 ύβριστον
432 749 592 797 πρᾶγμα
623 742 650 796 η’
679 743 910 797 α’νθρωπος.
943 744 1048 798 λέγοι
1078 741 1118 783 δ’
1151 743 1206 784 α’ν
1236 759 1294 792 τις
1327 744 1394 784 καὶ
1423 742 1669 798 ὑβριστικόν.

975 857 1031 899 99

333 940 476 979 Suidas
518 936 756 992 Ἀρκάδας
800 938 1120 991 μιμούμενοι·
1166 938 1356 992 παροιμία
1402 937 1466 979 ε’πὶ
1510 945 1593 980 τοῖν
1636 937 1782 992 ἑτέροις

210 993 443 1035 πονούντων
473 1027 479 1035 .
508 1030 515 1036 .
540 1028 549 1037 .
575 996 700 1051 ταύτῃ
732 1002 780 1052 τῇ
809 995 1001 1065 παροιμία
1031 994 1214 1050 κέχρηται
1253 996 1429 1036 Πλάτων
1459 995 1503 1037 ἐν
1533 993 1786 1067 Πεισάνδρῳ.

211 1051 277 1091 διὰ
298 1046 371 1105 γάρ
402 1051 443 1092 τὸ
476 1052 557 1101 τὰς
588 1054 866 1124 κωμῳδίας
883 1051 1030 1101 αὐτὸς
1061 1068 1223 1093 ποιων
1251 1051 1422 1100 ἄλλοις
1452 1052 1690 1107 παρέχειν
1711 1037 1787 1093 διὰ

212 1111 356 1149 πενίαν
384 1107 582 1163 Ἀρκάδας
612 1114 822 1162 μιμεῖσθαι
853 1109 941 1160 ἐᾝφη
989 1112 1173 1151 similiter
1203 1113 1384 1162 Apostol.
1418 1113 1455 1160 3,
1491 1113 1556 1153 73.
1589 1112 1786 1152 Zenobius

211 1168 358 1206 Milleri
389 1169 613 1236 (Mt'fflanges
646 1171 726 1209 365
758 1169 874 1208 aliter
903 1171 944 1208 et
972 1169 1131 1219 plenius
1152 1182 1272 1219 quam
1294 1169 1493 1208 Zenobius
1517 1169 1722 1208 Leutsohii
1744 1170 1783 1220 2,

212 1222 285 1278 59)
304 1223 395 1272 τοὺς
407 1222 602 1277 Ἀρκάδας
620 1224 858 1277 μιμήσομαι
882 1221 1026 1276 ταύτης
1042 1223 1237 1276 μέμνηται
1258 1220 1469 1264 Πλάτων’
1452 1240 1472 1263 ο
1493 1223 1683 1275 κωμικός.
1700 1221 1785 1264 τάτ-

210 1295 315 1320 τεται
353 1279 397 1321 δὲ
435 1280 499 1321 ἐπὶ
538 1297 618 1322 των
654 1281 784 1334 μάτην
819 1279 1077 1334 πονούντων,
1113 1280 1292 1335 παρόσον
1330 1282 1371 1321 οἵ
1403 1278 1592 1334 Ἀρκάδες
1630 1285 1786 1351 μισθοῦ

211 1338 522 1409 στρατευόμενοι
544 1337 677 1387 σίλλοις
710 1338 866 1379 ἐνίκων.
916 1341 1103 1381 Eustath.
1127 1341 1222 1388 302,
1246 1341 1299 1379 32
1331 1338 1398 1378 καὶ
1419 1339 1594 1378 Πλάτων
1624 1335 1645 1380 ὁ
1666 1353 1784 1391 κωμι-

211 1393 280 1442 κὸς
312 1390 378 1434 διὰ
409 1394 450 1436 τὸ
482 1394 551 1444 τὰς
582 1396 816 1451 κωμῳδίας,
849 1396 976 1446 φησίν
1008 1395 1311 1450 (Παυσανίας),
1342 1389 1462 1444 αὐτὸς
1488 1397 1621 1436 ποιῶν
1649 1394 1783 1444 α’λλοις

213 1449 420 1492 ἐκδιδόναι
451 1452 516 1492 διὰ
555 1453 699 1493 πενίαν
726 1451 923 1506 Ἀρκάδας
964 1457 1175 1506 μιμεῖσθαι
1206 1452 1297 1504 ἔφη.
1348 1455 1400 1494 cf.
1429 1454 1598 1494 Bekker.
1629 1453 1782 1494 Aneod·

214 1510 308 1559 218,
345 1512 411 1551 19.
444 1512 590 1551 Macar.
626 1514 665 1560 2,
688 1513 756 1550 41.
791 1511 998 1550 dubitatur
1027 1514 1163 1550 utrum
1194 1512 1241 1550 de
1262 1511 1531 1562 Aristophane
1553 1511 1710 1551 aemulo
1731 1524 1784 1550 an

211 1567 259 1605 de
281 1580 322 1606 se
353 1567 469 1607 Plato
500 1582 546 1608 eo
577 1569 788 1619 proverbio
818 1581 915 1607 usus
947 1569 1010 1607 sit.
1053 1570 1101 1607 cf.
1132 1569 1303 1608 Meinek.
1334 1568 1355 1607 I
1388 1569 1484 1608 162.
1525 1569 1589 1607 ed.
1616 1569 1714 1608 min.
1745 1582 1782 1619 p.

212 1624 307 1662 376.
341 1623 483 1664 Cobet.
516 1625 612 1665 Obs.
645 1626 733 1666 crit.
769 1627 1020 1665 102—109.
1061 1625 1373 1675 Aristophanem
1413 1638 1458 1664 eo
1499 1625 1665 1664 inrideri
1695 1625 1781 1665 veri

211 1681 381 1720 similius
402 1682 562 1721 videssur
591 1684 693 1722 conl.
715 1683 764 1721 fr.
791 1685 882 1731 100,
916 1695 1157 1733 quamquam
1185 1683 1295 1721 illius
1323 1682 1549 1722 condicioni
1568 1682 1691 1723 verba
1710 1678 1778 1720 διὰ

213 1735 287 1788 τὴν
317 1737 462 1777 πενίαν
492 1741 655 1779 minime
687 1741 940 1779 conveniunt.

965 1839 1044 1881 100

327 1922 522 1961 zenobius
563 1923 710 1962 Milleri
748 1919 972 1977 (Molanges
1012 1924 1093 1961 366
1131 1921 1371 1972 locupletius
1410 1922 1613 1972 aliquanto
1659 1934 1776 1972 quam

212 1977 414 2017 Leutschii
432 1980 629 2019 Zenobius
649 1982 685 2028 6,
706 1977 749 2032 7)
772 1978 968 2031 τετράδι
988 1976 1099 2031 γέγο
1113 1990 1216 2025 νας·
1240 1977 1386 2027 ταύτης
1399 1976 1592 2030 μέμνηται
1609 1976 1784 2018 Πλάτων

211 2031 230 2071 ὁ
262 2033 434 2086 κωμικὸς
468 2034 519 2074 ἐν
535 2035 862 2100 Πεισάνδρῳ
895 2034 1043 2089 λέγεται
1077 2034 1141 2074 διὰ
1169 2032 1383 2088 Ἡρακλέα·
1415 2034 1569 2087 τετράδι
1591 2032 1666 2088 γὰρ
1686 2049 1779 2088 γεν-

210 2090 352 2142 νηθεὶς
384 2090 450 2131 καὶ
489 2088 653 2132 πάντων
688 2091 1001 2142 ἐπιφανέστατος
1038 2091 1105 2131 καὶ
1142 2089 1420 2145 ἀνδρειότατος
1449 2088 1661 2162 γενόμενος
1693 2090 1780 2131 ἐτα-

210 2147 398 2200 λαιπώρει
428 2147 555 2201 ὅμως,
585 2147 657 2189 ὑπ’
691 2147 941 2202 Εὐρυσθέως
974 2146 1293 2200 ἐπιταττόμενος·
1326 2148 1427 2197 φασὶ
1456 2147 1545 2188 δὲ
1531 2147 1590 2188 ότι
1621 2147 1688 2189 και
1718 2163 1778 2188 τε·

211 2204 325 2257 τράδι
355 2205 451 2254 θεὸς
484 2205 694 2259 ἐνομίσθη.
746 2209 794 2247 of.
826 2209 1009 2258 Aposizol.
1045 2209 1115 2256 16,
1150 2209 1216 2246 34.
1257 2207 1387 2248 Phot.
1407 2209 1449 2246 et
1480 2206 1591 2246 Suid.
1623 2204 1780 2259 τετράδι

210 2260 388 2314 γέγονας.
410 2265 598 2304 Eustath.
616 2266 736 2314 1553,
757 2267 794 2308 6,
828 2279 916 2304 oum
937 2268 1070 2303 autem
1093 2265 1376 2315 Aristonymus
1397 2264 1464 2314 (fr.
1487 2263 1547 2317 4),
1569 2263 1776 2313 Amipsias

213 2320 279 2370 (fr.
314 2318 400 2374 28),
435 2322 632 2373 Sannyrio
665 2321 730 2374 (fr.
763 2319 808 2376 5)
845 2322 1156 2372 Aristophanem
1194 2322 1267 2360 hoo
1303 2321 1514 2371 proverbio
1555 2321 1773 2368 inriserint,

211 2377 420 2417 Platonem
443 2391 487 2417 eo
511 2380 553 2417 in
573 2380 738 2419 eandem
763 2379 1002 2419 sententiam
1027 2392 1143 2418 usum
1167 2391 1253 2417 esse
1276 2380 1587 2417 consentaneum
1611 2379 1684 2417 est.
1723 2411 1725 2414 .

961 2479 1035 2520 101

327 2561 459 2600 Sohol.
499 2563 706 2613 Aristoph.
749 2563 825 2602 Av.
867 2563 974 2601 1556
1013 2558 1079 2599 καὶ
1118 2558 1293 2598 Πλάτων
1332 2557 1376 2598 ἐν
1415 2557 1653 2613 Πεισάνδρῳ
1690 2556 1780 2612 περὶ

211 2611 447 2670 ἀμφοτέρων
476 2617 590 2670 λέγει.
630 2620 845 2660 Pisandros
877 2619 985 2658 dicit.
1026 2618 1074 2657 of.
1107 2617 1279 2658 Meinek.
1310 2617 1330 2656 I
1363 2618 1442 2656 177
1456 2629 1515 2667 sq.

960 2717 1040 2759 102

328 2799 457 2840 Schol.
489 2801 699 2852 Aristoph.
731 2802 849 2852 Vesp.
873 2802 954 2840 592
986 2796 1224 2845 Εὔαθλος
1256 2793 1384 2851 ῥήτωρ
1411 2792 1667 2849 συκοφάντης
1699 2828 1708 2837 .
1731 2825 1741 2835 .
1764 2826 1775 2837 .

210 2856 452 2910 μνημονεύει
481 2854 524 2896 δὲ
554 2854 681 2897 αὐτοῦ
710 2857 777 2897 καὶ
809 2854 980 2897 Πλάτων
1011 2854 1053 2895 ἐν
1083 2853 1332 2908 Πεισάνδρῳ.
1377 2856 1428 2896 cf.
1460 2855 1608 2895 Cratin.
1643 2856 1709 2894 75.
