1872 3224
189 188 273 229 342
818 185 1115 219 E‘rnoAlez

189 293 400 333 manifesto
432 292 660 341 corruptum
693 291 774 329 est:
812 303 905 328 nam
944 288 1236 328 adulescen‘culi
1277 288 1374 327 viris
1398 286 1593 338 praefecti
1620 299 1762 339 graece

191 352 375 390 dicuntur
404 352 628 398 προεστῶτα
658 352 739 385 τῶν
767 341 940 399 ἀνδρῶν.
992 349 1062 385 aut
1103 341 1397 398 προσιστάμενα
1435 357 1525 384 cum
1561 344 1762 384 Meinekio

191 410 259 446 aut
288 401 561 457 παριστάμενα
592 404 846 444 scribendum
875 406 949 443 est.
982 403 1032 442 ad
1063 404 1210 443 Demos
1241 402 1399 442 rettulit
1428 401 1666 442 Meinekius.

940 513 1022 556 311

1078 568 1133 613 οὐ
1164 568 1288 612 πάνυ
1318 567 1430 625 ταχὺ

394 640 529 695 ῥίψας
562 638 661 695 ἐμοὶ
690 637 812 682 τοῦτ’
846 638 1091 694 ἅναβαλεῖς
1120 637 1171 681 τὸ
1201 638 1439 710 κρητικόν;

303 725 471 764 Photius
502 722 709 775 κρητικόν·
741 721 870 774 βραχὺ
903 721 1080 774 ἱμάτιον·
1114 719 1242 769 οὕτως
1273 718 1454 768 Εὔπολις
1484 723 1567 764 κτλ.
1607 717 1763 774 ἆναβα-

190 786 269 830 λεῑς
302 782 472 821 Meinek.
503 783 550 820 ut
572 778 743 834 videtur]
768 777 968 833 ἀναβαλεῖ
982 781 1197 827 Porsonus,
1229 774 1453 831 ἀναβάλλει
1475 779 1577 828 cod„
1600 779 1635 819 si
1653 780 1764 820 recte

193 840 385 890 intellego
416 839 652 878 Porsonum.
684 838 857 890 Hesych.
891 836 1097 890 κρητικόν·
1120 835 1318 895 ἱματίδιον
1346 833 1492 875 λεπτὸν
1521 834 1588 876 καὶ
1617 833 1762 888 βραχύ.

192 870 358 936 Pollux1³
359 898 396 944 7,
421 897 471 935 77
495 893 669 934 ε’καλεῖτο
691 892 734 933 δέ
754 909 791 933 τι
810 893 878 934 καὶ
906 893 1118 947 κρητικόν,
1157 895 1188 948 ᾤ
1217 889 1444 945 Ἀθήνησιν
1471 889 1493 933 ὁ
1523 889 1764 946 βασιλεὺς

194 951 342 1006 ἐχρῆτο.
372 927 505 1003 i'taque
537 953 644 1003 apud
675 953 850 1004 Eupolin
880 953 1051 992 fortasse
1081 949 1217 1004 ἅρχων
1245 949 1435 1004 βασιλεύς
1465 951 1716 1002 loquebassur.

938 1063 1022 1107 312

794 1144 1043 1200 ῥαφανίδες
1074 1141 1281 1197 ἄπλυτοι,
1314 1143 1488 1198 σηπίαι,

397 1214 640 1268 δρυπεπεῖς
670 1210 709 1255 τ’
745 1213 886 1256 ἐλᾶαι

248 1307 252 1310 ’
304 1297 534 1336 Athenaeus
566 1297 603 1362 2,
636 1298 722 1336 563,
752 1293 952 1344 Εὔπολις·
989 1294 1130 1347 σηπίαι
1151 1317 1209 1324 -
1229 1292 1356 1335 ἕλααι.
1399 1295 1489 1335 560
1521 1293 1765 1346 ῥαφανίδες·

228 1385 237 1394 .
260 1387 268 1396 .
301 1352 368 1392 καὶ
399 1350 661 1405 ἐκτεταμένως
692 1350 736 1392 δὲ
758 1351 1019 1407 (ραφανῖδες)
1052 1368 1120 1392 και
1149 1367 1248 1391 κατα
1280 1350 1475 1404 συστολὴν
1506 1349 1767 1422 (ραφανίδες)

191 1409 340 1464 λέγεται
377 1408 484 1463 παρὰ
512 1407 703 1458 Ἀττικοῖς
737 1442 745 1450 .
781 1444 789 1452 .
865 1409 1063 1458 Εὔπολις·
1098 1409 1320 1479 ῥαφανίδες
1353 1432 1404 1438 —
1435 1409 1589 1461 σηπίαι.
1638 1409 1767 1450 Draco

192 1469 365 1508 Straton.
389 1470 443 1508 80
475 1466 669 1518 ῥαφανίς·
701 1468 923 1521 διφορεῖται
953 1461 995 1508 τὸ
1016 1481 1051 1514 ις
1085 1498 1094 1506 .
1118 1498 1127 1507 .
1151 1497 1161 1507 .
1192 1463 1289 1520 παρ’
1314 1463 1514 1506 Εὐπόλιδι
1544 1463 1589 1506 δὲ
1609 1463 1768 1506 συστέλ-

191 1528 308 1565 λεται.
361 1526 593 1565 Eustathius
634 1527 761 1575 1220,
802 1528 855 1566 55
898 1523 1148 1565 συστέλλεται
1186 1522 1230 1563 δὲ
1268 1520 1369 1576 παρ’
1411 1521 1610 1564 Εὐπόλιδι
1640 1521 1684 1563 ἐν
1713 1527 1768 1579 τῷ

192 1581 414 1635 ῥαφανίδες
444 1580 627 1622 ἄπλυτοι.
661 1584 1062 1624 animadvertendum
1094 1585 1156 1623 est
1186 1583 1260 1622 hoc
1280 1583 1467 1634 intellegi
1488 1595 1568 1622 non
1588 1582 1767 1633 potuisse

191 1641 270 1679 nisi
300 1653 347 1679 ex
375 1653 492 1680 versu
522 1641 693 1692 integro.
727 1641 951 1692 Hesychius
981 1639 1151 1680 ἄπλυτοι
1182 1638 1427 1692 ρἀφανῖδες,
1466 1640 1536 1679 ubi
1575 1651 1769 1678 memora.-

193 1698 286 1736 bilis
332 1700 394 1737 esi:
437 1698 491 1736 M.
525 1697 737 1737 Schmidtii
776 1700 997 1739 adnotatio.
1051 1699 1100 1737 cf.
1140 1698 1323 1736 Pherecr.
1361 1697 1440 1737 175
1481 1699 1522 1737 et
1558 1696 1609 1736 de
1649 1695 1768 1736 olivis

193 1751 412 1807 δρυπεπέσι
443 1750 625 1795 Chionid.
659 1757 697 1795 7.

942 1845 1026 1888 313

1040 1898 1097 1943 σύ
1131 1900 1181 1943 δὲ
1212 1899 1261 1943 τὰ
1292 1896 1494 1943 καλώδια

398 1955 535 2000 ταῦθ’
568 1956 811 2013 αρκυεόρει.

307 2040 540 2080 Eustathius
575 2043 781 2093 1535,18
813 2039 874 2080 ότι
904 2038 948 2081 δὲ
977 2039 1045 2081 καὶ
1076 2039 1321 2082 ἐδασύνοντο
1350 2044 1518 2088 αττικως
1548 2036 1647 2079 αἰ”
1619 2052 1767 2108 αρκυες

196 2093 269 2136 οὐκ
291 2090 460 2166 εαδηλον.
510 2095 576 2136 καὶ
599 2096 759 2147 φέρεται
780 2104 916 2150 χρῆσις
937 2094 1168 2147 Εὐπόλιδος
1200 2099 1256 2147 εἰς
1288 2098 1403 2138 τοῦτο
1432 2095 1618 2149 τοιαύτη·
1650 2107 1702 2136 συ
1722 2093 1768 2135 δὲ

195 2177 250 2182 -
280 2150 496 2206 ἆρκυώρει
533 2152 554 2193 ὅ
592 2153 672 2194 ἐστι
708 2154 902 2206 φύλασσε.
958 2154 1042 2196 ἐπεὶ
1082 2155 1150 2196 καὶ
1186 2149 1394 2209 ἆρκυωρός
1434 2151 1455 2195 ὁ
1494 2159 1576 2194 των
1604 2149 1770 2207 ἀρκύων

195 2209 338 2260 φύλαξ.
370 2212 418 2251 cf.
452 2211 605 2252 Oratin.
639 2215 704 2253 79.

941 2303 1028 2346 314

400 2373 499 2422 οἷόν
529 2381 582 2434 γε’
609 2379 700 2424 πού
723 2380 811 2424 ’στι
841 2385 1020 2437 γλῶσσα
1051 2377 1335 2437 κανθρεόπου
1366 2382 1512 2436 λόγος

311 2463 440 2503 Schol.
471 2465 589 2503 Hom.
620 2465 668 2503 11.
704 2467 740 2513 2,
775 2468 856 2506 333
895 2460 986 2505 οἷόν
1022 2463 1066 2518 γε’
1101 2462 1181 2505 πού
1215 2462 1307 2504 ’·στι
1310 2467 1488 2518 ’γλῶσσα
1518 2460 1767 2516 κανθρωπου

196 2515 323 2571 λόγος,
360 2518 460 2559 κατὰ
501 2519 570 2560 τὸν
606 2496 813 2561 Εὔπολιν·
853 2519 873 2562 ὁ
913 2520 988 2573 μὲν
1025 2521 1100 2576 γὰρ
1131 2520 1258 2576 λέγων
1295 2521 1508 2576 φεύγωμεν
1537 2518 1767 2574 ἀναπτεροῖ,

196 2572 217 2614 ὃ
250 2573 294 2614 δὲ
323 2575 503 2628 μένωμεν
532 2578 678 2619 πείθει.
731 2578 814 2631 α’μα
858 2577 902 2619 δὲ
939 2578 1006 2619 καὶ
1043 2578 1086 2619 τὸ
1123 2580 1369 2632 παλίμβολον
1399 2584 1481 2620 των
1511 2575 1649 2630 δήμων
1679 2575 1767 2630 ἐσή-

197 2646 333 2703 μανεν.
394 2635 628 2703 Eustfzbhius
661 2639 842 2685 231,19
884 2635 1133 2688 ἐπιφωνοῦσι
1169 2635 1213 2676 δὲ
1251 2635 1318 2677 καὶ
1356 2635 1400 2677 τὸ
1437 2636 1507 2676 τοῦ
1538 2632 1767 2683 Ευπόλιδος

199 2684 286 2728 οἷόν
315 2687 358 2742 γε’
389 2690 466 2729 πού
493 2689 568 2731 ’στι
603 2691 747 2750 γλῶσσ’
787 2690 1023 2746 ἆνθρωπου.
1075 2693 1186 2747 είπερ
1225 2691 1246 2734 ὁ
1282 2692 1357 2746 μὲν
1394 2691 1520 2747 λέγων
1557 2688 1768 2746 φεύγωμεν

198 2743 427 2798 ἀναπτεροῖ,
459 2744 479 2786 ὃ
510 2746 553 2787 δὲ
583 2745 708 2798 αὖθις
748 2750 883 2792 πείθει
921 2749 1048 2804 λέγων
1076 2750 1293 2803 μίμνωμεν.
1352 2752 1503 2804 γλῶττα
1531 2750 1767 2790 Meinekius.

200 2808 240 2842 at
268 2804 429 2843 videtur
457 2807 621 2856 paiodia
651 2809 856 2859 Euripidis
887 2822 984 2849 esse.
1022 2809 1129 2848 idem
1161 2823 1255 2849 vero
1286 2812 1392 2850 recte
1421 2809 1559 2848 monet
1590 2808 1712 2847 verba
1742 2802 1764 2845 6

198 2856 272 2911 μὲν
303 2883 352 2888 —-
375 2861 520 2908 πείθει,
562 2877 661 2915 quae
701 2866 955 2906 Hermannus
997 2863 1163 2919 (opusc.
1195 2866 1233 2904 V
1264 2866 1365 2920 290)
1406 2868 1450 2905 in
1485 2865 1658 2905 trimetri
1687 2864 1765 2906 for-
