1872 3224
220 184 303 227 304
863 173 1162 223 ΕΤῐῐοΛῐΔοΣ

222 291 259 337 3,
293 290 359 338 23,
396 288 458 325 15.
490 285 590 324 addo
625 283 718 325 Hor.
751 281 879 321 Carm.
915 282 949 326 1,
985 280 1050 326 16,
1083 279 1184 327 9sq.
1217 276 1360 315 chorus
1392 288 1434 314 se
1476 275 1562 326 ipse
1599 276 1648 314 ut
1683 284 1806 328 saepe

221 347 267 384 fit
297 345 466 383 inridere
488 342 663 381 videtur:
695 339 802 390 quod
824 349 967 377 moneo
993 339 1160 386 propter
1181 333 1460 384 Toeppelium.
1491 334 1671 372 ceterum
1693 330 1807 384 apud.

221 401 476 442 Plutarchum
508 399 595 438 5οᾶ
628 398 723 436 haee
761 407 921 446 quoque
958 407 1005 432 ex
1045 391 1243 442 Eupolide
1281 392 1468 440 excerpta
1505 402 1592 429 esse
1630 389 1803 441 possunt

222 456 311 505 τοὺς
344 488 353 497 .
377 488 385 496 .
411 489 418 496 .
449 453 574 506 ἀμφὶ
605 452 852 493 πλουσίαν
877 453 882 500 Ι
910 448 1158 503 τράπεζαν
1188 444 1645 501 ἐγκυκλουμένους.

970 585 1050 628 163

726 677 777 730 ὃς
806 678 1006 733 χαρίτων
1035 675 1121 732 μὲν
1152 672 1251 729 ὄζει,

728 746 1004 802 καλλαβίδας
1034 744 1084 787 δὲ
1114 745 1280 799 βαίνει,

702 858 705 859 ⁷
730 815 982 871 σησαμίδας
1011 812 1061 856 δὲ
1093 812 1219 868 χέζει,

729 886 849 941 μῆλα
880 884 930 927 δὲ
961 883 1244 938 χρέμπτεται.

340 995 569 1034 Athenaeus
605 993 667 1039 14,
701 992 813 1031 646f
840 988 1058 1042 σησαμίδες
1097 985 1141 1027 ἐκ
1178 984 1330 1039 μέλιτος
1383 985 1452 1026 καὶ
1503 983 1694 1039 σησάμων
1738 998 1806 1028 πε-
1868 1000 1872 1015 ÷

226 1051 466 1105 φρυγμένων
495 1049 562 1089 καὶ
593 1047 725 1088 ἐλαίου
764 1045 1002 1098 σφαιροειδῆ
1043 1043 1247 1097 πέμματα·
1293 1042 1474 1092 Εὔπολις
1515 1039 1687 1092 Κόλαξιν
1722 1044 1807 1083 κτλ.

225 1111 331 1149 idem
365 1111 432 1159 14,
465 1110 580 1148 630a
610 1105 867 1158 καλλαβίδων
905 1101 946 1143 δ’
981 1101 1159 1150 Εὔπολις
1191 1100 1236 1142 ἒν
1266 1097 1434 1151 Κόλαξι·
1475 1099 1719 1154 καλλαβίδας
1749 1121 1807 1132 —-

227 1165 323 1218 χέζει
356 1163 612 1219 (κολλαβίδας
644 1162 711 1216 L).
774 1166 809 1202 1.
839 1160 914 1214 μὲν
950 1159 1029 1209 ὄζει
1065 1161 1284 1200 Erfurdtus
1316 1160 1486 1200 observ.
1519 1157 1621 1212 470]
1652 1171 1702 1210 με
1740 1170 1807 1197 νο-

226 1223 325 1275 μίζει
356 1226 404 1262 Α.
435 1219 509 1274 μὲν
538 1215 668 1272 ὀμιχεῖ
691 1221 785 1260 Bas.
815 1221 872 1268 L„
905 1220 1013 1270 quod
1050 1219 1200 1258 retinet
1238 1217 1509 1258 Hermannus.
1541 1216 1591 1256 cf.
1621 1215 1808 1257 Phoreor.

230 1283 322 1320 131.
353 1281 469 1319 Phot.
493 1277 728 1330 καλλαβίδες
750 1275 812 1332 (in
833 1278 917 1319 cod.
939 1277 1024 1316 sine
1045 1272 1242 1329 accentu).
1275 1273 1318 1314 τὸ
1339 1271 1633 1327 διαβαίνειν
1658 1267 1807 1325 ἀσχη-

227 1335 386 1387 μόνως
425 1335 492 1375 καὶ
530 1333 700 1375 διέλκειν
735 1333 782 1374 τὰ
822 1333 929 1386 ἰσχία
969 1336 1054 1380 ταῖς
1090 1331 1236 1385 χερσίν.
1275 1333 1426 1372 Athen.
1468 1332 1540 1380 14,
1572 1330 1685 1372 629f
1710 1325 1808 1383 σχή-

227 1410 330 1447 ματα
361 1390 398 1433 δ’
433 1392 539 1433 ἐστὶν
568 1386 828 1445 ὀρχήσεως
851 1422 861 1432 .
885 1422 894 1431 .
917 1423 927 1431 .
948 1386 1214 1442 καλαθισμός,
1244 1388 1494 1442 καλλαβίδες.
1526 1388 1702 1440 Hesyoh.
1733 1401 1808 1428 w-

228 1451 359 1504 λαβίς·
381 1449 424 1490 τὸ
444 1455 644 1503 περισπᾶν
665 1447 711 1488 τὰ
734 1449 852 1501 ἰσχία.
885 1450 964 1489 fuit
992 1450 1120 1500 igitur
1149 1447 1377 1488 effeminata
1407 1446 1581 1487 saltatio.
1601 1466 1658 1476 —-
1687 1445 1809 1498 signi-

230 1510 339 1549 ficari
369 1509 529 1549 videtur
550 1508 698 1548 Callias
718 1508 818 1558 ipse.
852 1507 1015 1546 dimetri
1041 1508 1137 1546 sunt
1165 1505 1383 1545 choriamb.
1415 1503 1532 1544 catal.
1564 1501 1808 1558 (Hermann.

230 1567 368 1606 Doctr.
399 1568 515 1607 metr.
548 1566 633 1603 424
649 1578 708 1615 sq.
742 1566 839 1604 481.
874 1562 988 1615 576),
1020 1577 1067 1603 ex
1098 1563 1273 1602 carmine
1295 1561 1584 1612 antistrophico
1615 1560 1806 1612 excerpti.

233 1624 398 1662 offendit
427 1623 613 1662 catalexis
644 1624 687 1661 in
718 1622 881 1670 ultimo,
915 1621 1101 1672 quocirca
1131 1619 1376 1659 Fritzschius
1413 1615 1626 1686 (Toeppel.
1656 1631 1697 1668 p.
1730 1614 1807 1670 26)

233 1677 462 1732 χρέμπτεται
491 1677 536 1718 δέ
565 1693 607 1731 γε
637 1681 753 1736 μῆλα.
787 1679 942 1718 facilius
974 1681 1079 1718 certe
1109 1678 1216 1729 μῆλα
1247 1673 1293 1715 δὲ
1323 1674 1513 1728 χρέμπτετ
1559 1670 1652 1714 ἆεί.

981 1813 1062 1855 164

350 1909 480 1948 Schol.
513 1910 716 1959 Aristoph.
748 1909 841 1948 Pac.
874 1909 957 1948 803
997 1905 1065 1946 καὶ
1102 1902 1204 1945 πολὺ
1243 1907 1396 1957 μᾶλλον
1432 1902 1477 1944 ἐν
1513 1907 1595 1953 τοῖς
1634 1901 1814 1955 Κόλαξιν

235 1964 412 2013 Εὔπολις
443 1963 497 2013 ὥς
528 1965 712 2005 κίναιδον
744 1964 832 2019 (τὸν
865 1962 1186 2016 Μελάνθιον)
1218 1961 1426 2015 διαβάλλει
1455 1960 1522 2002 καὶ
1551 1960 1718 2001 κόλακα.
1757 1961 1809 2001 ef.

235 2026 404 2074 interpr.
440 2024 643 2074 Aristoph.
674 2024 751 2063 Av.
786 2025 881 2062 151.
912 2022 1087 2062 Meinek.
1119 2022 1139 2060 I
1171 2021 1268 2061 206.
1287 2020 1448 2071 'Bergk
1473 2020 1520 2060 R.
1542 2033 1574 2061 e.
1598 2019 1687 2059 Att.
1715 2019 1809 2059 108.

237 2082 319 2119 340
336 2093 394 2130 sq.
425 2080 613 2120 Fritzseh.
648 2080 774 2123 Arist.
807 2081 904 2119 Rau.
940 2083 1031 2119 151.
1062 2079 1203 2118 Cobet.
1236 2077 1333 2118 obs.
1367 2079 1454 2117 crit.
1493 2078 1586 2118 184.

985 2214 1064 2256 165

352 2309 480 2349 Schol.
512 2309 692 2348 Platonis
724 2311 802 2348 331
836 2310 962 2348 Bekk.
995 2306 1176 2353 Εὔπολις
1207 2302 1244 2343 δ’
1279 2303 1323 2344 ἐν
1353 2303 1503 2354 Κόλαξι
1542 2303 1717 2344 Καλλίου
1747 2299 1811 2343 κό-

238 2367 337 2404 λακα
376 2359 461 2416 (τὸν
491 2364 844 2418 Χαιρεφῶντα)
883 2364 997 2418 λέγει,
1059 2363 1310 2413 Chaerepho‘n
1339 2362 1564 2402 Socraticus
1593 2362 1810 2403 indicatur·

241 2424 439 2473 Aristoph.
472 2424 576 2465 Nub.
610 2425 703 2463 104.

986 2533 1066 2576 166

356 2629 498 2668 Suidas
519 2625 585 2680 (ex
606 2630 798 2679 scriptore
818 2642 899 2669 non
919 2625 1144 2679 nominato)
1165 2625 1379 2678 βομβοῦσι·
1397 2621 1646 2677 Ὀρέστης,
1672 2623 1721 2663 M
1729 2638 1812 2676 αρ·

240 2683 301 2730 ψί
307 2699 360 2730 ας
373 2715 381 2728 ,
421 2684 592 2723 Καλλίου
631 2692 700 2724 τοῦ
729 2681 949 2737 Ἀθηναίου
986 2681 1149 2730 κόλακες
1191 2674 1270 2721 συν
1299 2679 1457 2728 ἑτέροις.
1498 2682 1545 2720 de
1585 2681 1720 2722 Oreste
1758 2681 1811 2723 cf.

241 2742 444 2791 Aristoph.
484 2743 560 2780 Av.
602 2744 696 2791 712,
737 2744 784 2782 de
822 2743 1007 2791 Marpsia
1045 2741 1145 2780 Aah.
1180 2742 1260 2780 701
1299 2752 1390 2778 eum
1427 2739 1589 2779 scholiis
1627 2738 1813 2789 quamvis

241 2799 768 2895 εχίιῗιιίε.Ιαῗ3ἔὶᾰιι181;οτοε
805 2800 854 2839 fr.
901 2800 994 2838 165.
1030 2799 1109 2837 166
1151 2796 1356 2836 referenda
1393 2809 1484 2836 esse·
1518 2797 1676 2835 monuit
1714 2795 1812 2835 Mei..

241 2867 291 2893 ne
321 2868 382 2893 lus
549 2886 557 2894 .
