1872 3224
205 179 288 222 626
471 214 473 216 ,
845 177 1128 212 ΠΛΑΤῼΝΟΣ

971 279 1023 321 91

956 359 1066 413 φέρε
1098 355 1223 400 τοῦτ’
1256 357 1355 413 ἐμοὶ

411 427 563 479 δεῖξον
593 425 643 469 τὸ
673 428 847 470 κανοῦν
877 441 954 482 μοι
985 425 1122 481 δεῦρο
1152 423 1211 481 μή
1244 421 1427 482 μα’χαιρ’
1462 429 1543 469 ἔ.νι

320 512 449 554 Schol
483 510 690 561 Aristoph.
723 511 816 549 Pac.
850 511 932 548 948
973 506 1190 561 ἐκέκρυπτο
1230 506 1274 547 ἕν
1311 523 1364 562 τῳ
1403 514 1514 563 κανῷ
1549 506 1575 559 ἡ
1606 508 1779 580 μάχαιρα

204 572 288 615 ταῖς
321 566 432 615 ὀλαῖς
463 566 529 606 καὶ
558 570 640 614 τοῖς
672 564 862 618 στέμμασι
893 596 902 606 .
935 565 1198 607 ..Πλάτων
1228 563 1271 605 ἐν
1303 565 1514 620 Παιδαρίῳ
1544 569 1626 607 κτλ.
1668 564 1777 607 τοῦτ’

205 624 302 679 ἐμοὶ]
336 630 452 663 τοῦτο
483 617 534 675 δὴ
555 625 775 664 Dobraeus.
867 625 904 663 2.
937 637 1003 675 μοι
1034 637 1111 663 om.
1134 624 1182 661 V.
1232 621 1285 674 μὴ
1307 622 1454 676 Dob1·.]
1487 624 1557 675 πῆ
1589 625 1631 664 in
1651 625 1782 666 altera

205 683 515 733 Hephaestionis
555 682 730 721 editione
772 682 813 720 ΙΙ
854 682 934 721 206
975 682 1070 720 haec
1109 683 1239 720 metro
1278 681 1499 728 Eupolideo
1538 680 1776 722 Gaisfordus

206 740 524 779 accommodavit
555 736 649 791 φέρε
675 738 680 791 l
709 733 817 777 τοῦτ’
853 736 936 789 ἐμοὶ
967 737 1099 785 δεῖξον
1128 735 1357 779 τὸ,κανοῦν
1387 737 1507 788 δεῦρο
1536 735 1590 790 μὴ
1610 734 1778 792 μάχαιρ’

203 795 281 847 ἔνι,
314 797 515 837 sententia
548 797 583 835 ei
614 798 744 835 metro
775 796 940 835 minime
971 798 1078 846 apta.

1684 875 1709 896 O

972 917 1027 960 92

291 1000 331 1041 εἰ
359 999 443 1055 μὲν
473 996 530 1054 μή
565 1000 669 1041 λίαν
705 1033 712 1040 .
749 1031 758 1040 .
792 1031 801 1040 .
835 992 1032 1053 ὦνδρες,
1063 995 1381 1054 ἠναγκαζόμην

291 1067 480 1122 στρέψαι
511 1065 658 1122 δεῦρ’,
693 1064 776 1108 οὐκ
807 1064 866 1109 ἀν
898 1067 1102 1122 παρέβην
1134 1066 1197 1116 εἰς
1228 1067 1347 1118 λέξιν
1377 1065 1554 1109 τοιάνδ’
1587 1066 1722 1110 ἐπῶν.

318 1151 450 1190 Schol.
476 1150 682 1200 Aristoph.
704 1150 797 1189 Pac.
824 1151 903 1189 733
927 1152 968 1188 et
998 1149 1143 1189 Suidas
1164 1147 1410 1201 παράβασις·
1433 1148 1556 1200 δῆλον
1577 1146 1620 1188 δὲ
1641 1149 1780 1188 ποιοῦ-

205 1217 271 1246 σιν
301 1204 415 1246 αὐτοὶ
445 1207 486 1246 οἵ
511 1206 693 1257 ποιηταί,
725 1199 767 1245 τὸ
797 1204 1042 1258 στρέφεσθαι
1063 1205 1322 1257 σημαίνοντες
1344 1204 1412 1245 καὶ
1438 1203 1480 1245 τὸ
1502 1205 1781 1259 παραβαίνειν.

205 1260 378 1303 Πλάτων
409 1262 452 1302 ἐν
482 1269 535 1318 τῷ
574 1263 784 1318 Παιδαρίῳ
815 1266 897 1303 κτλ.
929 1260 1003 1315 μὲν
1034 1277 1111 1304 om.
1144 1263 1193 1302 V.
1227 1287 1278 1292 -
1311 1265 1494 1303 lacunam
1524 1277 1644 1315 quam
1674 1264 1777 1304 indi-

203 1323 310 1362 cavit
345 1322 565 1371 Bentleius,
607 1322 828 1361 Meinekius
868 1323 909 1360 et
938 1321 1137 1373 Bergkius
1170 1318 1230 1373 (II
1265 1320 1390 1372 1015)
1434 1321 1596 1372 explent
1624 1322 1778 1360 inserto

204 1375 285 1418 ὑπὸ
318 1375 450 1429 τοῦδ’,
481 1379 792 1429 Aristophanem
824 1379 901 1418 dici
932 1379 1021 1419 rati.
1068 1378 1118 1417 cf.
1149 1391 1249 1428 quae
1288 1378 1567 1418 adnotavimus
1609 1378 1660 1417 ad
1690 1378 1780 1417 Ari-

207 1437 337 1486 stoph.
370 1437 418 1475 fr.
452 1437 547 1474 612.
602 1436 798 1487 κρατερῶς
831 1435 970 1475 Cobet.
1003 1434 1101 1475 Obs.
1135 1436 1230 1474 crit>
1258 1437 1350 1484 110,
1383 1435 1490 1486 quod
1521 1436 1637 1475 initio
1667 1447 1779 1486 para-

205 1494 313 1532 basis
345 1515 396 1521 —
422 1493 462 1531 id
494 1494 625 1542 ipsum
657 1494 763 1532 enim
796 1506 882 1532 esse
903 1493 1121 1532 arbitratur
1149 1515 1192 1520 —
1217 1493 1397 1531 nondum
1418 1493 1629 1543 quisquam
1652 1492 1779 1532 nomi-

204 1551 292 1589 nari
322 1551 511 1600 potuerit.
561 1550 805 1588 Fritzschius
826 1550 892 1588 Fr.
914 1550 1018 1598 Eup.
1051 1563 1085 1589 v.
1107 1562 1259 1590 consor.
1296 1551 1345 1589 13
1368 1548 1404 1588 εἰ
1422 1543 1476 1600 μὴ
1496 1548 1601 1600 λίαν,
1621 1547 1779 1602 ἄνδρες,

205 1603 280 1657 ὑφ’
313 1604 430 1658 ὑμῶν
469 1603 824 1658 ἐπηναγκαζόμην,
864 1608 1023 1657 poetam
1062 1619 1150 1645 cum
1182 1607 1475 1656 spectatoribus
1506 1606 1780 1657 expostulasse

205 1677 383 1704 censens.
436 1664 486 1703 cf.
520 1664 568 1703 fr.
603 1665 657 1702 94

408 1830 561 1887 (ὅσπερ
593 1831 700 1881 τοὺς
732 1831 1026 1880 πουλύποδας
1056 1829 1390 1886 πρώτιστάσε·

320 1915 548 1954 Athenaeus
581 1916 618 1964 7,
651 1915 764 1954 3160
805 1911 979 1953 Πλάτων
1009 1912 1150 1952 Παιδί.
1199 1912 1357 1967 Παιδίῳ
1397 1913 1667 1953 casaubonus.
1705 1927 1772 1953 ne-

205 1986 282 2022 que
314 1973 361 2011 de
393 1973 593 2011 sententia
622 1985 751 2022 neque
782 1972 830 2010 de
862 1974 989 2010 metro
1029 1973 1198 2010 constat.
1249 1971 1446 2022 Bergkius
1485 1984 1604 2011 versu
1634 1971 1774 2021 Eupo-

202 2030 307 2068 lideo
341 2025 490 2080 ωσπερε
477 2027 509 2067 ὶ
539 2026 631 2075 τοὺς
662 2026 922 2094 πουλύποδας
953 2023 1166 2080 περιτρώγε
1150 2043 1212 2066 ειν
1240 2024 1440 2079 πρώτιστά
1461 2039 1516 2078 σε,
1547 2041 1666 2079 quem
1685 2041 1775 2068 ver-

204 2099 292 2125 sum
322 2089 488 2137 propter
519 2088 778 2136 anapaestum
808 2087 848 2124 in
871 2086 1035 2126 alterius
1056 2085 1183 2136 partis
1205 2085 1320 2124 initio
1341 2098 1423 2124 non
1443 2087 1550 2124 recte
1571 2086 1774 2136 vituperat

204 2143 443 2183 Fritzschius
494 2143 560 2182 Fr.
595 2143 695 2193 Eup.
727 2157 765 2183 v.
798 2156 949 2182 consor.
985 2143 1052 2182 14.

970 2254 1026 2295 94

320 2336 448 2376 Schol.
482 2337 687 2387 Aristoph.
719 2337 818 2375 Ran.
849 2337 930 2375 308
963 2333 1007 2374 ἐν
1037 2333 1123 2375 ἔθει
1152 2333 1227 2387 γὰρ
1257 2329 1360 2374 εἶναι
1391 2333 1655 2375 διασκώπτειν
1684 2333 1777 2383 τοὺς
1842 2384 1844 2386 v

205 2390 501 2445 ἀκροωμένους,
535 2390 589 2440 ὡς
619 2391 686 2432 καὶ
716 2390 891 2431 Πλάτων
928 2390 972 2431 ἐν
1003 2392 1213 2447 Παιδαρίῳ
1243 2395 1358 2434 ποιεῖ.
1401 2392 1638 2443 Παιδαρίοις
1669 2393 1776 2433 Flor-

203 2452 414 2490 Platonem
454 2464 536 2490 non
581 2452 713 2490 minus
759 2464 875 2500 quam
917 2450 1229 2500 Aristophanem
1272 2463 1389 2500 saepe
1436 2451 1556 2489 etiam
1593 2463 1660 2490 eos
1707 2450 1775 2501 qui

205 2511 431 2558 spectarent
468 2508 565 2547 iocis
595 2508 841 2547 lacessivisse
872 2507 981 2547 dicit.

830 2653 1150 2687 ΠΕΙΣΑΝΔΡΟΣ

319 2735 512 2774 Pisander
543 2736 576 2774 is
609 2737 690 2783 est,
721 2735 790 2784 qui
820 2735 1003 2784 populari
1034 2734 1201 2784 imperio
1232 2746 1368 2774 everso
1390 2733 1772 2785 quadringentorum

205 2792 518 2839 dominationem
550 2792 794 2831 instituerat.
842 2791 892 2830 cf.
933 2804 1033 2841 quae
1065 2791 1344 2830 adnotavimus
1375 2791 1425 2829 ad
1455 2791 1661 2842 Aristoph.
1691 2791 1770 2831 Av.

210 2851 329 2888 1556.
382 2848 589 2898 Hermipp.
624 2850 662 2888 9.
710 2848 854 2898 Eupol.
887 2849 952 2887 31.
988 2849 1081 2887 182.
1126 2848 1282 2887 Hanov.
1322 2848 1493 2887 Exercit.
1526 2849 1613 2888 crit.
1646 2850 1771 2899 803q.

1861 3112 1872 3224 *Am-..fl-
1862 2987 1872 3103 unsmsr-
1868 2961 1872 2978 .-
1869 2933 1872 2937 .
1870 2903 1872 2905 .
1866 2860 1872 2894 1-.
1868 2836 1872 2845 ,.
