1872 3224
208 179 292 222 268
333 159 342 163 ’
840 169 1144 205 ΕΤΠΟΛΙΔΟΣ

213 298 309 324 usus
340 285 436 323 erat.
466 281 662 320 mutatam
701 279 845 318 iterum
885 278 1014 315 actam
1055 287 1139 314 esse
1175 274 1351 313 testatur
1387 270 1528 312 Galen.
1558 271 1596 311 V
1624 284 1667 330 p.
1696 270 1811 317 3821

213 339 285 380 τὸν
315 336 500 388 δεύτερον
531 332 766 375 Αὐτόλυκον
803 328 1030 380 Εὐπόλιδος
1070 329 1170 383 ἔχεις
1202 327 1246 369 ἐκ
1273 328 1342 369 τοῦ
1369 326 1564 382 προτέρου
1584 327 1791 376 &cmv-

214 396 377 450 σμένον.,
422 397 471 435 cf.
504 395 605 434 Poll.
640 396 677 442 7,
711 393 806 432 202.
859 391 988 431 Schol.
1020 391 1124 431 Plat,
1156 390 1252 430 332.
1302 387 1510 438 Aristoph.
1547 386 1658 428 Nub.
1692 386 1790 435 lm,

217 456 372 495 Thesm.
406 455 499 492 941.
544 453 585 490 in
607 452 654 490 fr.
687 453 741 490 43
774 462 861 489 cum
895 449 1227 488 commemoretur
1247 444 1505 486 Aristarchus
1532 447 1696 496 praetor
1725 442 1791 488 01.
1836 455 1842 490 ;

213 515 277 560 92,
315 514 333 549 1
379 508 519 563 (Thuc.
553 510 599 560 8,
631 510 696 549 98.
748 508 846 546 Xen.
888 506 995 545 Hell.
1029 507 1065 552 2,
1099 506 1136 553 3,
1170 502 1267 554 46),
1307 502 1448 542 eodem
1487 503 1571 543 fere
1606 504 1790 555 temporo

212 569 455 619 Autolycum
477 567 640 605 alteram
663 568 791 606 actam
813 577 898 603 esse
921 563 1144 602 Meinekius
1166 560 1372 600 existimat
1391 560 1410 599 I
1434 561 1529 600 110.
1550 557 1807 603 lle-nes
1842 611 1844 617 y

211 629 382 666 ceterum
423 627 468 663 ut
506 623 728 673 Vesparum
768 621 980 671 pacisque,
1019 622 1076 660 ita
1112 618 1307 669 Autolyci
1344 620 1388 657 et
1426 617 1646 669 Baptarum
1674 628 1792 669 para*

211 685 325 722 bases
357 682 674 722 adversariorum
703 682 845 731 poetae
876 677 1223 718 criminationibus
1253 675 1425 715 refertae
1448 676 1575 716 erant.
1606 674 1657 715 οἱ.
1678 685 1792 726 pno-

212 744 274 779 ter
303 739 546 778 Meinekium
585 738 731 789 Bergk.
765 737 811 776 R.
846 749 878 776 c.
910 735 997 775 Att.
1032 736 1114 775 342
1127 748 1189 785 sq.
1232 732 1373 773 Cobet.
1415 731 1511 773 obs.
1543 732 1633 774 crit.
1665 731 1791 784 84η.

219 797 500 836 WilamowitZ.
533 794 629 836 Obs.
662 796 749 835 crit.
781 795 903 845 42sq.
1718 793 1720 797 '

971 906 1028 949 42

417 988 595 1030 οἰκοῦσι
627 985 669 1029 δ’
705 985 861 1030 ἐνθάδ’
900 987 951 1030 ἐν
982 983 1133 1041 τρισὶν
1164 983 1403 1037 καλιδίοις,

415 1054 563 1111 οἴκημ’
598 1058 713 1111 ἔχων
743 1055 943 1107 ἕκαστος.

330 1141 473 1179 Pollux
508 1141 571 1188 10,
597 1141 672 1178 161
706 1137 785 1190 ἤδη
817 1138 861 1178 δὲ
892 1136 959 1177 καὶ
992 1135 1061 1177 τὸν
1091 1134 1191 1189 πρὸς
1223 1134 1396 1188 οἰκήσεις
1428 1133 1659 1188 ἐπιτήδειον
1685 1131 1792 1175 οὕτω

171 1220 174 1222 v
216 1195 392 1251 (καλιάν)
423 1194 618 1249 λέγουσιν,
650 1192 704 1243 ὠς
843 1194 886 1235 ἐν
919 1192 1148 1242 Εὐπόλιδος
1183 1190 1403 1248 Αὐτολύκῳ
1433 1194 1516 1233 κτλ.
1549 1193 1645 1233 ‘tria
1671 1194 1792 1245 tugu-

212 1256 271 1294 ria
299 1255 430 1295 nescio
461 1255 550 1305 quis
573 1257 779 1303 monstrat,
813 1255 883 1294 ubi
903 1255 1027 1306 Lyco,
1051 1253 1218 1301 Rhodia,
1242 1252 1469 1304 Autolycus
1489 1251 1644 1299 vivunt,
1673 1262 1794 1291 sumn

211 1314 371 1362 quisque
407 1313 553 1352 habens
590 1312 791 1361 lupanar?
837 1312 1065 1352 Wilamow.
1100 1311 1167 1350 50.
1207 1309 1343 1350 Herm.
1384 1308 1465 1348 vn
1499 1309 1579 1348 146
1617 1307 1711 1349 adn.
1750 1308 1791 1349 6.

212 1370 356 1411 Athen.
394 1371 438 1418 5,
472 1370 586 1408 22Οᾶ
621 1364 905 1421 Ἀρχεστράτου
946 1400 953 1407 .
988 1403 995 1411 ,
1032 1399 1040 1407 .
1079 1372 1150 1407 τοῦ
1186 1363 1446 1418 παραπλήσια
1485 1367 1572 1413 ταῖς
1610 1362 1675 1406 ἐπὶ
1711 1367 1794 1419 τῷν

211 1426 392 1478 μικρῶν
431 1423 710 1477 οἰκημάτων
747 1424 1019 1479 ἐργαζομένου.
1060 1428 1199 1466 contra
1238 1425 1338 1464 Xen.
1372 1424 1512 1475 Symp.
1546 1424 1586 1474 1,
1617 1423 1644 1464 8
1673 1421 1790 1475 βαθμ

211 1482 322 1522 λικόν
352 1497 388 1522 τι
418 1482 459 1521 τὸ
489 1481 653 1530 κάλλος.
684 1482 813 1531 ἄλλως
844 1498 883 1523 τε
914 1482 981 1523 καὶ
1015 1480 1069 1535 ἢν
1105 1478 1208 1534 μετ’
1239 1480 1431 1528 ,αἰδοῦς
1470 1478 1552 1520 καὶ
1592 1491 1791 1532 σωφρο·
1864 1521 1872 1523 ,

214 1539 389 1592 σύνης,
419 1539 605 1590 καθάπερ
638 1535 927 1589 Αὐτόλυκος
960 1540 1067 1591 τότε,
1099 1538 1286 1592 κεκτῆταί
1313 1553 1370 1587 τις
1401 1534 1514 1578 αὐτό.
1770 1559 1772 1561 >

980 1654 1036 1696 43

423 1732 508 1788 ἤδη
538 1731 625 1789 γὰρ
654 1731 945 1789 Ἀρίσταρχον
977 1730 1308 1803 στρατηγοῦντ’
1342 1730 1555 1787 ἄχθομαι.

329 1816 458 1855 Schol.
491 1816 593 1856 Vict.
625 1817 742 1856 Hom.
775 1817 823 1855 Il.
850 1818 921 1867 13,
953 1818 1035 1856 353
1071 1813 1227 1868 Τρωσὶν
1257 1812 1561 1866 δαμναμένους·
1592 1811 1719 1854 λείπει
1749 1809 1793 1853 τὸ

215 1868 333 1923 ὁρῶν.
365 1870 444 1910 ἔστι
474 1869 517 1911 δὲ
547 1871 589 1912 τὸ
620 1878 689 1924 τῆς
721 1869 901 1924 φράσεως
931 1869 1110 1926 ἀρχαῖον.
1146 1870 1324 1920 Εὔπολις
1357 1869 1402 1911 ἐν
1433 1868 1688 1919 Αὐτολύκοις
1709 1872 1792 1911 κτλ.

217 1931 264 1968 cf.
298 1929 448 1969 Cratin.
486 1933 576 1970 158.
610 1932 707 1970 Xen.
741 1932 852 1982 Reip.
885 1932 979 1974 Ath.
1012 1933 1049 1977 2,
1087 1932 1136 1970 18
1168 1926 1265 1969 οὐδὲ
1296 1921 1389 1976 τούς
1411 1928 1617 1976 τοιούτους
1636 1926 1792 1980 ἄχθον-

218 2001 279 2024 ται
309 1985 659 2040 κωμῳδουμένους.
698 1988 954 2029 Aristarchus
991 2001 1095 2028 unus
1135 2001 1181 2027 ex
1212 1987 1524 2038 quadringentis
1557 1985 1619 2027 Ol.
1653 1987 1721 2031 92,
1755 1986 1794 2038 2,

217 2045 355 2095 populi
371 2045 537 2094 imperio
555 2045 853 2085 inimicissimus
871 2046 1011 2095 (Thuc.
1031 2047 1070 2094 8,
1093 2046 1162 2085 90.
1186 2041 1281 2098 92),
1303 2045 1344 2084 in
1366 2045 1560 2084 Eetionea
1579 2043 1795 2083 munienda

218 2101 267 2139 ad
306 2101 554 2152 excipiendos
594 2103 930 2143 Lacedaemonios
977 2103 1194 2143 acerrimus
1238 2100 1359 2153 (Xon.
1401 2101 1507 2142 Hell.
1547 2102 1586 2150 2,
1630 2101 1669 2148 3,
1701 2096 1790 2154 46),

218 2171 354 2198 eversa
384 2159 768 2210 quadringentorum
789 2160 1065 2200 dominatione
1083 2159 1246 2200 Oenoen
1268 2159 1429 2199 Boeotis
1450 2158 1630 2210 prodidit
1651 2157 1792 2210 (Thun.

219 2216 270 2265 8,v
291 2216 358 2254 98.
391 2216 594 2266 Aristoph.
628 2217 674 2255 fr.
710 2219 806 2257 550,
833 2214 889 2270 1).
929 2219 1064 2257 tamen
1101 2219 1241 2268 postea
1270 2217 1313 2256 in
1347 2216 1552 2255 civitatem
1582 2215 1794 2255 restitutus

1766 1719 1771 1757 ἒ

220 2275 290 2320 est,
324 2273 356 2311 si
387 2275 492 2311 recte
524 2274 721 2324 Bergkius
760 2275 806 2313 R.
839 2287 870 2316 c.
900 2275 987 2316 Att.
1022 2275 1105 2314 344
1143 2274 1435 2324 interpretatur
1471 2272 1571 2312 Xen.
1611 2271 1720 2311 Hell.
1755 2272 1792 2320 1,
1869 2320 1872 2323 v

221 2330 257 2375 7,
291 2330 343 2368 29
375 2330 476 2368 conl.
509 2343 596 2369 cum
628 2331 793 2370 Memor.
827 2332 867 2380 2,
901 2333 938 2380 7,
971 2333 1008 2373 2.
1047 2331 1096 2370 ad
1128 2331 1295 2370 alteram
1325 2330 1486 2370 fabulae
1515 2329 1792 2369 recensionem

219 2386 339 2425 refert
369 2387 540 2425 Meinek.

981 2465 1039 2507 44

424 2541 492 2585 ὅτι
523 2544 575 2585 τὰ
606 2547 791 2601 πατρῷα
823 2545 936 2600 πρὸς
966 2543 1015 2588 σὲ
1047 2543 1402 2598 καταδιέφθορα.

337 2625 505 2666 Zonaras
535 2624 770 2679 διέφθορεν·
803 2620 849 2666 οὗ
872 2625 914 2666 τὸ
937 2624 1182 2678 διέφθαρται
1201 2625 1319 2675 δηλοῖ
1335 2622 1442 2677 παρὰ
1461 2621 1666 2672 Ἀττικοῖς,
1696 2617 1794 2664 ἀλλὰ

224 2678 265 2718 τὸ
296 2678 556 2734 διέφθαρκεν.
608 2682 785 2732 Εὔπολις
827 2719 835 2728 ,
869 2718 877 2726 ,
912 2715 919 2722 .
960 2682 1005 2722 ἐν
1034 2680 1253 2737 Αὐτολύκῳ
1290 2684 1372 2721 κτλ,
1425 2682 1565 2722 Schol.-
1586 2682 1793 2733 Aristoph.

223 2738 329 2779 Nub.
365 2740 442 2777 109
474 2742 514 2777 et
545 2741 687 2780 Suidas
719 2739 951 2794 Λεωγόρας,
981 2736 1177 2793 τρυφερός
1207 2755 1288 2789 τις,
1327 2735 1348 2778 ὁ
1376 2735 1613 2778 Ἀνδοκίδου
1642 2736 1794 2791 πατήρ·

225 2825 233 2834 .
266 2823 274 2832 .
309 2826 315 2834 .
350 2793 526 2842 Εὔπολις
558 2795 600 2835 ἐν
631 2794 852 2851 Αὐτολύκῳ
882 2796 921 2849 β’
952 2794 1015 2851 (β’
1047 2811 1126 2837 om.
1159 2795 1293 2848 Suid.)
1333 2791 1389 2843 ὥς
1426 2793 1495 2834 καὶ
1531 2793 1598 2834 διὰ
1630 2794 1794 2848 Μυρρί-

225 2865 302 2890 ναν
333 2848 493 2903 ἑταίραν
523 2851 568 2891 τὰ
600 2853 779 2906 χρήματα
807 2850 1059 2907 ἆποβέβληκέ
1088 2863 1228 2905 φησιν.
1267 2854 1301 2893 si
1337 2855 1445 2893 recte
1483 2853 1579 2892 haec
1609 2854 1656 2892 ut
1686 2852 1796 2894 vide-
