1872 3224
785 193 980 228 ΠοΛΕιΣ
1591 200 1671 243 317

771 328 775 333 .
847 295 932 339 213

303 371 382 416 καὶ
411 374 475 430 τῷ
505 374 838 430 Πυριλάμπους
868 370 956 432 ἆρα
987 377 1128 437 Δήμςο
1158 380 1330 437 κυψέλη

302 442 503 494 ἔνεστιν;

34 556 72 582 Ξ,
140 521 146 526 ”
211 524 348 566 Schol.
379 526 589 578 Aristoph.
621 527 743 580 Vesp.
778 531 830 570 98
870 526 940 568 τὸν
970 530 1281 602 Πυριλάμπους·
1310 531 1504 586 μέμνηται
1533 530 1673 575 τούτου

41 597 54 633 ᾗ
93 579 164 623 καὶ
195 581 378 631 Εὔπολις
417 580 461 623 ἐν
491 582 670 624 Πόλεσιν
701 615 711 626 .
742 616 750 624 .
782 583 876 638 ,ἠν
914 584 958 626 δὲ
994 586 1061 627 καὶ
1099 587 1298 641 εὔμορφος
1330 587 1350 630 ὁ
1385 594 1534 644 Δῆμος.
1594 587 1673 646 ἆρα

41 639 69 697 2„
97 637 222 696 Δήμῳ
250 638 442 697 Meinek.]
476 640 602 697 Δήμῳ
631 658 724 696 αρα.
756 645 805 684 de
835 645 960 686 Demo
996 646 1238 698 Pyrilampis
1277 649 1304 688 f.
1337 649 1521 693 cf.P1at.
1554 650 1673 703 Gorg.

92 699 222 749 4810.
254 700 389 740 513b.
427 700 524 751 Lys.
559 703 626 752 19,
659 702 726 744 25.
759 704 797 744 6.
857 706 898 743 et
929 704 1043 754 plura
1072 706 1179 755 apud
1209 706 1381 746 Boeckh.
1414 706 1560 758 Opuse.
1590 708 1673 748 IIII

14 756 50 771 ⁵
91 758 177 799 468
207 757 303 800 adn.
341 759 379 800 3.
411 755 598 810 κυψέλην
629 757 682 799 ἐν
711 763 813 808 τοῖς
842 757 966 801 ὠσὶν
996 759 1098 813 ἔχειν
1126 764 1383 813 proverbium
1413 767 1500 804 erat
1530 766 1577 805 de
1607 766 1673 805 ho·

34 851 37 854 .
91 815 272 857 minibus
303 816 490 867 stupidis.
524 816 689 857 Lucian.
721 818 888 870 Lexiph.
932 822 951 858 1
994 818 1278 872 κυψελόβυστα
1317 818 1445 869 ἔοικας
1487 820 1591 873 ἐχειν
1627 817 1673 861 τὰ

22 874 37 906 ·ἶ
92 865 176 912 ὦτα
209 903 218 913 .
241 904 249 913 .
273 902 285 912 .
317 870 447 927 ἔμοιγε
477 871 570 914 ου’τε
600 873 794 925 Κύψελός
825 890 883 924 τις
914 874 1004 916 οὔτε
1028 877 1276 930 Περίανδρος
1298 876 1342 918 ἐν
1362 882 1442 926 τοῖς
1472 875 1546 918 ὠσὶ
1575 878 1675 919 καθ·

22 953 26 957 »
91 945 198 983 ηται.
237 931 384 971 Pollux
423 933 468 982 2,
508 933 562 972 82
604 931 676 986 (cf.
709 932 874 987 4,185)
907 931 1064 986 κυψέλη
1095 933 1161 974 καὶ
1190 934 1359 986 κυψελὶς
1392 933 1412 975 ὁ
1444 934 1675 989 έμφράττων

91 986 168 1041 τὴν
210 981 340 1041 ακοὴν
382 987 533 1042 ῥύπος,
581 992 689 1042 quod
732 992 902 1044 figurate
949 994 1265 1044 intellegendum
1311 996 1384 1034 est.
1460 995 1509 1034 cf.
1555 996 1673 1034 etiam

23 1095 42 1111 .-
91 1047 267 1146 Lobceck.
298 1047 452 1100 Phryn.
476 1050 572 1089 767.
604 1050 741 1100 itaque
763 1064 799 1092 v.
822 1051 846 1089 2
868 1051 1093 1090 addendum
1123 1051 1283 1091 videtur
1311 1048 1463 1091 ἔνεστιν
1493 1049 1544 1090 ἐν
1572 1055 1674 1099 τοῖς

27 1123 30 1124 ’
84 1114 160 1144 'wo'
195 1120 221 1144 ν

851 1197 937 1239 214

305 1273 503 1332 ὄρτυγας
533 1277 734 1332 ἔθρεψας
764 1275 823 1320 σύ
852 1293 979 1328 τινας
1007 1274 1091 1334 ἤδη
1123 1276 1324 1328 πώποτε,;

292 1347 353 1388 Β.
388 1346 531 1401 ἔγωγε
561 1345 700 1402 μικροί
729 1343 775 1401 γ’
809 1343 1018 1402 ὀρτύγια·
1050 1345 1242 1389 κᾶπειτα
1271 1348 1337 1398 τί,

0 1500 10 1518 τ
0 1460 7 1467 2
0 1389 10 1439 *a*
0 1364 5 1368 ,
0 1094 18 1340 -n-w-v-oung
4 969 22 1065 ''5¹:-

210 1429 443 1470 Athenaeus
467 1431 514 1479 9,
548 1430 661 1470 3920
693 1426 1006 1491 ὑπεκοριστικῶς
1037 1426 1081 1469 δὲ
1111 1427 1290 1478 Εύπολις
1323 1427 1367 1469 ἐν
1399 1427 1571 1470 Πόλεσιν
1599 1426 1674 1470 αὖ·

93 1483 188 1534 τοὺς
217 1484 441 1557 (ὄρτυγας)
463 1484 658 1538 κέκληκεν
697 1484 859 1540 ὀρτυγια
897 1489 978 1527 κτλ.
1011 1485 1191 1540 ἔθρεψας
1232 1486 1473 1541 Schweigh.]
1514 1485 1674 1541 θρέψας

11 1551 14 1554 ’
93 1544 217 1584 PVL.
247 1558 369 1598 μικρα
399 1541 464 1598 γ’]
497 1541 606 1598 μίκρ’
639 1542 726 1584 α’ττ’
759 1546 928 1586 Porson.
960 1546 1127 1588 Miscell.
1159 1546 1253 1586 240.
1304 1546 1400 1585 haec
1429 1558 1587 1596 quoque
1618 1546 1674 1586 vi-

94 1603 243 1643 dentur
273 1603 324 1642 ad
353 1603 527 1654 Demum
558 1605 760 1654 spectare,
793 1617 912 1654 quem
951 1604 1079 1654 patris
1110 1603 1293 1654 exemplo
1335 1604 1469 1643 avium
1508 1604 1674 1642 altorem

91 1660 216 1701 fuisse
247 1663 425 1701 constat.
460 1662 510 1701 of.
545 1662 612 1701 36.
646 1662 741 1701 213.

851 1773 937 1816 215

302 1851 457 1910 ὥσπερ
491 1851 565 1896 ἐπὶ
595 1850 679 1909 τὴν
711 1852 930 1903 Λύκωνος
961 1853 1083 1909 ἔρρει
1115 1851 1199 1902 πᾶς
1228 1849 1358 1907 ἁνήρ.

210 1937 344 1977 Schol.
377 1937 583 1988 Aristoph.
614 1937 709 2006 L'ys.
743 1938 827 1976 270
856 1933 929 1987 τὴν
953 1931 1109 1974 Ῥοδίαν
1139 1932 1241 1987 λέγει
1270 1931 1374 1973 οὕτω
1412 1930 1673 1984 καλουμένην,

94 1992 170 2047 τὴν
190 1990 429 2034 Αὐτολύκου
458 1990 534 2046 μὲν
562 1991 725 2046 μητέρα,
756 1996 931 2046 γυναῖκα
962 1990 1007 2031 δὲ
1036 1991 1249 2058 Λύκωνος,
1283 1988 1346 2030 ἐπ’
1386 1990 1562 2043 αἰσχροῖς
1599 2004 1675 2029 κω-

93 2048 372 2120 μῳδουμένην.
433 2049 614 2098 Εὔπολις
664 2049 836 2090 Πόλεσιν
883 2053 963 2090 κτλ.
1025 2043 1098 2101 τὴν
1138 2063 1216 2090 om.
1254 2049 1415 2089 Baroco
1455 2046 1556 2101 ἔρρει
1594 2048 1673 2087 Ba-

92 2092 213 2163 rocc.]
247 2106 441 2162 συνέρρει.
473 2109 525 2149 cf.
559 2110 626 2149 53.
661 2109 757 2149 273.
790 2108 941 2148 Cratin.
975 2109 1069 2150 202.

851 2220 936 2262 216

305 2299 355 2353 ὃς
384 2300 471 2358 τὴν
501 2303 765 2358 Μαραθῶνι
796 2297 1004 2356 κατέλιφ’
1037 2296 1146 2355 ἡμῖν
1178 2296 1353 2341 οὐσίαν.

209 2387 378 2427 Photius
408 2381 569 2425 οὐσίαν·
603 2399 651 2424 τα
682 2381 881 2437 χρήματα,
912 2380 967 2431 ὡς
997 2379 1125 2435 ημεῖς.
1168 2379 1345 2428 Εὔπολις
1386 2377 1563 2420 Πόλεσιν
1592 2380 1672 2417 κτλ.

95 2441 170 2496 τὴν
201 2467 256 2472 -
291 2439 474 2494 κατέλιφ’
514 2441 703 2495 Porson.]
744 2440 817 2493 τὴν
857 2439 901 2480 ἐν
938 2463 994 2470 -
1033 2437 1254 2479 κατέλιπεν.
1314 2438 1536 2478 Miltiadem
1578 2436 1676 2474 dicit

79 2502 411 2542 'Assheniensibus
455 2502 663 2542 vicfioriam
709 2500 1002 2539 Marathoniam
1038 2511 1109 2548 pro
1146 2510 1291 2548 magna
1325 2495 1546 2534 hereditate
1582 2492 1672 2533 reli-

92 2560 241 2610 quisse.
273 2555 420 2598 ούσίαν
450 2559 703 2600 aecusativus
732 2560 796 2597 est
824 2557 1116 2608 praedicativus
1153 2555 1222 2605 qui
1258 2553 1416 2593 dicitur.
1478 2551 1529 2590 cf.
1565 2549 1667 2600 Nep.

97 2617 287 2668 Epamin.
322 2619 388 2658 10.

855 2726 937 2768 217

306 2810 356 2852 τί
381 2806 423 2851 δ’
459 2803 552 2851 ἔστ’
584 2806 864 2863 Ἀθηναίοισι
897 2800 1067 2860 πρᾶγμ’
1102 2799 1364 2856 ἀπώμοτον;

214 2893 386 2932 Bekker.
417 2892 569 2932 Anecd.
601 2892 697 2939 441,
733 2891 784 2928 14
815 2891 856 2929 et
887 2888 1030 2927 Suidas
1067 2880 1296 2936 ἀπώμοτον·
1337 2878 1675 2935 ἀπηγορευμένον,
