1872 3224
230 190 311 233 746
631 243 633 245 ι
856 190 1183 225 ΘΕοΠοΜΠοΤ

229 309 332 346 mus,
367 295 564 346 Bergkius
596 296 725 345 Epist.
768 295 950 334 Schiller.
987 296 1081 334 137.
1133 297 1226 335 ante
1258 295 1478 347 Bergkium
1508 293 1640 347 ὤνητο
1663 319 1711 325 -
1734 295 1806 336 τοῦ

228 350 357 403 θηρός
371 375 419 380 -
435 349 551 399 σάξαι
565 350 752 405 κνεφοίλῳ
775 350 1004 404 (γναφάλωι
1017 350 1079 403 Ο).
1109 352 1299 392 videntur
1319 365 1458 393 versus
1475 366 1560 393 esse
1575 353 1804 394 Anacreon-

229 411 284 448 tei
321 406 460 448 ὠνεῖτο
490 405 622 460 θέρμα
652 407 782 461 θηρός
809 410 815 461 Ι
844 437 854 448 .
887 439 896 447 .
928 439 936 448 .
966 408 971 462 Ι
1004 406 1143 461 ροἱψας
1175 406 1269 449 ὅλον
1297 405 1534 460 κνεφάλλων
1559 411 1566 462 Ι
1592 407 1745 460 ἕσαξεν.

965 541 970 546 ·
993 520 1049 563 46

433 576 614 633 σπηλάδ
618 592 689 619 ιον

179 701 181 703 ,
346 658 580 711 Θεόπομπος
629 658 674 699 ἐν
717 657 991 700 Πανταλέοντι
1034 658 1208 713 εἴρηκεν.
1259 661 1400 701 Pollux
1440 663 1594 710 9,16.
1656 662 1802 704 Eusta-

226 718 333 757 thius
366 719 487 766 1552,
511 720 561 757 31
594 715 655 756 ὅτι
675 716 719 757 δὲ
739 715 873 770 ω’σπερ
894 717 1094 770 σπηλαίου
1117 716 1184 757 καὶ
1204 717 1528 786 προσκεφαλαίου
1549 717 1617 758 καὶ
1637 718 1802 771 τυχαίου

227 770 513 827 ὑποκοριστικᾶ
550 771 773 826 σπηλάδιον
807 771 1155 828 προσκεφαλάδιον
1186 771 1397 827 τυχάδιον,
1437 790 1542 815 ουτω
1573 774 1640 816 καὶ
1669 773 1803 816 ἐλαίου

229 829 411 881 ἐλαδιον,
450 831 643 883 δηλοῦσιν
682 832 723 872 οἵ
755 834 937 884 τεχνικοί.
988 833 1037 874 cf.
1070 833 1249 886 Etymol.
1280 847 1334 873 m.
1367 834 1451 874 240
1480 834 1534 874 in.
1583 834 1801 875 Herodian.

228 889 267 928 II
297 890 393 939 488,
430 891 492 932 12.
524 891 618 939 583,
654 891 720 930 11.

873 1003 1164 1038 ΠΗΝΕΛΟΠΗ

344 1085 593 1135 Quamquam
624 1085 674 1125 de
704 1087 942 1136 argumento
979 1098 1062 1126 non
1099 1088 1259 1126 constat
1289 1082 1483 1139 (Meinek.
1513 1086 1533 1125 I
1564 1085 1686 1138 241),
1726 1087 1804 1126 fra·

229 1144 396 1192 gmenta
425 1155 507 1181 non
536 1144 672 1193 inepte
693 1143 742 1182 ad
767 1155 980 1194 procorum
1011 1143 1267 1184 insolentiam
1287 1145 1329 1183 et
1353 1145 1448 1183 vota
1467 1157 1492 1182 a
1510 1143 1712 1195 Penelope
1731 1157 1804 1196 pro

229 1199 359 1239 Ulixis
390 1200 523 1239 reditu
554 1202 746 1251 concepta
775 1201 1022 1240 referuntur.

996 1311 1049 1354 47

912 1392 993 1434 καί
1019 1401 1069 1434 σε
1101 1393 1156 1448 τῇ
1187 1393 1414 1448 νουμηνίᾳ

435 1457 730 1514 ἅγαλματιόις
759 1459 1020 1516 ἀγαλοῦμεν
1050 1458 1120 1503 αεὶ
1150 1460 1226 1502 καὶ
1257 1459 1424 1516 ὃαφνῃ.

341 1543 512 1582 Bekker.
543 1543 696 1583 Anecd.
729 1545 824 1592 328,
858 1545 910 1583 28
954 1540 1188 1595 Θεόπομπος
1228 1541 1445 1597 Πηνελόπῃ
1483 1544 1564 1582 κτλ.
1615 1543 1701 1584 cod.
1733 1556 1804 1582 του
1840 1591 1842 1593 ‚

229 1598 426 1651 νουμηνία
456 1604 497 1639 et
526 1596 747 1654 πηνελόπῳ.
799 1602 930 1651 prima
967 1601 1064 1640 luna
1093 1601 1361 1641 Athenienses
1402 1601 1445 1639 in
1475 1613 1607 1639 arcem
1637 1600 1802 1640 adscen-
1863 1599 1866 1602 ’

228 1658 321 1696 dere
351 1670 573 1707 precesque
596 1658 727 1697 faeere
757 1658 954 1698 solebant.
986 1658 1197 1708 Aristoph.
1229 1658 1324 1698 Pae.
1349 1659 1430 1698 396
1442 1671 1501 1708 sq.
1540 1657 1800 1698 Schoemann.

228 1715 323 1754 Ant.
355 1713 436 1765 gr.²
466 1714 507 1753 Π
537 1715 619 1752 422
634 1728 673 1754 n.
699 1716 736 1754 3.
771 1715 888 1755 deum
919 1715 1095 1766 aliquem
1124 1715 1257 1755 neseio
1291 1715 1380 1766 quis
1412 1714 1655 1766 adloquitur.

993 1837 1049 1880 48

435 1914 510 1959 καὶ
541 1915 624 1973 τὴν
656 1915 785 1972 ἱερὰν
815 1916 1099 1974 σφάττουσιν
1129 1914 1259 1974 ἡμῶν
1289 1916 1510 1973 δέλφακα.

341 2000 572 2040 Athenaeus
615 2001 687 2049 14,
721 2002 836 2039 6573.
870 1999 1062 2051 θηλυκῶς
1099 1997 1192 2052 (τὴν
1220 1997 1419 2052 δέλφακα)
1452 2029 1462 2040 .
1486 2031 1495 2041 .
1518 2028 1530 2040 .
1566 1997 1802 2051 Θεόπομπος

230 2055 449 2111 Πηνελόπῃ
479 2059 561 2099 κτλ.
622 2053 867 2108 σφάττουσιν
902 2054 1021 2109 ἡμῶν
1057 2054 1210 2098 Iacobs.
1243 2057 1382 2097 Addit.
1414 2057 1511 2097 Ath.
1546 2056 1648 2110 344]
1686 2053 1802 2110 ἡμῶν

229 2113 474 2164 σφάττουσιν
503 2115 554 2154 Α.
602 2127 814 2165 procorum
845 2111 1007 2168 ἀσέβεια
1037 2115 1206 2157 indicari
1238 2114 1412 2156 videtur.

992 2237 1049 2280 49

343 2321 573 2360 Athenaeus
604 2321 791 2369 4‚183e
820 2318 1063 2372 μνημονεύει
1094 2316 1138 2360 δὲ
1169 2324 1240 2359 τοῦ
1270 2333 1410 2372 τριγα
1428 2333 1517 2359 νου
1548 2314 1688 2359 τούτου
1721 2348 1731 2358 .
1757 2348 1766 2358 .
1789 2349 1798 2360 .

233 2370 469 2428 Θεότὲομπος
501 2375 545 2416 ἐν
577 2376 807 2432 Πηνελόπῃ.
849 2378 899 2418 ef.
932 2377 1116 2418 Pherecr.
1148 2378 1215 2416 42.

893 2524 1146 2559 ΣΕῙΡΗΝΕΣ

345 2606 517 2646 Meinek.
547 2607 568 2646 Ι
589 2608 685 2647 242.
717 2610 858 2647 cantus
890 2607 1043 2647 Sirenis
1073 2605 1239 2646 alicuius
1270 2605 1435 2644 inrideri
1463 2605 1624 2645 videtur
1644 2591 1703 2645 ‘fn
1730 2606 1799 2645 50.

991 2716 1050 2760 50

912 2793 1044 2839 αὐλεῖ
1069 2794 1155 2851 γὰρ
1186 2796 1338 2851 σαπρα

435 2863 550 2921 αὕτη
581 2881 632 2920 γε
663 2863 896 2922 κρούμαθ’
928 2858 1002 2908 οἷα
1032 2862 1139 2907 τάπὶ
1169 2863 1428 2921 Χαριξένης.
