<?xml version="1.0" encoding="UTF-8"?>
<!DOCTYPE html PUBLIC "-//W3C//DTD XHTML 1.0 Transitional//EN"
    "http://www.w3.org/TR/xhtml1/DTD/xhtml1-transitional.dtd">
<html xmlns="http://www.w3.org/1999/xhtml" xml:lang="en" lang="en">
 <head>
  <title>
</title>
<meta http-equiv="Content-Type" content="text/html;charset=utf-8" />
  <meta name='ocr-system' content='tesseract 3.04.00' />
  <meta name='ocr-capabilities' content='ocr_page ocr_carea ocr_par ocr_line ocrx_word'/>
</head>
<body>
  <div class='ocr_page' id='page_1' title='image "./comicorumatticor01kockuoft_0083.png"; bbox 0 0 1872 3224; ppageno 0'>
   <div class='ocr_carea' id='block_1_1' title="bbox 844 252 1720 298">
    <p class='ocr_par' dir='ltr' id='par_1_1' title="bbox 844 252 1720 298">
     <span class='ocr_line' id='line_1_1' title="bbox 844 252 1720 298; baseline 0.014 -12"><span class='ocrx_word' id='word_1_1' title='bbox 844 252 1003 288; x_wconf 83' lang='lat' dir='ltr'>NOMOI</span> <span class='ocrx_word' id='word_1_2' title='bbox 1665 256 1720 298; x_wconf 83' lang='lat'>53</span> 
     </span>
    </p>
   </div>
   <div class='ocr_carea' id='block_1_2' title="bbox 888 390 968 433">
    <p class='ocr_par' dir='ltr' id='par_1_2' title="bbox 888 390 968 433">
     <span class='ocr_line' id='line_1_2' title="bbox 888 390 968 433; baseline 0.013 -1"><span class='ocrx_word' id='word_1_3' title='bbox 888 390 968 433; x_wconf 92' lang='lat'>126</span> 
     </span>
    </p>
   </div>
   <div class='ocr_carea' id='block_1_3' title="bbox 122 462 1716 530">
    <p class='ocr_par' dir='ltr' id='par_1_3' title="bbox 122 462 1716 530">
     <span class='ocr_line' id='line_1_3' title="bbox 122 462 1716 530; baseline 0.004 -19"><span class='ocrx_word' id='word_1_4' title='bbox 122 462 155 526; x_wconf 80' lang='grc' dir='ltr'><em>ἦ</em></span> <span class='ocrx_word' id='word_1_5' title='bbox 185 469 439 526; x_wconf 83' lang='grc' dir='ltr'><em>πρεσβῦται</em></span> <span class='ocrx_word' id='word_1_6' title='bbox 469 468 593 511; x_wconf 84' lang='grc' dir='ltr'><em>πάνυ</em></span> <span class='ocrx_word' id='word_1_7' title='bbox 631 470 846 526; x_wconf 79' lang='grc' dir='ltr'><em>γηραλέοι</em></span> <span class='ocrx_word' id='word_1_8' title='bbox 886 470 1187 528; x_wconf 79' lang='grc' dir='ltr'><em>σκήπτροισιν</em></span> <span class='ocrx_word' id='word_1_9' title='bbox 1224 469 1402 516; x_wconf 79' lang='grc' dir='ltr'><em>ἄκασκα</em></span> <span class='ocrx_word' id='word_1_10' title='bbox 1440 475 1716 530; x_wconf 77' lang='grc' dir='ltr'><em>προβεόντες.</em></span> 
     </span>
    </p>
   </div>
   <div class='ocr_carea' id='block_1_4' title="bbox 101 552 1718 1190">
    <p class='ocr_par' dir='ltr' id='par_1_4' title="bbox 101 552 1718 1190">
     <span class='ocr_line' id='line_1_4' title="bbox 238 552 1718 611; baseline 0.003 -19"><span class='ocrx_word' id='word_1_11' title='bbox 238 553 411 593; x_wconf 83' lang='lat' dir='ltr'>Bekker.</span> <span class='ocrx_word' id='word_1_12' title='bbox 445 552 729 603; x_wconf 84' lang='lat' dir='ltr'>Anecd.371‚</span> <span class='ocrx_word' id='word_1_13' title='bbox 764 556 783 592; x_wconf 96' lang='lat'>1</span> <span class='ocrx_word' id='word_1_14' title='bbox 818 552 996 594; x_wconf 76' lang='grc' dir='ltr'><em>ἄκασκα·</em></span> <span class='ocrx_word' id='word_1_15' title='bbox 1027 553 1175 608; x_wconf 75' lang='grc' dir='ltr'><em>ἥσυχα,</em></span> <span class='ocrx_word' id='word_1_16' title='bbox 1205 554 1370 609; x_wconf 87' lang='grc' dir='ltr'><em>βραδέα.</em></span> <span class='ocrx_word' id='word_1_17' title='bbox 1403 558 1601 611; x_wconf 86' lang='grc' dir='ltr'><em>Κρατῖνος</em></span> <span class='ocrx_word' id='word_1_18' title='bbox 1633 556 1718 598; x_wconf 82' lang='grc' dir='ltr'>Νό-</span> 
     </span>
     <span class='ocr_line' id='line_1_5' title="bbox 122 609 1715 666; baseline 0.003 -16"><span class='ocrx_word' id='word_1_19' title='bbox 122 611 495 661; x_wconf 72' lang='grc' dir='ltr'>μοις.Ε1181;3.13111113</span> <span class='ocrx_word' id='word_1_20' title='bbox 528 612 623 660; x_wconf 86' lang='lat'>668,</span> <span class='ocrx_word' id='word_1_21' title='bbox 647 612 699 651; x_wconf 83' lang='lat'>29</span> <span class='ocrx_word' id='word_1_22' title='bbox 731 609 774 650; x_wconf 89' lang='grc' dir='ltr'>τὸ</span> <span class='ocrx_word' id='word_1_23' title='bbox 806 609 849 651; x_wconf 86' lang='grc' dir='ltr'>δὲ</span> <span class='ocrx_word' id='word_1_24' title='bbox 880 609 986 664; x_wconf 82' lang='grc' dir='ltr'><em>ἆκὴν</em></span> <span class='ocrx_word' id='word_1_25' title='bbox 1016 610 1182 665; x_wconf 77' lang='grc' dir='ltr'><em>εὕρηται</em></span> <span class='ocrx_word' id='word_1_26' title='bbox 1212 612 1426 666; x_wconf 82' lang='grc' dir='ltr'><em>λεγόμενον</em></span> <span class='ocrx_word' id='word_1_27' title='bbox 1454 613 1523 654; x_wconf 85' lang='grc' dir='ltr'>καὶ</span> <span class='ocrx_word' id='word_1_28' title='bbox 1543 612 1715 655; x_wconf 79' lang='grc' dir='ltr'><em>ἆκασκοῖ.</em></span> 
     </span>
     <span class='ocr_line' id='line_1_6' title="bbox 122 664 1714 738; baseline 0.003 -30"><span class='ocrx_word' id='word_1_29' title='bbox 122 668 265 738; x_wconf 81' lang='grc' dir='ltr'><strong><em>Αἴλιος</em></strong></span> <span class='ocrx_word' id='word_1_30' title='bbox 297 665 342 708; x_wconf 84' lang='grc' dir='ltr'>δὲ</span> <span class='ocrx_word' id='word_1_31' title='bbox 373 664 592 716; x_wconf 84' lang='grc' dir='ltr'><em>Διονύσιος</em></span> <span class='ocrx_word' id='word_1_32' title='bbox 623 665 693 708; x_wconf 79' lang='grc' dir='ltr'>καὶ</span> <span class='ocrx_word' id='word_1_33' title='bbox 723 674 869 721; x_wconf 86' lang='grc' dir='ltr'><em>χρῆσιν</em></span> <span class='ocrx_word' id='word_1_34' title='bbox 888 669 1060 723; x_wconf 80' lang='grc' dir='ltr'><em>παράγει</em></span> <span class='ocrx_word' id='word_1_35' title='bbox 1081 670 1286 723; x_wconf 84' lang='grc' dir='ltr'><strong><em>Κρατίνου</em></strong></span> <span class='ocrx_word' id='word_1_36' title='bbox 1308 670 1462 724; x_wconf 81' lang='grc' dir='ltr'><em>ταύτην</em></span> <span class='ocrx_word' id='word_1_37' title='bbox 1485 671 1714 727; x_wconf 81' lang='grc' dir='ltr'><em>σκήπτροι-</em></span> 
     </span>
     <span class='ocr_line' id='line_1_7' title="bbox 126 723 1714 780; baseline 0.003 -14"><span class='ocrx_word' id='word_1_38' title='bbox 126 738 193 766; x_wconf 92' lang='grc' dir='ltr'><em>σιν</em></span> <span class='ocrx_word' id='word_1_39' title='bbox 222 723 383 766; x_wconf 76' lang='grc' dir='ltr'><em>ἅκασκᾶ</em></span> <span class='ocrx_word' id='word_1_40' title='bbox 412 727 700 779; x_wconf 56' lang='grc' dir='ltr'><em>προβιβῶνταζ</em></span> <span class='ocrx_word' id='word_1_41' title='bbox 733 728 872 767; x_wconf 86' lang='lat' dir='ltr'>eadem</span> <span class='ocrx_word' id='word_1_42' title='bbox 906 727 1080 768; x_wconf 84' lang='lat' dir='ltr'><strong>Cramer.</strong></span> <span class='ocrx_word' id='word_1_43' title='bbox 1114 730 1266 769; x_wconf 82' lang='lat' dir='ltr'>Anecd.</span> <span class='ocrx_word' id='word_1_44' title='bbox 1299 730 1388 769; x_wconf 89' lang='lat' dir='ltr'>Par.</span> <span class='ocrx_word' id='word_1_45' title='bbox 1422 731 1484 769; x_wconf 93' lang='lat' dir='ltr'>III</span> <span class='ocrx_word' id='word_1_46' title='bbox 1517 732 1614 780; x_wconf 87' lang='lat'>224,</span> <span class='ocrx_word' id='word_1_47' title='bbox 1648 733 1714 772; x_wconf 92' lang='lat'>24.</span> 
     </span>
     <span class='ocr_line' id='line_1_8' title="bbox 121 782 1714 839; baseline 0.001 -13"><span class='ocrx_word' id='word_1_48' title='bbox 121 785 172 826; x_wconf 85' lang='lat' dir='ltr'>cf.</span> <span class='ocrx_word' id='word_1_49' title='bbox 205 782 392 825; x_wconf 80' lang='lat' dir='ltr'>Eustath.</span> <span class='ocrx_word' id='word_1_50' title='bbox 438 783 663 824; x_wconf 86' lang='lat' dir='ltr'>Comment.</span> <span class='ocrx_word' id='word_1_51' title='bbox 701 785 863 825; x_wconf 81' lang='lat' dir='ltr'>Pindar.</span> <span class='ocrx_word' id='word_1_52' title='bbox 901 800 941 837; x_wconf 89' lang='lat' dir='ltr'>p.</span> <span class='ocrx_word' id='word_1_53' title='bbox 982 787 1033 825; x_wconf 91' lang='lat'>57</span> <span class='ocrx_word' id='word_1_54' title='bbox 1075 787 1137 827; x_wconf 86' lang='lat' dir='ltr'>ed.</span> <span class='ocrx_word' id='word_1_55' title='bbox 1180 787 1267 829; x_wconf 85' lang='lat' dir='ltr'>Taf.</span> <span class='ocrx_word' id='word_1_56' title='bbox 1313 788 1487 839; x_wconf 83' lang='lat' dir='ltr'>Hesych.</span> <span class='ocrx_word' id='word_1_57' title='bbox 1533 785 1714 828; x_wconf 81' lang='grc' dir='ltr'><em>ἆκασκα·</em></span> 
     </span>
     <span class='ocr_line' id='line_1_9' title="bbox 101 839 1716 906; baseline 0.003 -25"><span class='ocrx_word' id='word_1_58' title='bbox 101 839 308 895; x_wconf 74' lang='grc' dir='ltr'><em>ἡσύχως,</em></span> <span class='ocrx_word' id='word_1_59' title='bbox 338 843 548 894; x_wconf 81' lang='grc' dir='ltr'>μαλακῶς,</span> <span class='ocrx_word' id='word_1_60' title='bbox 587 839 782 895; x_wconf 85' lang='grc' dir='ltr'><strong><em>βραδέως</em></strong></span> <span class='ocrx_word' id='word_1_61' title='bbox 823 846 863 883; x_wconf 88' lang='grc'>613</span> <span class='ocrx_word' id='word_1_62' title='bbox 898 843 1147 896; x_wconf 82' lang='grc' dir='ltr'><em>προβῶντες·</em></span> <span class='ocrx_word' id='word_1_63' title='bbox 1187 844 1490 897; x_wconf 80' lang='grc' dir='ltr'><em>προβαίνοντες.</em></span> <span class='ocrx_word' id='word_1_64' title='bbox 1529 847 1577 886; x_wconf 82' lang='grc'>(16</span> <span class='ocrx_word' id='word_1_65' title='bbox 1616 860 1716 906; x_wconf 83' lang='grc' dir='ltr'><em>προ-</em></span> 
     </span>
     <span class='ocr_line' id='line_1_10' title="bbox 124 900 1714 958; baseline 0.003 -19"><span class='ocrx_word' id='word_1_66' title='bbox 124 901 275 953; x_wconf 77' lang='grc' dir='ltr'><em>βῶντες</em></span> <span class='ocrx_word' id='word_1_67' title='bbox 315 901 364 940; x_wconf 84' lang='lat' dir='ltr'>cf.</span> <span class='ocrx_word' id='word_1_68' title='bbox 394 900 496 940; x_wconf 88' lang='lat' dir='ltr'>Lob.</span> <span class='ocrx_word' id='word_1_69' title='bbox 536 900 676 939; x_wconf 79' lang='lat' dir='ltr'>Rhem.</span> <span class='ocrx_word' id='word_1_70' title='bbox 710 903 733 940; x_wconf 92' lang='lat'>5</span> <span class='ocrx_word' id='word_1_71' title='bbox 773 903 816 940; x_wconf 88' lang='lat' dir='ltr'>et</span> <span class='ocrx_word' id='word_1_72' title='bbox 853 914 955 952; x_wconf 85' lang='lat' dir='ltr'>quae</span> <span class='ocrx_word' id='word_1_73' title='bbox 993 902 1274 942; x_wconf 85' lang='lat' dir='ltr'>adnotavimus</span> <span class='ocrx_word' id='word_1_74' title='bbox 1311 904 1362 942; x_wconf 89' lang='lat' dir='ltr'>ad</span> <span class='ocrx_word' id='word_1_75' title='bbox 1402 904 1452 942; x_wconf 88' lang='lat' dir='ltr'>fr.</span> <span class='ocrx_word' id='word_1_76' title='bbox 1486 906 1553 944; x_wconf 88' lang='lat'>95.</span> <span class='ocrx_word' id='word_1_77' title='bbox 1584 918 1657 956; x_wconf 87' lang='lat' dir='ltr'>pro</span> <span class='ocrx_word' id='word_1_78' title='bbox 1688 907 1714 958; x_wconf 79' lang='grc' dir='ltr'>ἠ</span> 
     </span>
     <span class='ocr_line' id='line_1_11' title="bbox 120 951 1714 1016; baseline 0.003 -18"><span class='ocrx_word' id='word_1_79' title='bbox 120 954 343 999; x_wconf 82' lang='lat' dir='ltr'>Meinekius</span> <span class='ocrx_word' id='word_1_80' title='bbox 374 951 420 997; x_wconf 75' lang='grc' dir='ltr'>ὦ.</span> <span class='ocrx_word' id='word_1_81' title='bbox 452 958 544 997; x_wconf 84' lang='lat' dir='ltr'>vide</span> <span class='ocrx_word' id='word_1_82' title='bbox 583 972 635 998; x_wconf 81' lang='lat' dir='ltr'>an</span> <span class='ocrx_word' id='word_1_83' title='bbox 657 957 932 999; x_wconf 85' lang='lat' dir='ltr'>scribendum</span> <span class='ocrx_word' id='word_1_84' title='bbox 971 960 1025 999; x_wconf 86' lang='lat' dir='ltr'>sit</span> <span class='ocrx_word' id='word_1_85' title='bbox 1060 959 1102 999; x_wconf 86' lang='grc' dir='ltr'><em>οἷ</em></span> <span class='ocrx_word' id='word_1_86' title='bbox 1135 961 1276 1013; x_wconf 88' lang='grc' dir='ltr'><em>πρεσβ.</em></span> <span class='ocrx_word' id='word_1_87' title='bbox 1305 957 1508 1015; x_wconf 72' lang='grc' dir='ltr'><em>(γηραλέοι</em></span> <span class='ocrx_word' id='word_1_88' title='bbox 1539 964 1676 1013; x_wconf 86' lang='lat' dir='ltr'>praed.</span> <span class='ocrx_word' id='word_1_89' title='bbox 1682 963 1714 1016; x_wconf 84' lang='lat'>)‚</span> 
     </span>
     <span class='ocr_line' id='line_1_12' title="bbox 118 1015 1714 1070; baseline 0.003 -15"><span class='ocrx_word' id='word_1_90' title='bbox 118 1018 166 1056; x_wconf 90' lang='lat' dir='ltr'>ut</span> <span class='ocrx_word' id='word_1_91' title='bbox 203 1016 311 1057; x_wconf 81' lang='lat' dir='ltr'>dicat</span> <span class='ocrx_word' id='word_1_92' title='bbox 347 1015 493 1066; x_wconf 86' lang='lat' dir='ltr'>aliquis</span> <span class='ocrx_word' id='word_1_93' title='bbox 533 1016 697 1056; x_wconf 82' lang='lat' dir='ltr'>chorum</span> <span class='ocrx_word' id='word_1_94' title='bbox 736 1029 810 1068; x_wconf 83' lang='lat' dir='ltr'>per</span> <span class='ocrx_word' id='word_1_95' title='bbox 846 1015 1006 1056; x_wconf 83' lang='grc' dir='ltr'><em>εἴσοδον</em></span> <span class='ocrx_word' id='word_1_96' title='bbox 1044 1018 1261 1058; x_wconf 73' lang='lat' dir='ltr'>intrantem</span> <span class='ocrx_word' id='word_1_97' title='bbox 1300 1020 1569 1070; x_wconf 72' lang='lat' dir='ltr'>conspicatus.</span> <span class='ocrx_word' id='word_1_98' title='bbox 1621 1034 1714 1060; x_wconf 88' lang='lat' dir='ltr'>nam</span> 
     </span>
     <span class='ocr_line' id='line_1_13' title="bbox 118 1071 1713 1127; baseline 0.003 -14"><span class='ocrx_word' id='word_1_99' title='bbox 118 1075 227 1125; x_wconf 88' lang='lat' dir='ltr'>ipsos</span> <span class='ocrx_word' id='word_1_100' title='bbox 273 1071 443 1124; x_wconf 86' lang='grc' dir='ltr'><em>Νόμους</em></span> <span class='ocrx_word' id='word_1_101' title='bbox 482 1074 719 1126; x_wconf 82' lang='lat' dir='ltr'>significari,</span> <span class='ocrx_word' id='word_1_102' title='bbox 758 1087 858 1125; x_wconf 91' lang='lat' dir='ltr'>quos</span> <span class='ocrx_word' id='word_1_103' title='bbox 899 1076 1120 1126; x_wconf 71' lang='lat' dir='ltr'>‘tamquam</span> <span class='ocrx_word' id='word_1_104' title='bbox 1161 1077 1388 1127; x_wconf 84' lang='lat' dir='ltr'>decrepitos</span> <span class='ocrx_word' id='word_1_105' title='bbox 1428 1079 1468 1116; x_wconf 86' lang='lat' dir='ltr'>et</span> <span class='ocrx_word' id='word_1_106' title='bbox 1511 1079 1713 1119; x_wconf 84' lang='lat' dir='ltr'>invalidos</span> 
     </span>
     <span class='ocr_line' id='line_1_14' title="bbox 118 1130 1495 1190; baseline 0.004 -19"><span class='ocrx_word' id='word_1_107' title='bbox 118 1145 232 1172; x_wconf 83' lang='lat' dir='ltr'>senes</span> <span class='ocrx_word' id='word_1_108' title='bbox 261 1131 496 1190; x_wconf 83' lang='lat' dir='ltr'>produxerit</span> <span class='ocrx_word' id='word_1_109' title='bbox 526 1130 748 1182; x_wconf 84' lang='lat' dir='ltr'>cratinus’,</span> <span class='ocrx_word' id='word_1_110' title='bbox 780 1133 1047 1183; x_wconf 72' lang='lat' dir='ltr'>probabiliter</span> <span class='ocrx_word' id='word_1_111' title='bbox 1077 1134 1226 1174; x_wconf 86' lang='lat' dir='ltr'>conicit</span> <span class='ocrx_word' id='word_1_112' title='bbox 1258 1134 1495 1177; x_wconf 76' lang='lat' dir='ltr'>MeinekiuS.</span> 
     </span>
    </p>
   </div>
   <div class='ocr_carea' id='block_1_5' title="bbox 319 1245 1421 1453">
    <p class='ocr_par' dir='ltr' id='par_1_5' title="bbox 319 1245 1408 1453">
     <span class='ocr_line' id='line_1_15' title="bbox 465 1245 954 1293; baseline -0.012 0"><span class='ocrx_word' id='word_1_113' title='bbox 465 1287 470 1293; x_wconf 93' lang='lat'>.</span> <span class='ocrx_word' id='word_1_114' title='bbox 877 1245 954 1288; x_wconf 93' lang='lat'>127</span> 
     </span>
     <span class='ocr_line' id='line_1_16' title="bbox 392 1322 1261 1409; baseline 0.003 -42"><span class='ocrx_word' id='word_1_115' title='bbox 392 1326 482 1367; x_wconf 84' lang='grc' dir='ltr'>νῦν</span> <span class='ocrx_word' id='word_1_116' title='bbox 511 1322 600 1381; x_wconf 78' lang='grc' dir='ltr'><em>γὰρ</em></span> <span class='ocrx_word' id='word_1_117' title='bbox 632 1324 689 1381; x_wconf 87' lang='grc' dir='ltr'>δή</span> <span class='ocrx_word' id='word_1_118' title='bbox 721 1336 792 1368; x_wconf 89' lang='grc' dir='ltr'><em>σοι</em></span> <span class='ocrx_word' id='word_1_119' title='bbox 824 1325 949 1382; x_wconf 76' lang='grc' dir='ltr'><em>πάρα</em></span> <span class='ocrx_word' id='word_1_120' title='bbox 978 1326 1064 1382; x_wconf 79' lang='grc' dir='ltr'><em>μὲν</em></span> <span class='ocrx_word' id='word_1_121' title='bbox 1094 1327 1261 1409; x_wconf 82' lang='grc' dir='ltr'><em>θεσμοὶ</em></span> 
     </span>
     <span class='ocr_line' id='line_1_17' title="bbox 319 1392 1421 1453; baseline 0.003 -17"><span class='ocrx_word' id='word_1_122' title='bbox 319 1399 322 1404; x_wconf 88' lang='grc'><em>“</em></span> <span class='ocrx_word' id='word_1_123' title='bbox 392 1396 485 1437; x_wconf 78' lang='grc' dir='ltr'><em>τῶν</em></span> <span class='ocrx_word' id='word_1_124' title='bbox 515 1392 764 1450; x_wconf 78' lang='grc' dir='ltr'><em>ἡμετέρων,</em></span> <span class='ocrx_word' id='word_1_125' title='bbox 796 1394 921 1451; x_wconf 81' lang='grc' dir='ltr'><em>πάρα</em></span> <span class='ocrx_word' id='word_1_126' title='bbox 952 1393 996 1438; x_wconf 90' lang='grc' dir='ltr'>δ’</span> <span class='ocrx_word' id='word_1_127' title='bbox 1029 1393 1133 1438; x_wconf 78' lang='grc' dir='ltr'><em>ἄλλ’</em></span> <span class='ocrx_word' id='word_1_128' title='bbox 1169 1394 1195 1438; x_wconf 82' lang='grc' dir='ltr'>ὅ</span> <span class='ocrx_word' id='word_1_129' title='bbox 1223 1412 1266 1439; x_wconf 82' lang='grc' dir='ltr'>τι</span> <span class='ocrx_word' id='word_1_130' title='bbox 1297 1398 1421 1453; x_wconf 83' lang='grc' dir='ltr'><em>χρῇς.</em></span> 
     </span>
    </p>
   </div>
   <div class='ocr_carea' id='block_1_6' title="bbox 115 1473 1709 1703">
    <p class='ocr_par' dir='ltr' id='par_1_6' title="bbox 115 1473 1709 1703">
     <span class='ocr_line' id='line_1_18' title="bbox 233 1473 1709 1544; baseline 0.003 -27"><span class='ocrx_word' id='word_1_131' title='bbox 233 1478 381 1518; x_wconf 83' lang='lat' dir='ltr'>Suidas</span> <span class='ocrx_word' id='word_1_132' title='bbox 395 1473 486 1530; x_wconf 87' lang='grc' dir='ltr'><em>χρή·</em></span> <span class='ocrx_word' id='word_1_133' title='bbox 510 1483 607 1544; x_wconf 84' lang='grc' dir='ltr'><em>χρῆς</em></span> <span class='ocrx_word' id='word_1_134' title='bbox 630 1476 672 1517; x_wconf 84' lang='grc' dir='ltr'>τὸ</span> <span class='ocrx_word' id='word_1_135' title='bbox 693 1474 846 1534; x_wconf 81' lang='grc' dir='ltr'><em>χρῄζεις</em></span> <span class='ocrx_word' id='word_1_136' title='bbox 866 1477 935 1518; x_wconf 86' lang='grc' dir='ltr'>καὶ</span> <span class='ocrx_word' id='word_1_137' title='bbox 950 1477 1034 1534; x_wconf 83' lang='grc' dir='ltr'><em>δέῃ.</em></span> <span class='ocrx_word' id='word_1_138' title='bbox 1070 1481 1263 1532; x_wconf 84' lang='grc' dir='ltr'><em>Κρατῖνος</em></span> <span class='ocrx_word' id='word_1_139' title='bbox 1285 1478 1458 1532; x_wconf 86' lang='grc' dir='ltr'><em>Νόμοις.</em></span> <span class='ocrx_word' id='word_1_140' title='bbox 1483 1481 1709 1533; x_wconf 79' lang='lat' dir='ltr'>Hesychius</span> 
     </span>
     <span class='ocr_line' id='line_1_19' title="bbox 115 1532 1707 1592; baseline 0.002 -17"><span class='ocrx_word' id='word_1_141' title='bbox 115 1540 232 1588; x_wconf 89' lang='grc' dir='ltr'><em>χρῆς·</em></span> <span class='ocrx_word' id='word_1_142' title='bbox 265 1533 423 1586; x_wconf 79' lang='grc' dir='ltr'><em>θέλεις,</em></span> <span class='ocrx_word' id='word_1_143' title='bbox 454 1532 619 1588; x_wconf 72' lang='grc' dir='ltr'><em>χρῄζεις.</em></span> <span class='ocrx_word' id='word_1_144' title='bbox 681 1538 852 1577; x_wconf 85' lang='lat' dir='ltr'>formam</span> <span class='ocrx_word' id='word_1_145' title='bbox 893 1542 990 1592; x_wconf 85' lang='grc' dir='ltr'><em>χρῇς</em></span> <span class='ocrx_word' id='word_1_146' title='bbox 1030 1538 1218 1589; x_wconf 86' lang='lat' dir='ltr'>Sophocli</span> <span class='ocrx_word' id='word_1_147' title='bbox 1258 1539 1434 1578; x_wconf 85' lang='lat' dir='ltr'>reddidit</span> <span class='ocrx_word' id='word_1_148' title='bbox 1474 1539 1707 1579; x_wconf 87' lang='lat' dir='ltr'>Dindorfius</span> 
     </span>
     <span class='ocr_line' id='line_1_20' title="bbox 115 1594 1706 1647; baseline 0.001 -13"><span class='ocrx_word' id='word_1_149' title='bbox 115 1595 180 1634; x_wconf 93' lang='lat' dir='ltr'>Ai.</span> <span class='ocrx_word' id='word_1_150' title='bbox 219 1595 340 1633; x_wconf 87' lang='lat'>1373.</span> <span class='ocrx_word' id='word_1_151' title='bbox 371 1595 515 1646; x_wconf 86' lang='lat' dir='ltr'>Antig.</span> <span class='ocrx_word' id='word_1_152' title='bbox 547 1595 644 1634; x_wconf 92' lang='lat'>887.</span> <span class='ocrx_word' id='word_1_153' title='bbox 676 1594 909 1635; x_wconf 76' lang='lat' dir='ltr'>Wunderus</span> <span class='ocrx_word' id='word_1_154' title='bbox 941 1596 1003 1635; x_wconf 88' lang='lat' dir='ltr'>El.</span> <span class='ocrx_word' id='word_1_155' title='bbox 1037 1598 1132 1636; x_wconf 88' lang='grc'>606.</span> <span class='ocrx_word' id='word_1_156' title='bbox 1174 1617 1226 1624; x_wconf 84' lang='lat'>—</span> <span class='ocrx_word' id='word_1_157' title='bbox 1267 1596 1457 1636; x_wconf 85' lang='lat' dir='ltr'>Solonem</span> <span class='ocrx_word' id='word_1_158' title='bbox 1496 1597 1608 1647; x_wconf 91' lang='lat' dir='ltr'>loqui</span> <span class='ocrx_word' id='word_1_159' title='bbox 1647 1610 1706 1636; x_wconf 86' lang='lat' dir='ltr'>ar-</span> 
     </span>
     <span class='ocr_line' id='line_1_21' title="bbox 115 1651 919 1703; baseline 0.001 -12"><span class='ocrx_word' id='word_1_160' title='bbox 115 1652 291 1691; x_wconf 86' lang='lat' dir='ltr'>bitratur</span> <span class='ocrx_word' id='word_1_161' title='bbox 320 1651 521 1703; x_wconf 86' lang='lat' dir='ltr'>Bergkius</span> <span class='ocrx_word' id='word_1_162' title='bbox 553 1653 601 1692; x_wconf 77' lang='lat' dir='ltr'>R.</span> <span class='ocrx_word' id='word_1_163' title='bbox 634 1665 668 1692; x_wconf 92' lang='lat' dir='ltr'>c.</span> <span class='ocrx_word' id='word_1_164' title='bbox 700 1653 789 1692; x_wconf 90' lang='lat' dir='ltr'>Att.</span> <span class='ocrx_word' id='word_1_165' title='bbox 825 1653 919 1692; x_wconf 88' lang='lat'>135.</span> 
     </span>
    </p>
   </div>
   <div class='ocr_carea' id='block_1_7' title="bbox 343 1765 1490 1903">
    <p class='ocr_par' dir='ltr' id='par_1_7' title="bbox 343 1765 1477 1903">
     <span class='ocr_line' id='line_1_22' title="bbox 872 1765 1000 1807; baseline 0 0"><span class='ocrx_word' id='word_1_166' title='bbox 872 1765 953 1807; x_wconf 88' lang='lat'>128</span> <span class='ocrx_word' id='word_1_167' title='bbox 996 1777 1000 1781; x_wconf 89' lang='grc'><strong>’</strong></span> 
     </span>
     <span class='ocr_line' id='line_1_23' title="bbox 343 1838 1490 1903; baseline 0.003 -17"><span class='ocrx_word' id='word_1_168' title='bbox 343 1842 475 1900; x_wconf 75' lang='grc' dir='ltr'><em>ὑμῶν</em></span> <span class='ocrx_word' id='word_1_169' title='bbox 507 1838 569 1895; x_wconf 82' lang='grc' dir='ltr'>εἷς</span> <span class='ocrx_word' id='word_1_170' title='bbox 598 1845 684 1902; x_wconf 75' lang='grc' dir='ltr'><em>μὲν</em></span> <span class='ocrx_word' id='word_1_171' title='bbox 714 1845 904 1897; x_wconf 79' lang='grc' dir='ltr'><em>ἕκαστος</em></span> <span class='ocrx_word' id='word_1_172' title='bbox 934 1843 1117 1902; x_wconf 74' lang='grc' dir='ltr'><em>ἀλώπηξ</em></span> <span class='ocrx_word' id='word_1_173' title='bbox 1150 1848 1490 1903; x_wconf 81' lang='grc' dir='ltr'><em>δωροδοκεῖται.</em></span> 
     </span>
    </p>
   </div>
   <div class='ocr_carea' id='block_1_8' title="bbox 110 1924 1705 2670">
    <p class='ocr_par' dir='ltr' id='par_1_8' title="bbox 110 1924 1705 2670">
     <span class='ocr_line' id='line_1_24' title="bbox 229 1924 1705 1985; baseline 0.001 -17"><span class='ocrx_word' id='word_1_174' title='bbox 229 1929 375 1968; x_wconf 87' lang='lat' dir='ltr'>Suidas</span> <span class='ocrx_word' id='word_1_175' title='bbox 395 1924 580 1980; x_wconf 76' lang='grc' dir='ltr'><em>ἆλωπηξ·</em></span> <span class='ocrx_word' id='word_1_176' title='bbox 612 1928 804 1981; x_wconf 82' lang='grc' dir='ltr'><em>παροιμία</em></span> <span class='ocrx_word' id='word_1_177' title='bbox 833 1925 998 1981; x_wconf 77' lang='grc' dir='ltr'><em>ἇλωπηξ</em></span> <span class='ocrx_word' id='word_1_178' title='bbox 1029 1929 1326 1982; x_wconf 83' lang='grc' dir='ltr'><em>δωροδοκεῖται,</em></span> <span class='ocrx_word' id='word_1_179' title='bbox 1359 1928 1422 1969; x_wconf 79' lang='grc' dir='ltr'>ἐπὶ</span> <span class='ocrx_word' id='word_1_180' title='bbox 1452 1936 1533 1969; x_wconf 80' lang='grc' dir='ltr'><em>τῶν</em></span> <span class='ocrx_word' id='word_1_181' title='bbox 1555 1929 1705 1985; x_wconf 88' lang='grc' dir='ltr'><em>ραδίως</em></span> 
     </span>
     <span class='ocr_line' id='line_1_25' title="bbox 114 1981 1705 2042; baseline 0.002 -17"><span class='ocrx_word' id='word_1_182' title='bbox 114 1981 256 2038; x_wconf 78' lang='grc' dir='ltr'><em>δώροις</em></span> <span class='ocrx_word' id='word_1_183' title='bbox 287 1983 558 2036; x_wconf 83' lang='grc' dir='ltr'><em>πειθομένων.</em></span> <span class='ocrx_word' id='word_1_184' title='bbox 594 1988 789 2038; x_wconf 83' lang='grc' dir='ltr'><em>Κρατῖνος</em></span> <span class='ocrx_word' id='word_1_185' title='bbox 819 1985 989 2038; x_wconf 85' lang='grc' dir='ltr'><em>Νόμοις.</em></span> <span class='ocrx_word' id='word_1_186' title='bbox 1021 1989 1079 2027; x_wconf 83' lang='lat' dir='ltr'>ita</span> <span class='ocrx_word' id='word_1_187' title='bbox 1108 2002 1181 2039; x_wconf 92' lang='lat' dir='ltr'>pro</span> <span class='ocrx_word' id='word_1_188' title='bbox 1212 1986 1266 2039; x_wconf 85' lang='grc' dir='ltr'>μὴ</span> <span class='ocrx_word' id='word_1_189' title='bbox 1299 1987 1448 2042; x_wconf 87' lang='grc' dir='ltr'><em>ραδίως</em></span> <span class='ocrx_word' id='word_1_190' title='bbox 1481 1989 1705 2029; x_wconf 81' lang='lat' dir='ltr'>Meinekius</span> 
     </span>
     <span class='ocr_line' id='line_1_26' title="bbox 113 2043 1702 2097; baseline 0.001 -14"><span class='ocrx_word' id='word_1_191' title='bbox 113 2058 162 2083; x_wconf 79' lang='lat' dir='ltr'>ex</span> <span class='ocrx_word' id='word_1_192' title='bbox 191 2044 319 2083; x_wconf 75' lang='lat' dir='ltr'>Bekk.</span> <span class='ocrx_word' id='word_1_193' title='bbox 349 2044 501 2083; x_wconf 86' lang='lat' dir='ltr'>Anecd.</span> <span class='ocrx_word' id='word_1_194' title='bbox 533 2045 630 2096; x_wconf 85' lang='grc'>218,</span> <span class='ocrx_word' id='word_1_195' title='bbox 655 2046 721 2084; x_wconf 88' lang='grc'>29.</span> <span class='ocrx_word' id='word_1_196' title='bbox 754 2046 938 2095; x_wconf 86' lang='lat' dir='ltr'>Apostol.</span> <span class='ocrx_word' id='word_1_197' title='bbox 973 2047 1011 2093; x_wconf 91' lang='lat'>2,</span> <span class='ocrx_word' id='word_1_198' title='bbox 1036 2047 1087 2084; x_wconf 89' lang='lat'>17</span> <span class='ocrx_word' id='word_1_199' title='bbox 1120 2046 1176 2093; x_wconf 87' lang='grc' dir='ltr'>εἰς</span> <span class='ocrx_word' id='word_1_200' title='bbox 1207 2043 1330 2097; x_wconf 85' lang='grc' dir='ltr'><em>μέσον</em></span> <span class='ocrx_word' id='word_1_201' title='bbox 1360 2043 1537 2093; x_wconf 86' lang='grc' dir='ltr'><em>ε’.καστος</em></span> <span class='ocrx_word' id='word_1_202' title='bbox 1569 2047 1702 2095; x_wconf 82' lang='lat' dir='ltr'>verba,</span> 
     </span>
     <span class='ocr_line' id='line_1_27' title="bbox 115 2102 1702 2154; baseline 0.002 -14"><span class='ocrx_word' id='word_1_203' title='bbox 115 2102 188 2140; x_wconf 93' lang='lat' dir='ltr'>ut</span> <span class='ocrx_word' id='word_1_204' title='bbox 178 2115 259 2140; x_wconf 83' lang='lat' dir='ltr'>lam</span> <span class='ocrx_word' id='word_1_205' title='bbox 277 2102 511 2141; x_wconf 84' lang='lat' dir='ltr'>Runkelius</span> <span class='ocrx_word' id='word_1_206' title='bbox 532 2102 830 2151; x_wconf 83' lang='lat' dir='ltr'>animadvertit,</span> <span class='ocrx_word' id='word_1_207' title='bbox 854 2116 901 2142; x_wconf 85' lang='lat' dir='ltr'>ex</span> <span class='ocrx_word' id='word_1_208' title='bbox 923 2103 1115 2143; x_wconf 87' lang='lat' dir='ltr'>Solonis&#39;</span> <span class='ocrx_word' id='word_1_209' title='bbox 1106 2104 1231 2154; x_wconf 83' lang='lat' dir='ltr'>1psius</span> <span class='ocrx_word' id='word_1_210' title='bbox 1252 2117 1371 2143; x_wconf 80' lang='lat' dir='ltr'>versu</span> <span class='ocrx_word' id='word_1_211' title='bbox 1396 2116 1585 2154; x_wconf 83' lang='lat' dir='ltr'>expressa</span> <span class='ocrx_word' id='word_1_212' title='bbox 1606 2107 1702 2143; x_wconf 88' lang='lat' dir='ltr'>sunt</span> 
     </span>
     <span class='ocr_line' id='line_1_28' title="bbox 112 2152 1703 2213; baseline 0.002 -16"><span class='ocrx_word' id='word_1_213' title='bbox 112 2155 249 2210; x_wconf 82' lang='grc' dir='ltr'><em>ὑμέων</em></span> <span class='ocrx_word' id='word_1_214' title='bbox 286 2155 325 2197; x_wconf 77' lang='grc' dir='ltr'>δ’</span> <span class='ocrx_word' id='word_1_215' title='bbox 367 2152 424 2205; x_wconf 83' lang='grc' dir='ltr'>εἷς</span> <span class='ocrx_word' id='word_1_216' title='bbox 460 2154 535 2210; x_wconf 79' lang='grc' dir='ltr'><em>μὲν</em></span> <span class='ocrx_word' id='word_1_217' title='bbox 573 2156 736 2207; x_wconf 74' lang='grc' dir='ltr'><em>ἕκαστος</em></span> <span class='ocrx_word' id='word_1_218' title='bbox 774 2155 980 2207; x_wconf 81' lang='grc' dir='ltr'><em>αλῶπεκος</em></span> <span class='ocrx_word' id='word_1_219' title='bbox 1018 2159 1147 2211; x_wconf 86' lang='grc' dir='ltr'><em>ἴχνεσι</em></span> <span class='ocrx_word' id='word_1_220' title='bbox 1183 2159 1339 2213; x_wconf 84' lang='grc' dir='ltr'><em>βαίνει,</em></span> <span class='ocrx_word' id='word_1_221' title='bbox 1380 2161 1566 2211; x_wconf 87' lang='lat' dir='ltr'>quocirca</span> <span class='ocrx_word' id='word_1_222' title='bbox 1605 2162 1703 2200; x_wconf 84' lang='lat' dir='ltr'>Mei-</span> 
     </span>
     <span class='ocr_line' id='line_1_29' title="bbox 111 2213 1701 2269; baseline 0.002 -14"><span class='ocrx_word' id='word_1_223' title='bbox 111 2217 255 2256; x_wconf 87' lang='lat' dir='ltr'>nekius</span> <span class='ocrx_word' id='word_1_224' title='bbox 287 2216 452 2256; x_wconf 86' lang='lat' dir='ltr'>Cratino</span> <span class='ocrx_word' id='word_1_225' title='bbox 483 2229 642 2268; x_wconf 84' lang='lat' dir='ltr'>quoque</span> <span class='ocrx_word' id='word_1_226' title='bbox 672 2213 808 2269; x_wconf 82' lang='grc' dir='ltr'><em>ὑμέων</em></span> <span class='ocrx_word' id='word_1_227' title='bbox 841 2214 876 2254; x_wconf 84' lang='grc' dir='ltr'>δ’</span> <span class='ocrx_word' id='word_1_228' title='bbox 910 2219 1206 2258; x_wconf 86' lang='lat' dir='ltr'>restituendum</span> <span class='ocrx_word' id='word_1_229' title='bbox 1237 2222 1385 2259; x_wconf 84' lang='lat' dir='ltr'>censet.</span> <span class='ocrx_word' id='word_1_230' title='bbox 1427 2220 1602 2258; x_wconf 86' lang='lat' dir='ltr'>ceterum</span> <span class='ocrx_word' id='word_1_231' title='bbox 1644 2220 1701 2258; x_wconf 83' lang='lat' dir='ltr'>of-</span> 
     </span>
     <span class='ocr_line' id='line_1_30' title="bbox 112 2272 1701 2328; baseline 0.001 -16"><span class='ocrx_word' id='word_1_232' title='bbox 112 2274 243 2314; x_wconf 85' lang='lat' dir='ltr'>fendit</span> <span class='ocrx_word' id='word_1_233' title='bbox 286 2272 579 2325; x_wconf 83' lang='grc' dir='ltr'><em>δωροδοκεῐται.</em></span> <span class='ocrx_word' id='word_1_234' title='bbox 623 2289 716 2314; x_wconf 87' lang='lat' dir='ltr'>nam</span> <span class='ocrx_word' id='word_1_235' title='bbox 761 2276 1055 2327; x_wconf 78' lang='lat' dir='ltr'>Aristophanes</span> <span class='ocrx_word' id='word_1_236' title='bbox 1099 2290 1321 2327; x_wconf 86' lang='lat' dir='ltr'>numquam</span> <span class='ocrx_word' id='word_1_237' title='bbox 1365 2275 1701 2328; x_wconf 81' lang='grc' dir='ltr'><em>δωροδοκεισθαι,</em></span> 
     </span>
     <span class='ocr_line' id='line_1_31' title="bbox 111 2330 1700 2387; baseline 0.002 -17"><span class='ocrx_word' id='word_1_238' title='bbox 111 2331 289 2382; x_wconf 81' lang='lat' dir='ltr'>septiens</span> <span class='ocrx_word' id='word_1_239' title='bbox 319 2330 577 2382; x_wconf 80' lang='grc' dir='ltr'><em>δωροδοκεῖν,</em></span> <span class='ocrx_word' id='word_1_240' title='bbox 616 2333 736 2384; x_wconf 81' lang='lat' dir='ltr'>idque</span> <span class='ocrx_word' id='word_1_241' title='bbox 766 2334 840 2384; x_wconf 81' lang='lat' dir='ltr'>Eq.</span> <span class='ocrx_word' id='word_1_242' title='bbox 875 2335 971 2373; x_wconf 91' lang='lat'>834.</span> <span class='ocrx_word' id='word_1_243' title='bbox 1011 2333 1134 2385; x_wconf 85' lang='lat' dir='ltr'>Vesp.</span> <span class='ocrx_word' id='word_1_244' title='bbox 1170 2335 1265 2374; x_wconf 88' lang='grc'><em>669.</em></span> <span class='ocrx_word' id='word_1_245' title='bbox 1297 2334 1376 2374; x_wconf 89' lang='lat' dir='ltr'>Av.</span> <span class='ocrx_word' id='word_1_246' title='bbox 1412 2335 1508 2373; x_wconf 84' lang='lat'>510.</span> <span class='ocrx_word' id='word_1_247' title='bbox 1542 2336 1624 2374; x_wconf 86' lang='lat'>513</span> <span class='ocrx_word' id='word_1_248' title='bbox 1659 2331 1700 2387; x_wconf 87' lang='grc' dir='ltr'>(ό</span> 
     </span>
     <span class='ocr_line' id='line_1_32' title="bbox 111 2384 1701 2443; baseline 0.003 -17"><span class='ocrx_word' id='word_1_249' title='bbox 111 2387 175 2443; x_wconf 82' lang='grc' dir='ltr'>τι)</span> <span class='ocrx_word' id='word_1_250' title='bbox 202 2402 290 2428; x_wconf 91' lang='lat' dir='ltr'>cum</span> <span class='ocrx_word' id='word_1_251' title='bbox 322 2390 547 2430; x_wconf 83' lang='lat' dir='ltr'>accusativo</span> <span class='ocrx_word' id='word_1_252' title='bbox 579 2391 852 2440; x_wconf 88' lang='lat' dir='ltr'>coniunctum,</span> <span class='ocrx_word' id='word_1_253' title='bbox 884 2393 1002 2431; x_wconf 86' lang='lat' dir='ltr'>sicuti</span> <span class='ocrx_word' id='word_1_254' title='bbox 1033 2384 1181 2443; x_wconf 88' lang='grc' dir='ltr'><em>χρυσὸν</em></span> <span class='ocrx_word' id='word_1_255' title='bbox 1212 2390 1435 2443; x_wconf 80' lang='grc' dir='ltr'><em>δωροδοκεῖ</em></span> <span class='ocrx_word' id='word_1_256' title='bbox 1459 2391 1562 2432; x_wconf 87' lang='lat' dir='ltr'>Plat.</span> <span class='ocrx_word' id='word_1_257' title='bbox 1585 2392 1701 2442; x_wconf 83' lang='lat' dir='ltr'>Reip.</span> 
     </span>
     <span class='ocr_line' id='line_1_33' title="bbox 113 2447 1701 2501; baseline 0.003 -17"><span class='ocrx_word' id='word_1_258' title='bbox 113 2448 151 2495; x_wconf 91' lang='grc'>9,</span> <span class='ocrx_word' id='word_1_259' title='bbox 185 2447 318 2486; x_wconf 77' lang='grc'>59011..</span> <span class='ocrx_word' id='word_1_260' title='bbox 351 2447 485 2497; x_wconf 87' lang='lat' dir='ltr'>itaque</span> <span class='ocrx_word' id='word_1_261' title='bbox 508 2448 651 2487; x_wconf 88' lang='lat' dir='ltr'>dubito</span> <span class='ocrx_word' id='word_1_262' title='bbox 681 2462 732 2487; x_wconf 87' lang='lat' dir='ltr'>an</span> <span class='ocrx_word' id='word_1_263' title='bbox 763 2449 1020 2488; x_wconf 83' lang='lat' dir='ltr'>scribendum</span> <span class='ocrx_word' id='word_1_264' title='bbox 1052 2451 1104 2489; x_wconf 88' lang='lat' dir='ltr'>sit</span> <span class='ocrx_word' id='word_1_265' title='bbox 1134 2447 1358 2501; x_wconf 82' lang='grc' dir='ltr'><em>δωροδοκεῖ</em></span> <span class='ocrx_word' id='word_1_266' title='bbox 1381 2463 1428 2487; x_wconf 88' lang='grc' dir='ltr'>τι.</span> <span class='ocrx_word' id='word_1_267' title='bbox 1459 2462 1552 2487; x_wconf 82' lang='lat' dir='ltr'>nam</span> <span class='ocrx_word' id='word_1_268' title='bbox 1592 2450 1701 2499; x_wconf 88' lang='lat' dir='ltr'>quod</span> 
     </span>
     <span class='ocr_line' id='line_1_34' title="bbox 112 2476 1701 2558; baseline 0.002 -16"><span class='ocrx_word' id='word_1_269' title='bbox 112 2476 212 2542; x_wconf 61' lang='lat' dir='ltr'>R’zm.</span> <span class='ocrx_word' id='word_1_270' title='bbox 245 2504 327 2543; x_wconf 86' lang='lat'>361</span> <span class='ocrx_word' id='word_1_271' title='bbox 359 2504 650 2555; x_wconf 82' lang='lat' dir='ltr'>Aristophanes</span> <span class='ocrx_word' id='word_1_272' title='bbox 681 2507 843 2557; x_wconf 84' lang='lat' dir='ltr'>scripsit</span> <span class='ocrx_word' id='word_1_273' title='bbox 872 2506 1272 2558; x_wconf 80' lang='grc' dir='ltr'><em>καταδωροδοκεῖται,</em></span> <span class='ocrx_word' id='word_1_274' title='bbox 1304 2507 1346 2545; x_wconf 89' lang='lat' dir='ltr'>id</span> <span class='ocrx_word' id='word_1_275' title='bbox 1375 2507 1579 2545; x_wconf 81' lang='lat' dir='ltr'>fortasse</span> <span class='ocrx_word' id='word_1_276' title='bbox 1569 2520 1701 2556; x_wconf 84' lang='lat' dir='ltr'>lpsum</span> 
     </span>
     <span class='ocr_line' id='line_1_35' title="bbox 110 2562 1699 2615; baseline 0.001 -16"><span class='ocrx_word' id='word_1_277' title='bbox 110 2574 270 2611; x_wconf 81' lang='lat' dir='ltr'>quoque</span> <span class='ocrx_word' id='word_1_278' title='bbox 301 2563 540 2601; x_wconf 89' lang='lat' dir='ltr'>mutandum</span> <span class='ocrx_word' id='word_1_279' title='bbox 569 2564 613 2601; x_wconf 88' lang='lat' dir='ltr'>in</span> <span class='ocrx_word' id='word_1_280' title='bbox 642 2562 967 2615; x_wconf 85' lang='grc' dir='ltr'><em>καταδωροδοκεῖ</em></span> <span class='ocrx_word' id='word_1_281' title='bbox 999 2578 1055 2613; x_wconf 86' lang='grc' dir='ltr'>τι,</span> <span class='ocrx_word' id='word_1_282' title='bbox 1086 2567 1133 2604; x_wconf 89' lang='grc'>1113</span> <span class='ocrx_word' id='word_1_283' title='bbox 1166 2564 1285 2614; x_wconf 85' lang='lat' dir='ltr'>Vesp.</span> <span class='ocrx_word' id='word_1_284' title='bbox 1321 2565 1428 2602; x_wconf 89' lang='grc'>1036</span> <span class='ocrx_word' id='word_1_285' title='bbox 1469 2563 1699 2615; x_wconf 74' lang='grc' dir='ltr'><em>καταδωρο-</em></span> 
     </span>
     <span class='ocr_line' id='line_1_36' title="bbox 111 2617 832 2670; baseline 0.006 -15"><span class='ocrx_word' id='word_1_286' title='bbox 111 2617 294 2669; x_wconf 84' lang='grc' dir='ltr'><em>δοκῆσαι.</em></span> <span class='ocrx_word' id='word_1_287' title='bbox 327 2619 375 2658; x_wconf 87' lang='lat' dir='ltr'>de</span> <span class='ocrx_word' id='word_1_288' title='bbox 408 2621 568 2670; x_wconf 86' lang='lat' dir='ltr'>syntaxi</span> <span class='ocrx_word' id='word_1_289' title='bbox 599 2620 650 2661; x_wconf 86' lang='lat' dir='ltr'>cf.</span> <span class='ocrx_word' id='word_1_290' title='bbox 682 2621 731 2659; x_wconf 90' lang='lat' dir='ltr'>fr.</span> <span class='ocrx_word' id='word_1_291' title='bbox 765 2622 832 2660; x_wconf 88' lang='lat'>52.</span> 
     </span>
    </p>
   </div>
   <div class='ocr_carea' id='block_1_9' title="bbox 329 2733 1422 2869">
    <p class='ocr_par' dir='ltr' id='par_1_9' title="bbox 329 2733 1409 2869">
     <span class='ocr_line' id='line_1_37' title="bbox 870 2733 951 2775; baseline 0 0"><span class='ocrx_word' id='word_1_292' title='bbox 870 2733 951 2775; x_wconf 91' lang='grc'>129</span> 
     </span>
     <span class='ocr_line' id='line_1_38' title="bbox 329 2810 1422 2869; baseline 0.002 -17"><span class='ocrx_word' id='word_1_293' title='bbox 329 2813 453 2868; x_wconf 78' lang='grc' dir='ltr'><em>τυρῷ</em></span> <span class='ocrx_word' id='word_1_294' title='bbox 484 2810 560 2854; x_wconf 85' lang='grc' dir='ltr'>καὶ</span> <span class='ocrx_word' id='word_1_295' title='bbox 589 2814 732 2869; x_wconf 81' lang='grc' dir='ltr'><em>μίνθῃ</em></span> <span class='ocrx_word' id='word_1_296' title='bbox 765 2812 1132 2869; x_wconf 79' lang='grc' dir='ltr'><em>παραλεξάμενος</em></span> <span class='ocrx_word' id='word_1_297' title='bbox 1163 2813 1238 2855; x_wconf 81' lang='grc' dir='ltr'>καὶ</span> <span class='ocrx_word' id='word_1_298' title='bbox 1271 2812 1422 2869; x_wconf 79' lang='grc' dir='ltr'><em>ἐλαίῳ.</em></span> 
     </span>
    </p>
   </div>
   <div class='ocr_carea' id='block_1_10' title="bbox 113 2892 1699 3007">
    <p class='ocr_par' dir='ltr' id='par_1_10' title="bbox 113 2892 1699 3005">
     <span class='ocr_line' id='line_1_39' title="bbox 226 2892 1699 2949; baseline 0.001 -17"><span class='ocrx_word' id='word_1_299' title='bbox 226 2893 370 2933; x_wconf 86' lang='lat' dir='ltr'>Pollux</span> <span class='ocrx_word' id='word_1_300' title='bbox 402 2895 442 2946; x_wconf 85' lang='lat'>6,</span> <span class='ocrx_word' id='word_1_301' title='bbox 476 2896 528 2935; x_wconf 92' lang='lat'>68</span> <span class='ocrx_word' id='word_1_302' title='bbox 558 2892 753 2947; x_wconf 81' lang='grc' dir='ltr'><em>μέμνηται</em></span> <span class='ocrx_word' id='word_1_303' title='bbox 791 2902 860 2947; x_wconf 80' lang='grc' dir='ltr'><em>τῆς</em></span> <span class='ocrx_word' id='word_1_304' title='bbox 891 2895 1044 2947; x_wconf 83' lang='grc' dir='ltr'><em>μίνθου</em></span> <span class='ocrx_word' id='word_1_305' title='bbox 1078 2897 1182 2947; x_wconf 75' lang='lat' dir='ltr'>(lege</span> <span class='ocrx_word' id='word_1_306' title='bbox 1213 2893 1388 2949; x_wconf 82' lang='grc' dir='ltr'><em>μίνθης)</em></span> <span class='ocrx_word' id='word_1_307' title='bbox 1421 2896 1621 2947; x_wconf 85' lang='grc' dir='ltr'><em>Κρατῖνος</em></span> <span class='ocrx_word' id='word_1_308' title='bbox 1654 2893 1699 2933; x_wconf 82' lang='grc' dir='ltr'><em>ἐν</em></span> 
     </span>
     <span class='ocr_line' id='line_1_40' title="bbox 113 2945 1697 3007; baseline 0.003 -20"><span class='ocrx_word' id='word_1_309' title='bbox 113 2952 191 2996; x_wconf 79' lang='grc' dir='ltr'><em>τοῖς</em></span> <span class='ocrx_word' id='word_1_310' title='bbox 215 2945 367 3002; x_wconf 86' lang='grc' dir='ltr'><em>Νόμοις</em></span> <span class='ocrx_word' id='word_1_311' title='bbox 392 2957 495 3006; x_wconf 78' lang='grc' dir='ltr'><em>τυρῷ</em></span> <span class='ocrx_word' id='word_1_312' title='bbox 515 2951 582 2991; x_wconf 87' lang='grc' dir='ltr'>καὶ</span> <span class='ocrx_word' id='word_1_313' title='bbox 602 2951 732 3007; x_wconf 80' lang='grc' dir='ltr'><em>μίνθῃ</em></span> <span class='ocrx_word' id='word_1_314' title='bbox 753 2955 833 2993; x_wconf 84' lang='grc' dir='ltr'><em>κτλ.</em></span> <span class='ocrx_word' id='word_1_315' title='bbox 859 2976 910 2981; x_wconf 95' lang='grc'><strong>-</strong></span> <span class='ocrx_word' id='word_1_316' title='bbox 933 2951 1241 3005; x_wconf 77' lang='grc' dir='ltr'><em>παραλέξασθαι</em></span> <span class='ocrx_word' id='word_1_317' title='bbox 1261 2956 1308 2993; x_wconf 89' lang='lat' dir='ltr'>ut</span> <span class='ocrx_word' id='word_1_318' title='bbox 1338 2953 1445 3003; x_wconf 88' lang='lat' dir='ltr'>apud</span> <span class='ocrx_word' id='word_1_319' title='bbox 1476 2953 1697 2992; x_wconf 85' lang='lat' dir='ltr'>Homerum</span> 
     </span>
    </p>
   </div>
  </div>
 </body>
</html>
