1872 3224
222 212 305 254 688
643 252 645 254 ,
877 210 1144 245 ΑΡΧιΠΠοΤ

224 331 311 366 ται,
349 313 415 355 καὶ
455 321 659 367 προχωναι
701 316 940 382 (προικΙῶναι
977 314 1034 369 Α)
1073 328 1181 384 παρα
1216 311 1416 385 Ἀρχίππῳ
1454 313 1499 355 ἐν
1544 319 1598 370 τῷ
1631 311 1797 355 Ῥίνωνι.

223 374 354 415 Schol.
375 374 499 412 Arist.
525 374 600 423 Eq.
623 374 706 411 424
737 371 895 424 κοχώνη
927 370 1045 419 τόπος
1076 368 1157 411 ὑπὸ
1187 370 1232 412 τὸ
1261 372 1437 418 αἰδοῖον
1470 365 1512 412 τὸ
1527 371 1687 422 μεταξὺ
1718 378 1802 413 τῶν

222 436 362 482 μηρῶν
399 429 466 469 καὶ
509 429 577 480 τῆς
622 427 792 481 κοτύλης
837 428 905 468 καὶ
951 435 1033 469 των
1076 429 1216 480 ἰσχίων
1256 459 1265 469 .
1305 460 1314 470 .
1355 460 1364 470 .
1408 429 1457 469 αἵ
1488 426 1607 470 αὐταὶ
1651 427 1696 470 δὲ
1733 428 1800 471 καὶ
1835 447 1872 484 ,-

221 490 441 540 πυγαῖαι
470 485 538 525 καὶ
567 492 823 539 προχῶναι
852 483 950 537 παρ’
980 484 1182 541 Ἀρχίππῳ
1212 487 1440 527 καλοῦνται.

990 599 1046 641 42

427 654 568 711 ξυρόν

326 737 548 791 ’Ἀρχιππος
580 735 623 778 ἕν
653 738 705 794 τῷ
730 735 886 778 Ῥίνωνι
917 737 1123 792 ἅρρενικ
1135 739 1165 778 ὦ
1177 754 1196 786 ς
1227 737 1399 792 εἴρηκεν.
1438 739 1581 779 Pollux
1614 740 1680 789 10,
1705 741 1798 780 1⁷7.

760 852 969 886 ΑΔΗΛΩΝ
996 852 1263 887 ΔΡΑΜΑΤΩΝ

989 943 1046 985 43

360 1083 363 1085 -
428 1038 494 1072 ως
518 1019 608 1078 ἡδύ
638 1020 722 1078 τήν
751 1020 987 1064 θάλατταν
1018 1019 1104 1065 ἀπὸ
1135 1024 1213 1078 τῆς
1241 1023 1324 1078 γῆς
1355 1019 1471 1077 ὁρᾶν

429 1085 466 1133 ω’
496 1090 637 1147 μῆτέρ
671 1092 767 1134 ἐστι
797 1088 857 1147 μὴ
890 1089 1088 1133 πλέοντα
1118 1091 1344 1147 μηδαμοῦ.

337 1174 533 1214 Stobaeus
566 1175 703 1213 Floril.
737 1175 812 1222 59,
855 1175 878 1213 7
915 1170 1147 1238 Ἀρχίππου.
1198 1173 1255 1214 sic
1286 1172 1342 1226 A]
1374 1170 1634 1225 Καλλιμάχου
1666 1173 1800 1214 Trinc.

222 1232 272 1271 cf.
312 1232 484 1273 Meinek.
525 1231 732 1271 Menandr.
772 1245 813 1282 p.
849 1233 916 1271 86.
989 1223 1062 1282 τὴν
1101 1233 1135 1270 A
1176 1230 1311 1283 Voss]
1356 1227 1440 1282 μὲν.
1508 1226 1590 1270 ἀπὸ
1626 1235 1698 1282 της
1727 1235 1801 1284 γῆς

221 1290 307 1328 eod.
348 1286 504 1341 Franc.]
545 1284 625 1327 απὸ
669 1293 757 1340 γῆς.
812 1273 932 1340 ἆποιγ
966 1288 1016 1327 Α.
1045 1281 1145 1327 ἀπὸ
1174 1293 1248 1341 γῆς
1286 1287 1448 1340 εἰσορᾶν
1477 1287 1662 1328 Doederl.
1685 1288 1801 1340 Spec-

226 1347 288 1385 ed.
322 1346 444 1396 Soph.
479 1346 572 1386 105.
624 1346 827 1385 Nauckius
859 1346 1031 1385 eontulit
1059 1346 1218 1387 Lucret.
1251 1347 1288 1395 2,
1316 1348 1344 1388 ,1
1376 1357 1496 1386 suave
1525 1347 1630 1387 mari
1656 1358 1801 1397 mayno

220 1404 476 1443 turbantibus
506 1416 678 1452 aequora
706 1405 831 1443 ventis
861 1416 880 1443 e
909 1407 1042 1444 terra
1071 1415 1262 1454 maynum
1292 1404 1454 1443 alterius
1490 1405 1661 1453 spectare
1697 1403 1800 1444 labo-

222 1460 316 1500 rem.
351 1461 454 1500 addo
487 1461 629 1503 Horat.
661 1461 793 1511 Epist.
828 1462 863 1509 1,
899 1462 963 1509 11,
1001 1462 1051 1500 10
1081 1461 1312 1511 Neptunum
1336 1461 1477 1510 procul
1505 1472 1525 1500 e
1553 1464 1690 1501 terra
1717 1473 1799 1510 spe-

223 1522 328 1558 ctare
356 1518 562 1566 furentem.

427 1689 656 1742 σκαφεῦσι
687 1692 939 1742 κηπωροῑσι
969 1692 1063 1736 τοῖς
1093 1683 1132 1727 τ’
1167 1683 1431 1741 ὀνηλάταις,

428 1754 502 1797 καὶ
532 1761 630 1804 ταῖς
659 1753 838 1809 γυναιξὶ
869 1754 1060 1809 προσέτι
1090 1761 1187 1804 ταῖς
1217 1756 1483 1810 ποαστρίαις

337 1839 481 1877 Pollux
514 1840 551 1886 7,
580 1839 657 1876 148
689 1835 868 1888 σκαφέας
901 1832 938 1875 δ’
966 1835 1184 1890 ’Ἁρχιππος
1215 1839 1332 1876 καλεῖ
1354 1839 1432 1875 κτλ.
1484 1839 1718 1889 κηπουροῐσι
1746 1839 1793 1876 ut

223 1895 395 1934 formam
418 1895 594 1935 Atticam
611 1896 788 1945 praefert
810 1895 1047 1935 Meinekius.
1083 1895 1132 1934 cf.
1157 1895 1343 1934 Dindorf.
1363 1895 1492 1934 Arist.
1509 1895 1559 1934 fr.
1577 1909 1616 1946 p.
1635 1895 1731 1934 219.

990 2005 1047 2048 45

336 2090 576 2128 Plutarchus
606 2089 736 2129 Aleib.
764 2091 782 2128 1
816 2093 864 2155 τῇ
894 2085 938 2127 δὲ
970 2093 1090 2142 φωνῇ
1119 2086 1186 2127 καὶ
1215 2085 1290 2155 τιὶν
1319 2086 1564 2140 τραυλότητα
1596 2085 1794 2157 ἐμπρέψαι

221 2143 395 2198 λέγουσι,
416 2144 483 2184 καὶ
507 2161 559 2200 τῳ
581 2144 684 2200 λάλῳ
705 2141 958 2197 πιθανότητα
975 2148 1196 2197 παρασχεῖν
1215 2159 1331 2198 χαριν
1354 2143 1624 2184 ἐπιτελοῦσαν.
1651 2142 1798 2196 μέμνη-

222 2216 286 2241 ται
302 2199 346 2241 δὲ
369 2201 436 2242 καὶ
454 2186 744 2254 Ἀριστοφάνης
766 2199 892 2242 αὐτοῦ
903 2199 1192 2254 (Ἀλκιβιάδου)
1207 2207 1276 2253 τῆς
1294 2199 1598 2254 τραυλότητος.
1602 2200 1697 2242 ,καὶ
1706 2201 1794 2255 ’Ἁρ-

221 2273 365 2311 χιππος
387 2253 455 2298 τὸν
476 2258 566 2299 υἱὸν
586 2260 655 2299 τοῦ
671 2257 928 2311 Ἀλκιβιάδου
950 2271 1144 2298 σκωπτων
1163 2257 1378 2311 βαδίζει,
1401 2258 1515 2311 φησί,
1542 2258 1796 2311 διακεχλι-

222 2315 337 2366 δώς,
370 2316 639 2377 θοίμάτιον
670 2315 850 2368 ελκων,
891 2315 1024 2364 ὅπως
1064 2314 1279 2369 ἐμφερὴς
1309 2315 1523 2368 μαλιστα
1553 2320 1616 2371 τῷ
1646 2313 1795 2369 πατρὶ

224 2372 424 2423 δόξειεν
454 2376 606 2426 εἶναι,
637 2377 865 2426 κλασαυχ
882 2372 1114 2414 ενεύεταί
1140 2387 1187 2412 τε
1224 2370 1306 2412 καὶ
1343 2372 1670 2426 τραυλίζεται.
1711 2373 1794 2413 He-

224 2432 331 2482 sych.
362 2430 663 2497 διακεχλοιδως·
702 2430 898 2484 διαρρέων
934 2427 1015 2470 ὑπὸ
1048 2435 1215 2498 τρυφῆς.
1267 2427 1579 2482 διακεχλιδέναι·
1618 2424 1795 2483 θρύπτε-

224 2491 339 2528 σθαι.
371 2484 729 2541 κλασαυχενεύεται
748 2487 797 2543 Ε]
830 2484 1226 2539 κλαυσαυχενεύεται.
1277 2483 1656 2539 κλασταυχενεύεται
1683 2487 1795 2530 Reis-

223 2546 326 2585 kius.
359 2547 481 2586 verba
511 2545 619 2594 ὅπως
644 2569 697 2574 -
718 2541 821 2586 εἶναι
850 2549 931 2586 110n
967 2549 1109 2597 poetae
1138 2544 1268 2585 videri
1297 2545 1448 2584 indicat
1478 2544 1668 2585 Sintenis.
1699 2544 1795 2584 Mei-

223 2603 364 2642 nekius
395 2602 499 2642 διακ
527 2602 533 2657 Ι
561 2600 624 2643 ὁδὶ
653 2602 803 2656 βαδίζει
834 2606 879 2646 θ.
911 2600 990 2642 ἓλκ.
1012 2599 1078 2641 όπ.
1106 2602 1112 2652 Ι
1137 2616 1178 2653 μ.
1212 2597 1334 2650 δόξει’
1366 2598 1458 2652 ἐμφ.
1490 2595 1593 2640 εἶναι
1621 2599 1754 2654 πατρί,
1787 2597 1793 2655 Ι

224 2661 283 2697 κλ.
315 2673 355 2698 τε
385 2658 452 2698 καὶ
491 2675 547 2713 τρ.
598 2662 820 2700 mutatione
849 2673 974 2712 paene
1009 2659 1122 2698 nulla
1161 2659 1289 2698 scribo
1319 2657 1471 2710 βαδίζει
1501 2686 1512 2698 .
1535 2688 1544 2698 .
1569 2661 1623 2708 ,Ι
1659 2657 1794 2697 διακε-

225 2714 367 2766 χλιδοός
389 2731 454 2765 τε,
487 2716 701 2769 θοίμάτιον
721 2715 867 2768 ε’λκων,
899 2714 1005 2763 ’ὅπως
1032 2714 1039 2770 Ι
1064 2725 1250 2767 προσεμ
1264 2712 1417 2783 φερὴς
1437 2710 1604 2766 μαλιστα
1625 2710 1721 2769 δόξῃ
1741 2718 1796 2769 τῷ

227 2772 359 2825 πατρί,
386 2772 392 2825 Ι
419 2776 499 2812 κτλ.
532 2775 582 2816 cf
615 2775 821 2825 Arisioph.
854 2775 903 2814 fr.
924 2775 1020 2813 460.
1068 2769 1470 2822 κλασαυχενεύεται
1476 2772 1635 2823 egregie
1666 2773 1793 2822 expri-

159 2834 167 2838 ’
225 2830 302 2869 mit
330 2830 498 2870 fractam
530 2831 748 2871 Alcibiadis
778 2832 821 2870 in
851 2833 983 2882 capite
1004 2829 1198 2882 gestando
1220 2829 1463 2870 mollitiem'.
1493 2829 1667 2868 Meinek.
1689 2828 1792 2868 conl.

226 2886 349 2926 Clem.
380 2886 496 2927 Alex.
527 2888 645 2928 Paed.
678 2890 702 2928 3
733 2902 772 2939 p.
806 2889 887 2928 294
918 2889 964 2927 Ρ.
