1872 3224
197 168 222 210 8
560 159 825 196 ΜΑΓΝΗΤΟΣ
849 156 1006 191 ΛΤΔΟΙ
1030 173 1072 178 -
1096 149 1367 207 ΤΙΤΑΚῙΔΗΣΞ

884 256 1042 291 ΛΤΔΟΙ

307 339 428 378 Arist.
446 338 517 387 Eq.
533 336 613 374 523
635 331 701 371 καὶ
720 329 898 377 λυδίζων.
922 329 971 367 cf.
996 326 1126 366 Schol.
1148 324 1322 375 Hesych.
1343 321 1536 390 λυδίζων·
1553 334 1748 392 γορεύων.
1775 362 1790 385 ἓ,

197 390 263 436 διὰ
292 393 381 442 τοὺς
418 388 601 442 Λυδούς,
640 389 678 428 οἳ
717 385 904 442 σῴζονται
940 382 1035 436 μέν,
1073 379 1548 448 διεσκευασμενοιδ
1598 376 1766 451 εἰσίν.ι

197 455 312 493 Phot.
345 449 556 497 λυδιάζων·
587 444 718 485 Λυδοὶ
748 442 966 496 Μάγνητος
998 445 1067 480 τοῦ
1087 452 1263 504 κωμικου
1293 437 1317 476 δ
1327 439 1747 504 ιεσκευασθησαν,
1848 498 1854 502 ἡ

198 510 445 561 ‘Lydicarum
476 506 729 546 saltationum
748 503 913 541 fractam
941 498 1167 539 mollitiem'
1195 509 1330 536 rlfflsse
1357 496 1519 536 vldetur
1547 493 1748 537 Memekro
1819 506 1827 510 “

196 568 215 606 Ι
254 567 318 606 34.
357 565 511 604 dubitat
547 563 594 601 de
633 560 760 600 titulis
800 557 1093 598 comoediarum
1131 567 1228 605 quas
1267 554 1415 593 scholia
1452 552 1751 604 Aristophaneo.
1815 570 1818 574 ·
1848 579 1854 584 ν

198 622 511 669 commemorant,
535 619 602 659 scd
619 631 699 657 non
718 618 824 656 recte
851 615 917 654 Fr.
939 614 1017 653 Leo
1039 614 1141 652 Mus.
1165 612 1290 650 Rhen.
1307 611 1481 650 XXXIII
1501 611 1580 650 140
1595 610 1688 651 adn.
1708 611 1747 650 1.

950 703 976 745 3

395 777 621 819 λούσαντα
651 771 733 830 χρὴ
764 770 838 816 καὶ
867 770 1110 827 βακκάριδι
1141 769 1421 824 κεχριμένον.

306 862 529 900 Athenaeus
562 860 624 908 15,
664 859 774 897 6900
817 851 1054 907 μνημονεύει
1092 857 1161 905 τῆς
1199 850 1445 905 βακκάριδος
1486 851 1665 906 Μάγνης
1690 850 1750 920 ,ἐν
1839 883 1872 901 Α,

196 917 360 965 Λυδοῖς.
398 931 477 956 non
496 918 593 956 bene
621 914 860 955 conveniunt
889 910 1086 951 λούσαντα
1108 913 1147 950 et
1166 907 1407 962 κεχριμένον.
1446 910 1582 973 itaque
1603 910 1749 952 dub1t0
1862 917 1872 943 ¹

196 989 246 1014 an
275 975 522 1018 scribendum
552 974 604 1013 sit
632 965 703 1024 χρὴ
733 968 977 1020 λουσάμενον
1006 970 1087 1008 κτλ.

949 1058 976 1099 4

396 1127 757 1185 ὀνειρομάντεσιν
787 1124 1030 1176 άναλύταις

308 1210 479 1266 Μάγνης
510 1210 553 1251 ἐν
590 1211 743 1258 Λυδοῖς
774 1211 875 1250 Poll.
907 1211 943 1260 7,
978 1210 1071 1250 188.
1105 1205 1429 1261 ὀνειροκρίτοισιν
1458 1211 1507 1250 A.
1541 1211 1750 1262 ‘quemad-

197 1271 355 1310 modum
383 1267 670 1308 καταδεδέσθαι
698 1269 805 1307 idem
836 1270 897 1307 est
927 1267 1031 1318 quod
1061 1269 1449 1319 πεφαρμακεῦσθαι,
1480 1268 1536 1308 sic
1566 1265 1679 1308 λύειν
1707 1270 1750 1310 et

195 1324 381 1366 ἀναλύειν
410 1329 469 1367 est
496 1328 676 1375 veneficia
704 1327 855 1365 solvere.
897 1325 992 1366 Luc.
1025 1324 1110 1364 Vit.
1144 1326 1247 1364 auct.
1281 1325 1333 1363 25
1365 1321 1574 1365 ἀνάλυσόν
1602 1339 1650 1378 με
1681 1323 1750 1368 καὶ

196 1382 235 1433 ἐξ
272 1380 448 1435 ὑπαρχῆς
487 1382 650 1434 ποίησον
686 1380 918 1434 ἄνθρωπον.
977 1382 1148 1433 Hesych.
1192 1381 1513 1435 περικαθαίρων·
1559 1379 1751 1424 ἀναλύων

196 1438 263 1480 τὸν
291 1438 666 1494 πεφαρμακευμένον
694 1437 721 1493 ἢ
748 1436 1083 1492 γεγοητευμένον’.
1114 1439 1214 1479 Lob.
1247 1439 1445 1491 Aglaoph.
1479 1441 1576 1482 644.

854 1528 1073 1564 ΟΡΝΙΘΕΣ

308 1601 429 1641 Arist.
459 1602 531 1652 Eq.
564 1602 643 1640 522
674 1599 741 1639 καὶ
770 1598 1032 1653 πτερυγίζων,
1070 1613 1160 1639 cum
1199 1600 1320 1640 schol.
1353 1604 1394 1640 et
1427 1602 1599 1642 Meinek.
1630 1603 1650 1643 I
1681 1603 1749 1644 34.

831 1689 1100 1724 ΠΟΑΣΤΡΙΑΙ

308 1761 474 1811 Hesych.
504 1760 730 1813 ποάστριαι·
769 1757 816 1799 οὐ
845 1758 971 1812 μόνον
1000 1759 1046 1799 αἱ
1073 1757 1146 1810 τὴν
1175 1759 1281 1800 πόαν
1311 1759 1354 1800 ἐκ
1384 1767 1455 1801 τοῦ
1486 1761 1612 1815 σίτου,
1642 1761 1747 1805 ἀλλὰ

197 1813 261 1854 καὶ
292 1814 363 1868 τὴν
392 1815 569 1868 καλάμην
590 1812 854 1869 ἕκτίλλουσαι,
885 1814 953 1856 καὶ
981 1816 1161 1858 καθόλου
1182 1818 1228 1858 αἶ
1245 1816 1291 1857 τὰ
1312 1815 1403 1858 κατ’
1426 1817 1575 1873 ἀγροὺς
1595 1824 1750 1874 μισθοῦ

197 1871 454 1925 ἐργαζόμεναι.
495 1875 609 1917 Phot.
641 1873 870 1928 ποάστριαι·
902 1875 948 1914 αἵ
965 1872 1038 1925 τὴν
1066 1874 1172 1915 πόαν
1192 1873 1422 1929 ἐκλέγουσαι
1452 1883 1522 1918 τοῦ
1543 1878 1653 1920 σίτου
1682 1878 1751 1922 καὶ

198 1925 269 1980 τὴν
297 1929 485 1982 καλάμην.
519 1934 794 1984 cognominem
823 1933 1071 1984 Phrynichus
1102 1934 1279 1973 fabulam
1311 1935 1485 1986 scripsit.

949 2022 977 2064 5
1118 2071 1122 2074 ,

396 2084 478 2129 οὐκ
509 2089 630 2130 ἔστιν
661 2087 811 2140 οὐδεὶς
840 2086 939 2132 οὐδ’
973 2087 995 2133 ὁ
1030 2092 1208 2134 Μυσῶν
1239 2092 1435 2147 ἔσχατος.

311 2169 438 2211 Schol.
477 2171 649 2211 Platonis
686 2173 812 2212 Bekk.
846 2175 926 2214 336
973 2176 1135 2213 Μυσῶν
1165 2172 1338 2227 ἔσχατος,
1377 2175 1441 2216 ἐπὶ
1478 2183 1559 2218 τῶν
1596 2175 1748 2220 εὐτελε-

201 2223 359 2265 στάτων.
394 2225 566 2279 Μάγνης
598 2229 811 2285 Ποαστρίᾳ.
850 2230 929 2271 Cic.
951 2232 1079 2274 Flacc.
1104 2234 1170 2282 27,
1193 2235 1244 2273 65
1274 2237 1369 2283 quid
1389 2249 1511 2285 porro
1540 2238 1586 2277 in
1609 2251 1749 2289 qraeco
1831 2246 1834 2248 ’

199 2295 368 2322 sermone
395 2287 474 2323 tam
511 2288 643 2325 tritum
681 2291 794 2337 atquc
829 2290 1056 2329 celebratum
1094 2294 1165 2339 cst,
1203 2305 1323 2340 quam
1350 2295 1387 2332 si
1415 2296 1504 2343 quis
1533 2295 1751 2345 despicatui

201 2340 352 2378 ducitur
386 2344 429 2379 ut
465 2342 668 2391 Mysorum
705 2346 863 2385 ultimus
893 2359 971 2386 esse
1015 2348 1195 2387 dicatur?
1244 2350 1411 2390 Philcm.
1445 2351 1578 2391 Schol.
1609 2353 1749 2404 Eurip.

200 2395 314 2434 Rhes.
337 2397 415 2434 244
448 2395 595 2448 (Σικελ.
617 2398 708 2454 ΙΙΙ).
741 2402 870 2444 Schol.
901 2403 1005 2442 Plat.
1040 2405 1119 2444 367
1151 2405 1277 2446 Bekk.
1308 2407 1442 2447 Miller
1463 2409 1668 2461 Mclanges
1698 2410 1747 2450 de

198 2451 318 2493 litter.
348 2466 517 2504 grecque
548 2456 639 2498 352.
1511 2480 1514 2483 ’

830 2537 1096 2572 ΤΙΤΑΚΙΔΗΣ

310 2598 463 2638 Nomen
493 2601 647 2642 fabulae
677 2606 760 2644 sola
787 2608 933 2646 nititur
962 2609 1208 2662 Bernhardyi
1240 2615 1468 2654 coniectura
1499 2612 1569 2670 (cf.
1601 2616 1653 2656 fr.
1686 2613 1745 2672 6),
1808 2620 1814 2625 ”

199 2667 299 2704 quac
327 2658 461 2695 tamen
490 2672 581 2697 vera
601 2661 765 2711 videtur,
798 2665 874 2703 nisi
894 2666 1000 2714 quod
1021 2669 1167 2707 rectius
1188 2670 1357 2710 fortasse
1379 2674 1568 2713 scribitur
1592 2671 1747 2713 Τιτακί-

200 2710 284 2750 dac:
315 2725 406 2750 nam
426 2714 496 2753 hac
526 2726 773 2757 numerorum
795 2722 1025 2761 confusione
1055 2724 1097 2762 in
1129 2725 1354 2766 fabularum
1382 2729 1514 2770 titulis
1534 2731 1637 2770 nihil
1666 2730 1744 2771 fre-

200 2769 396 2817 quentius.
427 2770 476 2808 cf.
506 2766 714 2825 Ἀχαρνῆς,
746 2775 1036 2830 Προσπάλτιοι,
1076 2776 1268 2833 Ποτάμιοι
1298 2786 1346 2824 al.
1378 2799 1524 2827 nomen
1554 2790 1617 2828 est
1651 2789 1748 2841 pagi

202 2822 328 2863 Attici
362 2826 576 2879 Τιτακίδαι,
616 2830 681 2870 siti
711 2845 833 2885 prope
863 2835 1080 2887 Aphidnas.
1114 2839 1295 2880 Bursian.
1328 2841 1469 2895 Geogr.
1504 2859 1566 2898 gr.
1597 2845 1618 2885 I
1648 2846 1744 2887 336.
