1872 3224
199 208 284 252 630
625 254 628 256 4
845 206 1120 242 ΠΛΑΤῼΝΟΣ

200 313 430 368 Λεωγόρας
460 312 653 381 τρυφερός
694 327 767 360 τις.
823 310 996 351 Πλάτων
1034 309 1136 364 λέγει
1175 313 1259 351 κτλ.
1310 311 1546 353 Athenaeus
1585 314 1633 363 9,
1665 313 1780 353 3870.

188 371 445 427 -κωμῳδεῖται
482 369 557 423 γὰρ
601 366 621 409 ὁ
666 368 883 422 Λεωγόρας
923 366 978 417 ὡς
1019 368 1309 439 γαστρίμαργος
1357 365 1439 408 ὑπὸ
1477 367 1695 418 Πλάτωνος
1737 367 1780 410 ἕν

201 412 423 495 Περιάλγει.
475 429 560 475 πῶς
598 425 673 480 γὰρ
714 428 764 469 Η.
796 425 950 479 Iacobi]
991 424 1088 474 τέως
1125 424 1201 479 γὰρ
1234 427 1343 466 Suid.
1382 441 1422 466 τε
1462 432 1540 466 νῦν
1577 425 1652 480 γὰρ
1684 427 1777 468 Ald.

200 492 301 526 νοῦν
330 500 404 538 γαρ
435 486 583 537 Bergk.
616 485 664 524 R.
697 498 730 524 c.
766 486 853 525 Att.
888 485 969 524 345
1001 485 1103 524 conl.
1138 485 1351 535 proverbio
1381 482 1599 539 μωρότερος
1628 480 1778 537 Μορύ·

199 558 271 595 χου
302 540 471 596 (Phoc.)
503 539 550 581 οὐ
573 541 729 593 δαίμων
748 539 937 594 Meinek.]
965 537 1182 593 εὐδαίμων.
1276 543 1314 580 2.
1337 538 1362 592 ἡ
1384 538 1647 596 Kusterus]
1619 557 1644 594 η
1668 541 1778 583 Suid.

198 602 224 655 ᾐ
258 601 347 639 Ald
439 602 477 640 3.
509 599 685 649 τερπνῶς
719 597 850 651 Suid.]
893 596 1062 650 τερπνὸν
1100 599 1193 638 Ald.
1249 599 1456 638 Hanovius
1495 612 1594 650 quae
1623 600 1781 652 profert

201 658 376 697 Exercit.
410 658 500 696 crit.
531 658 624 698 124
649 658 695 705 5,
740 657 857 696 hodie
898 658 963 695 vix
998 657 1071 695 ulli
1098 656 1394 723 probabuntur.
1445 658 1553 696 recte
1588 661 1674 704 πῶς
1704 653 1780 726 γὰρ

200 711 247 754 οὐ
280 713 450 765 δαίμων,
473 715 669 764 siquidem
700 712 888 765 δαίμονες
922 715 1016 752 sunt
1048 711 1136 765 ρεῑα
1159 708 1338 779 ζώοντες,
1370 714 1396 752 1.
1430 727 1461 752 0.
1493 718 1684 765 τερπνῶς,
1715 709 1782 754 οὗ·

201 769 273 811 δὲν
303 769 614 822 ἐνθυμούμενοι.
656 772 796 811 ‘verba
826 773 920 810 sunt
951 770 1146 821 Perialgis
1186 771 1332 821 ipsius,
1374 771 1442 821 qui
1474 784 1564 810 suas
1595 783 1709 812 curas
1739 773 1782 812 et

203 829 497 868 sollicitudines
530 842 619 867 cum
651 828 889 867 mollissima
919 803 1109 867 istorumU
1121 828 1266 866 inertia
1295 830 1468 867 maestus
1490 829 1778 879 comparabat.’

203 886 341 927 Cobet.
375 885 470 926 Obs.
504 886 593 925 crit.
631 886 724 924 168.
771 885 919 927 Mnem,
951 884 1031 924 VII
1062 885 1158 924 397.
1209 885 1257 923 de
1289 884 1505 924 Glaucetae
1544 887 1781 937 cognomine
1857 928 1859 931 ,

201 945 254 983 cf.
287 957 389 994 quae
421 943 705 982 adnotavimus
736 943 785 981 ad
818 942 1025 992 Aristoph.
1060 941 1137 981 Av.
1164 943 1286 981 1291.
1318 943 1499 992 Morycki
1529 943 1647 983 aedes
1678 944 1781 984 sitne

203 1004 319 1040 erant
348 1001 391 1039 in
419 1002 533 1051 parte
564 1000 675 1038 urbis
707 1003 794 1038 tum
826 1012 906 1038 non
937 999 1110 1038 multum
1131 999 1321 1048 habitata,
1353 1012 1475 1050 prope
1508 998 1777 1051 Olympicum.
1847 985 1856 1001 ⁵

202 1058 466 1097 Wachsmuth
507 1058 652 1096 Athen.
696 1058 776 1096 683
807 1070 847 1095 n.
889 1057 928 1094 4.
981 1056 1032 1096 cf.
1079 1058 1245 1106 interpr.
1293 1056 1500 1107 Aristoph.
1540 1058 1639 1099 Ach.
1683 1059 1778 1098 887.

203 1115 325 1166 Vesp.
360 1116 457 1153 506.
493 1116 614 1153 1142.
646 1100 735 1153 Pac.
763 1115 886 1154 1008.
919 1114 967 1153 de
990 1112 1179 1154 Glauceta
1199 1114 1291 1153 Pac.
1317 1115 1439 1154 1008.
1473 1114 1631 1153 Thesm.
1658 1115 1778 1158 1033.

204 1173 252 1212 de
283 1173 460 1222 Leoyora
490 1172 596 1211 Nub.
633 1173 726 1211 109.

959 1259 1037 1302 107

413 1335 461 1389 ὃς
492 1341 648 1393 πρῶτα
679 1338 763 1394 μὲν
795 1339 972 1382 Κλέωνι
1003 1338 1205 1393 πόλεμον
1233 1337 1414 1395 ἠράμην

322 1424 549 1462 Priscianus
574 1424 638 1466 18,
664 1423 742 1460 221
775 1421 897 1462 Attici
925 1418 1086 1474 ἠράμην
1116 1418 1288 1473 πόλεμον
1315 1420 1414 1474 πρὸς
1439 1427 1582 1462 τοῦτον
1601 1420 1670 1462 καὶ
1690 1419 1780 1464 τού,

206 1495 270 1533 τῳ,
304 1477 478 1518 Πλάτων
507 1476 722 1531 Περιάλγει
762 1476 806 1526 ὃς
846 1484 981 1532 πρώτα
1019 1477 1094 1530 μὲν
1129 1481 1209 1518 κτλ.
1271 1480 1502 1532 Περιαλγεῖ·
1533 1477 1580 1528 ὃς
1612 1481 1779 1522 Person.

206 1539 311 1576 Med.
332 1534 432 1590 139]
470 1539 771 1574 HEPIAAPIOC
794 1536 866 1576 VO
900 1540 1217 1575 ITEPIAAPIOC
1236 1537 1280 1575 R.
1313 1537 1431 1576 aliter
1450 1538 1529 1580 alii.
1561 1538 1609 1578 cf.
1627 1539 1782 1578 Hertzii

205 1596 295 1636 adn.
345 1595 483 1644 itaque
524 1596 569 1633 ut
606 1594 882 1645 Hyperbolum
920 1597 962 1633 et
999 1594 1308 1645 Cleophontem‚
1349 1594 1405 1633 sic
1442 1597 1558 1634 antea
1595 1595 1783 1636 Cleonem
1852 1605 1854 1607 “

207 1652 462 1692 vehementer
483 1652 765 1702 exagitaverat.
817 1654 953 1702 potest
975 1654 1015 1690 et
1045 1652 1229 1690 trimeter
1249 1654 1291 1690 et
1318 1665 1411 1702 pars
1442 1653 1668 1692 tetrametri
1698 1666 1784 1693 esse
1854 1703 1856 1705 ‚

209 1709 271 1760 (ex
302 1708 587 1759 epirrhemate‚
619 1709 720 1748 conl.
754 1708 874 1759 Vesp.
909 1710 1017 1748 1275
1029 1705 1129 1759 sq.),
1161 1708 1268 1759 quod
1299 1721 1441 1748 moneo
1471 1707 1637 1760 propter
1658 1708 1782 1751 Cobe-

207 1770 293 1805 tum
325 1765 421 1805 Obs.
445 1766 532 1804 crit.
563 1767 637 1804 169
651 1779 708 1816 sq.
747 1766 996 1815 probabilius
1026 1768 1159 1805 tamen
1191 1768 1252 1805 est
1281 1765 1506 1817 Perialgem
1527 1767 1659 1817 ipsum
1689 1768 1784 1808 haec

209 1824 355 1868 dicere,
388 1823 445 1862 ita
475 1826 610 1861 tamen
644 1826 687 1861 ut
717 1823 969 1872 Dicaeopolis
992 1823 1090 1862 dicit
1109 1835 1181 1873 pro
1203 1823 1474 1873 Aristophane
1497 1824 1594 1863 Ach.
1618 1825 1698 1864 377
1721 1837 1780 1876 sq.

963 1934 1042 1976 108

417 2012 613 2070 χρηστὸν
643 2012 703 2070 μὴ
735 2011 848 2056 κατὰ
881 2014 1080 2056 Μειδίαν
1111 2011 1426 2069 ὀρτυγοκόπον

325 2097 457 2136 Schol.
489 2097 697 2147 Aristoph.
730 2097 807 2137 Av.
845 2099 951 2137 1297
984 2095 1103 2147 δηλοῖ
1127 2093 1171 2135 δὲ
1202 2101 1318 2136 τοῦτο
1347 2092 1639 2152 (ὀρτυγοκόπον
1658 2099 1782 2139 fuisse

209 2155 391 2204 Midiam)
421 2149 794 2203 Ἀριστοφάνης
835 2151 878 2193 ἐν
917 2152 1129 2206 Περιάλγει
1159 2156 1241 2195 κτλ.
1294 2167 1338 2194 ac
1374 2156 1509 2205 paullo
1540 2157 1632 2206 post
1662 2156 1782 2195 etiam

210 2212 430 2262 Phrynichi
460 2209 684 2263 Ποάστριαι
712 2211 974 2262 Aristophani
1005 2212 1256 2251 tribuuntur.
1294 2212 1442 2251 rectius
1465 2212 1595 2252 Schol.
1616 2212 1781 2252 Lucian.

214 2271 293 2308 186
325 2268 456 2308 Iacob.
489 2276 510 2306 ο
542 2266 586 2306 δὲ
619 2267 795 2315 Μειδίας
828 2264 1095 2320 ὀρτυγοκόπος
1124 2262 1203 2320 ἧν,
1235 2282 1288 2315 ως
1320 2267 1530 2308 Πλάτων
1559 2264 1782 2322 Περιάλκγει.
1804 2266 1810 2273 ’

210 2318 382 2377 χρηστὸν
412 2338 489 2365 om.
521 2325 558 2363 V
588 2339 669 2364 una
700 2330 791 2365 cum
823 2327 1029 2365 notatione
1060 2326 1229 2367 fabulae.
1262 2323 1433 2379 χρηστόν
1468 2340 1511 2378 γε
1549 2323 1603 2377 μὴ
1633 2326 1781 2378 Bergk.

211 2384 259 2422 R.
292 2396 325 2422 c.
359 2384 446 2423 Att.
479 2383 575 2421 425.
627 2383 678 2422 cf.
711 2383 832 2422 etiam
862 2383 1055 2423 Fritzsch.
1086 2383 1202 2424 Daet.
1236 2384 1288 2422 98
1319 2396 1360 2422 11.
1393 2384 1460 2423 57.
1513 2382 1652 2423 001101..
1685 2382 1781 2424 Obs.
1835 2389 1838 2391 ’

212 2441 300 2480 crit.
336 2442 411 2478 171
447 2438 620 2491 χρηστόν
650 2433 723 2478 τιν’
759 2437 908 2491 ἄνδρα,
948 2437 1046 2491 μηδὲ
1086 2437 1186 2478 κατὰ
1218 2437 1286 2478 τὸν
1317 2439 1512 2490 Μειδίαν,
1539 2440 1544 2492 Ι
1572 2437 1640 2479 τὸν
1670 2436 1783 2492 ὀρτυ-

211 2494 396 2549 γοκόπον.
438 2499 478 2535 at
509 2497 656 2536 Mnem.
686 2510 779 2537 nov.
817 2497 857 2536 II
889 2498 970 2536 379
1010 2497 1155 2537 omisso
1194 2497 1301 2547 quod
1331 2497 1374 2536 in
1404 2497 1440 2535 V
1471 2498 1583 2537 deest
1611 2495 1783 2549 χρηστόν

214 2555 374 2604 scripsit
402 2549 456 2604 μὴ
487 2551 587 2592 κατὰ
620 2553 817 2604 Μειδίαν,
844 2555 850 2606 Ι
877 2568 908 2596 τ.
942 2550 1021 2607 ὀρτ.

965 2665 1045 2707 109

270 2742 372 2786 ἀλλ’
403 2742 654 2800 ἡγούμεσθ’
689 2738 742 2788 εὖ
772 2743 1025 2799 κάνδρείως
1053 2746 1207 2800 πολλῷ
1238 2743 1423 2785 πάντων
1453 2744 1734 2799 προέχοντες.

326 2828 554 2867 Priscianus
591 2831 652 2876 18,
686 2830 766 2867 275
797 2827 919 2868 Attici
954 2825 1183 2879 προέχοντες
1222 2823 1374 2864 τούτων
1402 2823 1471 2864 καὶ
1502 2824 1676 2879 τούτοις,
1715 2826 1783 2869 καὶ

214 2886 345 2938 πολλῷ
374 2882 552 2924 πάντων.
604 2883 780 2924 Πλάτων
815 2879 1028 2936 Περιάλγει
1063 2885 1143 2922 κτλ.
1194 2878 1440 2936 ἡγούμεσθ’]
1475 2884 1781 2924 ΗΓΟΤΝΕΟΘΑ
