1872 3224
627 208 836 244 ΑΔΗΛΩΝ
863 210 1133 246 ΔΡΑΜΑΊῺΝ
1592 217 1676 258 201

35 343 42 374 4
93 310 238 360 Αἴλιος
273 307 503 362 Διονύσιος,
536 309 598 351 ὅτι
627 309 793 353 ἆκέανοι
823 313 869 354 τὰ
903 313 947 355 ἐν
977 320 1122 366 φακοῖς
1154 317 1376 371 στρογγύλα
1407 319 1474 360 καὶ
1505 320 1680 360 δυσκάτ-

33 415 48 426 -.
91 384 194 410 ακτα
225 367 399 423 ὄσπρια,
431 366 569 422 φέρων
598 370 667 411 καὶ
695 377 840 424 χρῆσιν
869 369 1147 427 Φερεκράτους
1179 375 1352 428 ταύτην·
1384 376 1566 430 κυάμους
1598 382 1679 419 κτλ.

34 476 36 478 v
92 423 264 486 ἇφάκην
284 449 339 458 ——
359 422 584 475 άκεάννους
606 428 796 483 Meinek.]
821 436 963 482 φακῆν
984 454 1038 460 -
1055 427 1266 481 άκεάνους.
1301 433 1405 482 ζειάς
1426 437 1680 476 scribendum

93 498 181 527 esse
209 498 283 538 pro
314 483 419 534 ζείας
448 485 645 526 indicavit
675 487 726 526 H.
758 487 895 527 Iacobi
917 489 951 526 V
975 491 1040 532 29.
1073 490 1289 534 Herodian.
1321 493 1341 531 I
1363 494 1457 542 285,
1483 495 1506 534 9
1538 494 1677 534 Lentz.

23 541 30 573 ἶ
92 539 177 592 ζειαί
205 537 312 591 εἶδος
341 544 506 596 κριθῆς.
537 543 587 583 cf.
618 543 658 583 II
690 545 787 594 451,
811 546 878 585 34.
913 547 1010 599 515,
1037 550 1072 587 1.
1106 549 1202 597 583,
1227 551 1293 589 31.
1325 550 1495 590 Bekker.
1529 552 1678 591 Anecd.

94 601 191 651 371,
217 603 241 642 7
273 597 458 640 ἆκέανοι’
491 597 538 640 τὰ
561 598 606 640 ἐν
627 604 709 649 τοῖς
740 605 887 652 φακοῖς
910 603 1132 657 στρογγύλα
1153 604 1220 645 καὶ
1242 605 1497 647 δυσκάτακτα
1519 606 1677 661 ὄσπρια.

90 658 267 711 Hesych.
295 654 482 698 άκεανοί·
515 658 557 697 οἱ
581 655 656 709 μὲν
686 657 733 698 τὰ
756 657 798 699 ἐν
820 664 902 708 τοῖς
934 665 1080 711 φακοῖς
1113 662 1352 716 στρογγύλα,
1384 665 1424 704 οἵ
1450 662 1494 704 δὲ
1525 663 1679 718 σπέρμα

91 711 165 768 οὐχ
185 711 387 768 ἑψόμενον
407 712 502 755 οὐδὲ
522 714 818 770 διαιρούμενον.
850 733 985 759 veram
1006 721 1315 771 originationem
1338 723 1530 773 ignotam,
1560 737 1678 774 paen-

0 773 16 825 ξῖ
90 775 276 814 ultimam
312 774 478 826 longam
517 787 601 814 esse
640 775 758 815 docet
793 776 968 816 Lobeck.
1006 778 1165 817 Pathol.
1202 780 1306 829 prol.
1352 781 1446 820 180.
1505 781 1554 820 of.
1593 782 1677 820 Ari-

0 826 26 857 ‘'2
91 831 226 883 stoph.
257 832 308 871 fr.
340 833 437 874 412.
469 832 570 875 480.

849 922 931 966 189

456 994 493 1044 ὦ
524 1001 823 1053 ξανθοτάτοις
852 1003 1117 1059 βοτρύχοισι
1149 1007 1319 1060 κομῶν.

10 1118 39 1141 3
209 1085 354 1125 Pollux
386 1087 423 1135 2,
457 1087 509 1125 27
541 1083 609 1125 καὶ
640 1079 926 1138 εὖβόστρυχος,
963 1081 1068 1141 ἀνὴρ
1097 1083 1183 1140 ἅμα
1213 1087 1280 1127 καὶ
1309 1087 1426 1141 γυνή.
1476 1088 1676 1142 Φερεκρά-

92 1157 160 1194 της
189 1139 252 1182 δέ·
290 1135 325 1183 οἷ
355 1138 617 1192 ξανθοτάτοις
646 1146 726 1185 κτλ.
757 1142 987 1198 βοτρύχοισι
1038 1146 1187 1198 Bergk.
1210 1146 1355 1186 Anacr.
1381 1145 1478 1200 255]
1511 1146 1676 1200 βοστρύ-

90 1209 205 1252 χοισι.
238 1201 291 1241 cf.
323 1200 425 1241 Lob.
457 1201 576 1241 Path.
607 1203 712 1252 prol.
746 1203 841 1242 339.

843 1337 926 1380 190

261 1416 541 1472 βριθομένης
570 1415 759 1460 πάντων
788 1414 980 1472 ἀγαθῶν
1013 1418 1228 1474 ἐπίμεστα
1259 1419 1486 1475 τραπέζης.

204 1511 382 1563 Hesych.
416 1509 627 1563 ἕπίμεστα·
659 1509 812 1564 πλήρη,
843 1509 1046 1551 τουτέστιν
1076 1510 1141 1552 ἐπὶ
1171 1516 1372 1566 κεφαλῆς,
1404 1512 1472 1553 καὶ
1501 1508 1554 1565 μὴ
1575 1510 1674 1553 οἷπε-

90 1565 268 1620 ψημένα.
306 1568 578 1622 Φερεκράτης·
610 1567 868 1622 βριθομένων
896 1566 1070 1622 ἀγαθοῖν
1101 1567 1164 1610 ἐπὶ
1192 1569 1397 1622 τραπέζης.
1429 1569 1675 1624 βριθομένης

91 1624 258 1666 πάντων
287 1627 436 1678 Bergk.
469 1628 516 1667 R..
549 1640 581 1667 c.
614 1628 703 1667 Att.
736 1629 832 1668 304.
878 1625 1069 1679 ἐπίμεστα
1099 1629 1325 1668 Blomfield.
1367 1629 1499 1669 Gloss.
1530 1630 1675 1669 Aesch.

93 1678 204 1735 Se‘pt.
230 1685 325 1724 141.
357 1684 529 1724 Bekker.
562 1686 713 1726 Anecd.
737 1686 804 1734 40,
835 1686 861 1723 4
893 1682 1080 1736 ε’πίμεστα
1110 1688 1314 1725 πλουτῶν·
1347 1680 1434 1725 οἷον
1470 1682 1675 1739 ὑπερβάλ-

93 1743 203 1780 λοντι
232 1741 286 1797 τῷ
314 1739 467 1796 μέτρῳ,
496 1738 587 1782 ἀντὶ
617 1747 688 1782 τοῦ
720 1739 830 1782 πάνυ
860 1744 1061 1783 πλουτῶν.

845 1877 923 1920 191

209 1954 272 1999 ἵν’
307 1954 624 2013 άφυπνισθῆτ’
658 1951 744 2000 οὗν
776 1954 1025 2013 άκροᾶσθ’·
1056 1956 1143 2013 ἤδη
1174 1955 1262 2012 γὰρ
1293 1957 1368 1999 καὶ
1400 1956 1598 2013 λέξομεν.

205 2052 375 2092 Bekker.
397 2051 548 2094 Aneod.
571 2052 676 2102 473,
697 2054 722 2092 8
758 2047 1093 2104 άφυπνισθῆναι·
1132 2050 1175 2090 τὸ
1207 2049 1246 2100 ἐξ
1275 2050 1410 2091 ὕπνου
1441 2049 1668 2104 ἐγερθῆναι.

90 2107 343 2162 Φερεκράτης
374 2111 454 2148 κτλ.
487 2122 628 2150 versus
661 2112 723 2149 est
752 2110 1000 2160 Eupolideus
1032 2124 1078 2149 ex
1109 2110 1305 2160 parabasi.
1352 2110 1414 2148 ‘ut
1443 2123 1490 2148 ex
1521 2122 1671 2157 somno,

91 2180 163 2218 per
192 2180 311 2218 quem
341 2167 431 2206 aliis
461 2167 591 2217 poetis
622 2168 847 2217 praemium
879 2167 1056 2207 dandum
1086 2167 1288 2218 putabatis
1299 2169 1314 2213 ‚²
1340 2167 1502 2206 tandem
1534 2180 1674 2216 exper-

92 2225 319 2275 giscamini,
351 2225 430 2263 iam
460 2226 642 2264 nostrum
673 2226 832 2275 poetam
863 2225 998 2264 audite
1020 2226 1068 2264 de
1097 2225 1178 2264 suis
1200 2224 1420 2264 virtutibus
1443 2225 1673 2263 dicentem'.

93 2282 144 2324 cf.
179 2282 330 2322 Cratin.
366 2282 463 2321 306.

847 2371 929 2413 192

205 2453 445 2494 Eustathius
480 2454 602 2503 1428,
625 2455 678 2494 62
709 2452 799 2506 περὶ
827 2448 876 2506 ἧς
909 2452 1035 2507 (Χίας
1056 2449 1235 2502 κύλικος)
1266 2449 1333 2491 καὶ
1364 2449 1429 2491 ὅτε
1450 2455 1675 2505 κατενεχθῇ

92 2509 136 2550 ἐκ
166 2516 238 2550 τοῦ
269 2509 480 2550 πασσάλου
509 2510 640 2559 παίζει
670 2506 691 2551 ὁ
723 2509 975 2564 Φερεκράτης
1007 2509 1071 2550 ἐπὶ
1101 2511 1269 2563 διαβολῇ
1309 2509 1519 2561 γυναικῶν
1548 2503 1595 2548 τα
1629 2507 1673 2548 ἐν

93 2571 174 2616 τοῖς
206 2565 298 2620 ἑξῆς
328 2581 408 2607 που
439 2564 769 2620 δηλωθησόμενα.
821 2572 914 2608 ‘non
948 2570 1064 2608 stetit
1092 2567 1331 2619 promissis’.
1371 2567 1542 2606 Meinek.
1594 2568 1671 2606 for-

93 2629 200 2666 tasse
230 2626 281 2665 ad
313 2626 584 2677 Tyrannidem
614 2627 882 2666 referendum.
923 2627 971 2665 cf.
1002 2626 1214 2675 Hermipp.
1248 2625 1315 2663 55.

843 2761 922 2803 193

206 2843 336 2884 Schol.
369 2844 492 2895 Soph.
524 2844 673 2884 Elecbr.
706 2845 759 2884 86
799 2838 831 2882 οῗ
868 2848 955 2896 γῆς
995 2838 1254 2894 ἰσόμοιρος
1293 2837 1409 2894 άήρ·
1448 2839 1515 2880 καὶ
1547 2840 1671 2880 ταῦτα

94 2897 140 2941 δὲ
169 2900 421 2954 Φερεκράτης
451 2899 704 2956 παρῴδηκεν.
