1872 3224
221 177 270 218 18
437 216 439 219 r
860 163 1111 199 KPA'I'INOT

328 279 493 318 Bekker.
514 274 662 314 Anecd.
684 273 777 322 429,
801 271 852 308 23
874 271 913 308 et
933 268 1073 306 Suidas
1102 260 1391 303 ἀποκτιννύναι
1409 269 1418 280 ·
1459 257 1769 327 ἀποκτίννυσιν·

218 331 470 375 ἀποκτίννυσι
507 329 660 383 λέγουσι
703 329 850 379 μᾶλλον
892 321 921 375 ἦ
963 317 1231 362 ἀποκτιννύει.
1293 321 1487 370 Κρατῖνος
1533 318 1771 364 Βουκολοις.

220 393 381 432 Lucian.
412 391 511 429 Pisc.
544 389 595 426 35
626 384 698 436 ἔπη
727 380 853 434 μάτην
888 378 1075 432 ὁσημέραι
1112 375 1214 430 πρὸς
1244 373 1380 415 αὐτῶν
1416 373 1461 414 ἐν
1498 377 1588 421 ταῖς
1627 372 1773 426 διατρι-

219 450 308 501 βαῖς
338 439 658 497 σκιαμαχούμενα.
717 439 901 480 Eustath.
926 440 1020 486 663,
1046 439 1094 476 16
1116 432 1213 486 ἀέρα
1235 433 1384 486 δαίρων
1415 430 1588 485 (δέρων).
1638 434 1775 477 contra

220 507 363 545 caelum
391 503 633 553 pugnantem
665 499 780 546 facit,
811 497 916 546 quod
945 507 1072 544 neque
1103 493 1335 533 vulneretur
1363 503 1492 555 neque
1522 490 1774 555 plagam-re-

219 564 339 613 gerat.
398 572 469 598 nos
500 559 588 597 ‘den
616 556 742 595 Mond
771 553 975 593 anbellen’.
1033 552 1075 590 in
1106 551 1296 589 dimetros
1328 549 1495 599 digessit
1525 546 1771 611 Memekqu

221 619 374 668 sumpta
403 616 505 654 enim
547 614 730 653 videntur
767 624 813 649 ex
850 611 1064 660 systemate
1102 607 1268 646 iambico
1307 608 1348 644 et
1386 603 1684 644 concertatione
1722 614 1774 643 m-

220 675 304 713 mili
335 673 491 712 Cleonis
520 673 561 709 et
588 668 782 709 Insiciarii
811 668 853 706 in
882 666 1108 716 Equitibus.

973 799 1023 841 18

332 909 551 961 Hesychius
572 903 846 959 πυρπερέγχει*
893 906 1082 955 Κρατῖνος
1113 899 1207 941 ἀπὸ
1241 899 1564 954 διθυράμβου
1595 898 1640 940 ἐν
1671 901 1774 940 Βου-

221 963 349 1014 κόλοις
392 963 686 1018 ἆρξάμενος,
726 959 859 1010 ἐπειδὴ
900 959 1015 1012 χορὸν
1053 957 1125 999 οὐκ
1163 958 1276 1012 ἔλαβε
1314 957 1421 1010 παρὰ
1458 956 1564 1014 (cod.
1594 954 1668 1012 πὲ)
1705 961 1777 997 τοῦ

219 1022 404 1075 ἄρχοντος
435 1021 538 1061 ἔστιν
567 1016 616 1060 οὗ
644 1017 789 1072 ἠτήρει.
822 1019 1076 1075 Casaubpnus
1106 1022 1186 1069 πῦρ
1216 1022 1300 1067 πῦρ
1331 1015 1454 1068 ἔγχειε
1488 1017 1686 1067 Κρατῖνος
1709 1044 1748 1054 ..
1766 1043 1776 1055 .

221 1078 338 1132 ἔλαβε
367 1077 470 1131 παρὰ
501 1083 571 1116 τοῦ
599 1075 786 1129 ἄρχοντος
814 1072 908 1127 παρ’
942 1076 989 1113 οὐ
1019 1070 1166 1128 ᾐτήκει.
1226 1075 1423 1126 Bergkius
1453 1074 1502 1112 R.
1534 1086 1566 1113 c.
1601 1074 1687 1113 Att.
1720 1073 1772 1112 31
1816 1095 1820 1099 -
1860 1083 1863 1088 ·

221 1136 300 1189 πῦρ
329 1135 424 1188 πυρὶ
454 1133 563 1187 ἔγχει.
623 1134 857 1173 Fritzschius
886 1132 1027 1183 (Arist.
1050 1132 1148 1170 Ran.
1165 1146 1204 1182 p.
1230 1132 1300 1183 57)
1333 1135 1415 1182 πῦρ
1447 1124 1550 1183 πρὸς
1581 1127 1682 1182 ἔγχει
1706 1159 1717 1170 .
1737 1157 1747 1168 .
1765 1157 1774 1168 .

221 1191 326 1246 παρὰ
357 1198 425 1231 τοῦ
446 1186 642 1243 ἄρχοντος.
701 1188 806 1229 ἔστιν
831 1183 905 1228 οὗν
925 1187 1032 1241 τήρει
1054 1186 1140 1241 (τὸν
1160 1185 1474 1240 τεθυμωμένον),
1505 1186 1614 1240 τήρει
1643 1189 1777 1227 autem

222 1251 504 1300 interpretatur
535 1249 667 1289 ‘cave'.
726 1251 767 1286 at
797 1259 885 1286 cave
919 1259 1059 1297 graece
1096 1249 1159 1285 est
1197 1241 1392 1298 εὐλαβοῦ,
1433 1243 1656 1295 φυλάττου,
1694 1256 1777 1285 non

225 1303 342 1357 τήρει,
372 1309 414 1345 et
442 1306 694 1356 proverbium
725 1304 829 1354 quod
861 1303 1045 1342 Cratinus
1083 1303 1304 1352 paullulum
1341 1303 1560 1342 inmutavit
1588 1314 1670 1341 non
1699 1301 1779 1341 fuit

222 1369 302 1415 πῦρ
328 1362 496 1415 μαχαίρᾳ
525 1359 742 1412 σκαλεύειν,
766 1360 833 1399 sed
852 1365 931 1410 πῦρ
960 1357 1024 1397 ἐπὶ
1043 1364 1137 1411 πῦρ,
1159 1360 1186 1398 i.
1209 1373 1242 1399 e.
1264 1357 1391 1398 κακὸν
1412 1357 1475 1398 ἐπὶ
1494 1363 1606 1414 κακῷ
1627 1358 1778 1399 Zenob.

225 1421 263 1471 5,
294 1422 359 1459 69.
390 1420 553 1468 Diogen.
588 1420 624 1464 6,
658 1420 723 1456 71.
755 1417 934 1456 Boisson.
966 1417 1116 1455 Anecd.
1148 1416 1189 1455 ΙΙ
1220 1419 1271 1456 56
1304 1416 1340 1456 εἰ
1366 1414 1464 1469 πυρὶ
1498 1421 1581 1469 πῦρ
1619 1411 1778 1468 ἐπάγεις

225 1475 402 1528 βρόμιον,
430 1472 532 1526 μάλα
558 1467 702 1512 πολλὸν
721 1468 921 1523 ἆνοὲπτεις,
953 1485 1120 1523 quocum
1152 1474 1435 1513 Boissonadius
1473 1473 1643 1513 contulit
1670 1473 1778 1513 Flor.

225 1532 264 1581 4,
297 1535 319 1572 6
350 1545 436 1572 cum
464 1533 566 1571 solus
591 1533 723 1581 yravis
750 1532 981 1579 reipublicae
1010 1534 1102 1570 esset
1130 1529 1352 1580 Antonius,
1387 1532 1501 1580 quasi
1528 1532 1665 1582 ignis
1700 1531 1778 1570 in·
1862 1555 1868 1560 ·

225 1591 385 1629 cendio
420 1589 590 1638 Lepidus
625 1589 790 1627 accessit.
850 1588 974 1626 Arist.
1014 1587 1062 1626 fr.
1093 1588 1186 1628 453.
1224 1588 1325 1627 Plat.
1358 1588 1453 1638 Leg.
1486 1589 1531 1637 2,
1564 1589 1687 1628 666a
1726 1581 1775 1627 οὗ
1834 1612 1836 1614 v

225 1644 295 1698 χρὴ
325 1650 404 1696 πῦρ
434 1643 496 1683 ἐπὶ
524 1649 603 1695 πῦρ
640 1641 833 1695 ὀχετεύειν
870 1641 937 1696 (de
968 1640 1092 1697 vino).
1131 1643 1366 1684 facillimum
1399 1646 1561 1685 videtur
1598 1645 1776 1685 scribere

226 1701 346 1754 πυρὶ
374 1707 466 1752 πῦρ
497 1699 699 1753 ἐπέγχει.
758 1702 854 1739 Eur.
887 1700 995 1751 Cycl.
1028 1702 1110 1740 423
1143 1698 1216 1753 ἐγὼ
1247 1698 1286 1739 δ’
1328 1699 1523 1753 ἐπεγχέων
1552 1699 1679 1753 ἄλλην
1709 1696 1776 1742 ἐπ’

224 1757 320 1813 ἄλλῃ
350 1755 537 1809 σπλάγχν’
572 1756 807 1809 ἐθέρμαινον
843 1762 960 1811 ποτῷ.
1019 1758 1247 1797 felicissima
1283 1760 1547 1798 translatione
1586 1759 1775 1800 Cratinus

225 1817 419 1855 Bacchum
447 1817 629 1865 precatur
658 1819 702 1853 ut
730 1815 790 1853 his
820 1815 916 1864 ipsis
936 1814 1139 1865 Dionysiis
1169 1828 1249 1854 non
1279 1816 1429 1863 vinum,
1460 1820 1506 1856 ut
1535 1817 1674 1866 soleat,
1706 1814 1777 1856 sed

225 1873 336 1924 ignes
363 1872 519 1922 ignibus
549 1871 857 1921 superinfundat,
888 1872 916 1910 i.
949 1884 981 1910 e.
1013 1872 1126 1922 ignes
1154 1872 1455 1923 indignationis,
1488 1886 1588 1923 quos
1617 1874 1703 1924 ipse
1732 1874 1777 1913 in

227 1930 449 1967 archontem
478 1929 643 1967 emittat.
702 1929 813 1979 ignes
843 1928 978 1966 bibere
1009 1928 1113 1977 vult,
1153 1931 1200 1967 ut
1235 1930 1370 1980 ignem
1409 1933 1579 1970 evomat.
1627 1931 1677 1970 ab
1715 1931 1777 1971 his

227 1985 357 2025 verbis
385 1985 575 2034 paredum
605 1985 722 2023 simul
753 1987 792 2023 et
812 1985 988 2023 fabulam
1009 1987 1127 2035 poeta
1146 1985 1303 2025 videtur
1323 1999 1485 2026 exorsus
1508 2000 1606 2027 esse.
1640 1988 1776 2040 dithy-

230 2041 408 2079 rambum
438 2044 566 2079 autem
595 2042 808 2091 adpellavit
829 2042 1062 2092 Hesychius,
1094 2043 1298 2093 ‘quoniam
1330 2046 1370 2082 et
1400 2046 1690 2085 sententiarum
1721 2058 1781 2085 ar-

233 2098 324 2136 dore
355 2097 531 2136 fervebat
559 2101 599 2136 et
626 2098 799 2137 numeris
829 2098 1030 2137 ferebatur
1060 2100 1409 2140 concitatissimis’.
1442 2102 1616 2142 Meinek.

985 2233 1036 2275 19

345 2323 466 2361 Bekk.
499 2324 641 2362 Anecd.
674 2326 766 2373 394,
789 2328 813 2365 8
835 2329 875 2365 et
905 2326 1043 2366 Suidas
1074 2323 1318 2380 ἆνὸρακοὶὃα.
1378 2323 1658 2382 ἀνδρακάς·
1690 2326 1781 2371 κατ’
1814 2354 1818 2358 ⁴

234 2375 532 2442 ἄνδραῃχωρίς.
589 2381 782 2432 Κρατῖνος
820 2380 863 2421 ἐν
903 2380 1128 2430 Βουκόλοις.
1188 2387 1293 2436 apud
1331 2387 1558 2427 Bekkerum
1594 2391 1781 2441 corrupte

238 2447 279 2471 το
306 2448 402 2472 κατα
432 2433 557 2488 ἄνδρα
586 2436 768 2490 χωρῆσαι.

1805 2281 1839 2303 αἱ·
1847 2281 1851 2284 ’

981 2562 1037 2605 20

247 2700 266 2715 η
350 2649 472 2687 Bekk.
505 2651 647 2690 Anecd.
680 2654 772 2702 395,
805 2656 856 2693 27
888 2657 928 2694 et
957 2656 1066 2696 Suid.
1105 2655 1310 2698 ἆνεσίαν
1344 2653 1417 2711 τὴν
1445 2658 1588 2702 ἄνεσιν
1616 2661 1684 2702 καὶ
1713 2655 1787 2715 τὴν

238 2703 388 2743 αὸειαν.
447 2707 637 2756 Κρατῖνος
668 2708 891 2757 Βουκόλοις.
923 2713 972 2751 cf,
1003 2713 1102 2754 Lob.
1132 2716 1281 2767 Phryn.
1314 2718 1395 2756 527
1429 2716 1601 2772 (Mein.).

352 2762 413 2799 Ad
455 2762 649 2803 Bubulcos
691 2770 893 2815 praeterea
936 2770 981 2810 fr.
1014 2772 1092 2810 281
1132 2774 1172 2811 et
1217 2774 1297 2813 286
1342 2775 1541 2815 referebat
1584 2777 1783 2829 Bergkius

241 2817 285 2857 R.
316 2829 346 2855 c.
379 2819 460 2856 Att.
491 2820 556 2858 34.
587 2821 636 2859 cf.
669 2824 787 2861 etiam
818 2825 866 2863 fr.
901 2826 996 2865 294.
