1872 3224
542 180 895 220 ΠΡΟΣΠΑΛΤῙΟΙ
957 185 1227 227 ΤΑΞΙΑΡΧΟΙ
1582 198 1666 241 325

137 283 270 330 πολις
303 313 312 323 .
339 314 347 323 .
371 313 381 323 .
415 343 422 351 .
449 285 726 336 ροσπαλτίοις·
756 287 890 330 πάντα
920 294 1000 333 κτλ.
1037 291 1133 335 ἄπει
1163 296 1394 353 Putschius]
1428 305 1517 339 ΑΠΙ
1539 303 1662 344 VRO.

52 342 180 391 mn
208 334 264 384 Μ.
296 340 496 383 ‘ommbus
527 345 620 385 bene
642 349 846 396 peractis?

843 484 924 528 247

291 567 362 613 ὅτι
393 570 536 626 χωλὸς
565 571 650 629 τὴν
680 581 807 631 χεῖρα
841 575 900 619 σύ
931 578 1126 633 σφόδρα.

197 665 390 706 Proverb.
422 668 570 708 Milleri
601 665 829 723 (Melanges
861 672 961 722 362)
1003 672 1164 714 Κύλλου
1201 673 1353 728 πήραν·
1388 709 1397 718 .
1422 710 1429 718 .
1451 711 1459 719 .
1491 680 1659 730 κυλλούς

70 717 128 765 δὲ
154 717 323 763 ’Λττικοὶ
351 722 427 788 καὶ1
451 722 515 764 ἐπὶ
545 730 628 765 τῶν
658 733 802 780 χειρῶν
831 727 898 768 καὶ
929 727 992 770 ἐπὶ
1032 736 1112 770 τῶν
1149 732 1287 773 ποδῶν
1316 731 1459 786 ὁμοίως
1490 735 1659 790 λέγουσι,

18 798 38 807 -
70 777 149 821 ’καὶ
177 778 331 832 χωλοὺς
362 795 456 830 τους
487 786 600 837 χεῖρα
630 783 957 838 πεπηρωμένους,
989 784 1044 836 ὥς
1076 788 1143 829 καὶ
1173 788 1349 839 Εὔπολις
1381 791 1423 832 ἐν
1454 795 1660 846 Προσπαλ-

13 858 18 891 5
46 852 48 854 ’
81 836 199 902 τξίοις
229 839 311 878 κτλ.
344 840 393 880 cf.
427 854 530 892 quae
560 843 843 884 adnotavimus
874 845 923 884 ad
945 845 1002 886 rfr.
1035 848 1130 886 343.
1172 850 1347 899 proclive
1378 854 1438 891 est
1466 856 1557 903 post
1586 868 1657 904 χω-

8 899 28 938 ss
79 897 146 943 λος
176 896 353 952 inserere
385 893 430 950 εἶ,
462 902 509 939 ut
540 901 594 940 sit
623 901 809 941 trimeter
838 903 982 943 ultimo
1011 905 1361 955 pedermutilatus.

833 1037 918 1081 248

285 1121 315 1181 ἦ
345 1123 492 1182 πηλὸν
522 1125 730 1183 ὀργάζειν
759 1130 863 1172 τινά

193 1221 330 1262 Schol.
363 1222 578 1274 Aristoph.
611 1224 688 1265 Av.
721 1226 803 1264 839
833 1222 1008 1278 ὄργασον
1036 1222 1126 1266 ἀντὶ
1154 1226 1225 1266 τοῦ
1253 1226 1444 1279 μάλαξον.
1476 1228 1653 1279 Εὔπολις

77 1278 376 1332 Προσπαλτίοις
408 1282 491 1324 κτλ.
522 1278 654 1331 πηλὸν
684 1277 863 1335 ὀργάζειν
892 1284 1052 1323 Ruhnk.
1086 1285 1189 1324 Tim.
1221 1285 1317 1337 180]
1359 1284 1482 1337 πηλὸς
1521 1282 1651 1342 ὄργιά-

75 1336 168 1384 ζειν.
228 1333 318 1378 τινά
348 1338 498 1390 pendet
526 1339 577 1379 ab
609 1352 654 1379 eo
686 1340 793 1391 quod
824 1341 1016 1382 excidisse
1046 1342 1207 1382 videtur
1236 1341 1309 1382 δεῖ.

830 1487 914 1531 249

189 1579 515 1631 Sch012Platon.
549 1583 628 1623 391
662 1584 790 1623 Bekk.
831 1584 1028 1635 Κρατῖνος
1067 1581 1111 1622 δὲ
1136 1580 1317 1639 Ὀμφάλῃ
1350 1583 1548 1637 τύραννον
1577 1581 1650 1625 αὖ·

66 1634 147 1707 ετὴν
167 1633 333 1690 (Ἀσπα
341 1637 397 1709 9·ίὶ
398 1654 424 1678 α
434 1639 474 1691 ν)
496 1641 611 1680 καλεῖ
617 1671 627 1689 ,
649 1639 819 1707 ’Χείρων
838 1638 1019 1707 Εὔπολις
1039 1640 1175 1689 Φίλοις
1188 1654 1198 1664 ’
1231 1639 1276 1681 ἐν
1295 1638 1339 1680 δὲ
1361 1641 1652 1694 Προσπαλτίοις

71 1691 606 1795 ξεῗοῖὲῖᾌῖᾝνωκέἒιῗὼ
618 1699 725 1797 Ῑὲἓέθ
742 1699 1150 1797 effffmcffl‘iiurfiin
1169 1700 1316 1807 Εῗζῗῗ
1347 1702 1446 1796 {iit
1481 1703 1650 1740 ”mrtem

731 1898 999 1940 ΤΑΞΙΑΡΧΟΙ

182 2020 244 2059 De
275 2020 404 2059 forma
443 2017 649 2070 ταξίαρχος
689 2019 737 2059 cf.
769 2019 988 2058 Herodian.
1025 2019 1045 2057 Ι
1077 2020 1182 2069 230,
1218 2021 1266 2058 11
1318 2019 1457 2059 Lentz.
1501 2020 1646 2060 taxiar-

69 2076 161 2116 chos
205 2077 327 2117 denos
366 2077 581 2127 quotannis
620 2090 642 2115 a
680 2076 831 2126 populo
871 2076 1175 2116 Atheniensium
1213 2078 1367 2116 creatos
1407 2090 1491 2117 esse
1531 2078 1647 2116 docet

68 2133 216 2174 Pollux
246 2136 284 2183 8,
318 2134 387 2173 87.
441 2135 654 2184 praeerant
683 2146 774 2172 cum
806 2134 997 2184 strategis
1029 2134 1152 2184 copiis
1182 2134 1450 2184 pedestribus,
1472 2136 1517 2172 ut
1547 2131 1643 2172 ἵππ-

68 2205 182 2243 αρχοι
219 2192 305 2231 bini
342 2203 509 2230 numero
548 2193 589 2230 et
630 2191 722 2230 deni
753 2188 951 2242 φύλαρχοι
984 2191 1199 2241 equitibus.
1232 2192 1396 2231 chorum
1418 2191 1643 2230 comoediae

69 2248 225 2289 efficere
256 2262 337 2289 non
367 2250 569 2300 poterant,
602 2249 680 2288 nisi
710 2248 952 2288 nobilissimi
989 2261 1035 2287 ex
1073 2248 1284 2288 taxiarchis
1323 2249 1541 2288 multorum
1570 2261 1640 2287 an-

66 2320 213 2347 norum
244 2307 499 2359 eligerentur.
547 2307 826 2357 argumentum
865 2306 1089 2345 comoediae
1127 2306 1384 2345 adumbravit
1421 2305 1642 2344 Meinekius

67 2365 88 2404 I
121 2365 270 2416 143sq.
303 2364 432 2404 Schol.
467 2363 676 2414 Aristoph.
708 2363 804 2405 Pacr
833 2363 914 2403 347
951 2360 1198 2410 Διόνυσος
1240 2360 1284 2401 ἐν
1318 2357 1546 2413 Ταξιάρχοις

65 2417 349 2474 μανθάνων
385 2413 522 2473 παρα
564 2425 625 2476 τῷ
661 2418 917 2473 Φορμίωνι
958 2418 1049 2467 τοὺς
1088 2425 1167 2458 τῶν
1197 2424 1442 2471 στρατηγιῶν
1470 2416 1537 2457 καὶ
1565 2431 1638 2456 πο-

43 2476 199 2531 λέμων
230 2477 392 2531 νόμους.
425 2479 611 2518 similiter
640 2478 933 2528 Aristophanes
971 2478 1012 2516 in
1043 2478 1164 2516 Ranis
1196 2476 1395 2515 Bacchum
1426 2476 1556 2525 ipsum
1589 2476 1639 2514 ad

66 2537 218 2577 inferos
265 2537 575 2577 descendentem
619 2536 716 2575 fecit
760 2537 807 2574 ut
844 2535 1088 2585 tragicorum
1125 2535 1323 2584 optimum
1359 2533 1540 2572 Athenas
1578 2545 1638 2571 re-

67 2594 243 2635 duceret.

179 2652 465 2692 Phormionem
496 2664 585 2691 cum
617 2652 686 2689 aut
715 2651 881 2690 exeunte
913 2648 975 2689 Ol.
1009 2649 1076 2699 87,
1110 2649 1135 2686 4
1175 2649 1244 2686 aut
1280 2647 1443 2686 ineunte
1475 2644 1537 2685 01.
1569 2646 1637 2694 88,

69 2711 90 2748 1
123 2711 330 2749 mortuum
362 2721 448 2749 esse
479 2722 526 2748 ex
557 2708 680 2748 Thuc.
705 2708 745 2758 2,
771 2708 861 2747 103.
895 2709 932 2754 3,
957 2708 980 2745 7
1012 2704 1273 2756 probabiliter
1303 2703 1514 2753 efficiatur,
1548 2715 1637 2742 cum

68 2767 269 2807 Meinekio
301 2769 394 2806 ante
423 2767 499 2806 hoc
531 2769 689 2817 tempus
720 2767 846 2805 actam
878 2777 962 2803 esse
993 2762 1236 2803 comoediam
1269 2761 1466 2801 existimo.
1499 2761 1638 2799 contra

68 2823 400 2864 Wilamowitzius
432 2823 530 2864 obs.
563 2823 652 2862 crit.
686 2822 738 2863 32
750 2836 808 2873 sq.
840 2821 1117 2860 Phormionem
1147 2820 1348 2858 mortuum
1378 2830 1461 2856 esse
1484 2816 1545 2856 01.
1567 2818 1635 2864 87,

66 2881 110 2930 4,
146 2881 386 2921 Taxiarchos
423 2883 553 2921 actam
597 2893 683 2920 esse
722 2879 784 2920 Ol.
817 2879 883 2927 88,
921 2880 940 2916 1
981 2876 1201 2916 contendit.
1242 2877 1284 2914 at
1327 2876 1413 2914 tum
1458 2875 1501 2913 in
1544 2885 1635 2912 orco
