1872 3224
175 190 260 232 294
817 177 1113 215 ΕΤΠοΛΙΔοΣ

177 310 269 345 κεν,
312 288 400 388 eloai
442 287 640 386 s’yx5039tov.
678 288 742 326 hic
780 297 938 336 quoque
969 283 1112 322 titulus
1147 281 1232 320 sine
1271 279 1395 319 dubio
1426 279 1642 328 corruptus
1672 261 1823 350 0511μρὁὶ

179 352 350 392 Meinek.
434 351 480 387 11
517 380 524 388 .

851 464 1071 498 ΕΙΛΩΤΕΣ

292 568 350 606 De
381 566 542 604 auctore
564 562 722 601 fabulae
742 562 897 599 veteres
919 556 1173 604 dubitabant,
1200 555 1397 606 siquidem
1421 553 1527 605 apud
1548 553 1781 594 Polluceml
1834 572 1837 577 1

179 626 240 664 bis
270 623 456 673 Eupolis,
489 621 594 672 apud
627 619 873 658 Athenaeum
911 615 1034 655 semel
1074 613 1257 664 Eupolis,
1290 612 1351 652 bis
1383 608 1404 651 ὁ
1436 609 1530 659 τοὺς
1574 607 1762 660 Εἴλωτας,
1815 627 1834 638 -·

179 679 346 732 ποιήσας
378 675 657 731 (πεποιηκώς),
688 675 795 725 apud
825 672 1101 712 Herodianum
1140 671 1203 710 bis
1234 666 1256 709 ὁ
1286 667 1378 716 τοὺς
1410 666 1594 716 Εἴλωτας
1623 666 1754 709 nomi·-
1835 702 1839 704 ,

181 742 309 779 natur.
370 738 468 776 duas
507 734 706 774 exstitisse
746 731 920 778 fabulas,
961 742 1081 768 unam
1119 728 1351 779 Eupolidis,
1392 727 1559 766 alteram
1589 725 1756 786 alterius

184 798 342 848 poetae,
376 794 423 834 O.
450 793 666 832 Muellerus
697 789 840 829 statuit
872 786 994 835 (Mus.
1025 787 1102 825 Rh.
1134 786 1252 824 Nieb.
1285 788 1326 824 et
1363 783 1515 824 Brand.
1547 782 1610 823 111
1639 777 1756 836 488),

187 866 350 905 quarum
370 852 495 890 altera
510 849 632 888 fuerit
647 847 818 898 satyrica
833 843 1026 896 (Εἵλωτες
1045 841 1110 882 ἐπὶ
1128 837 1344 896 Ταινάρῳ).
1363 842 1413 881 cf.
1428 838 1758 882 Meinek.11483.

927 978 1006 1020 138
1864 972 1872 1043 ἐ

533 1063 606 1105 καὶ
636 1062 817 1116 γένηται
847 1058 997 1101 τοῖσδε
1027 1057 1228 1113 σάμερον
1258 1058 1399 1107 κοπίς.
1867 1052 1872 1060 ’

301 1150 527 1189 Athenaeus
564 1148 610 1198 4,
654 1146 731 1183 138
748 1145 767 1183 f
803 1140 996 1194 Πολέμων
1041 1140 1109 1180 τοῦ
1147 1138 1254 1192 παρὰ
1294 1134 1466 1179 Λάκωσι
1510 1135 1760 1191 καλουμένου

186 1207 351 1248 δείπνου
382 1203 544 1250 κοπίδος
575 1199 876 1254 μνημονεύοντα
909 1200 1112 1252 Κρατῖνον
1143 1196 1186 1236 ἐν
1217 1196 1416 1255 Πλούτοις
1447 1194 1575 1250 λέγειν
1596 1230 1605 1240 .
1630 1227 1639 1236 .
1663 1225 1673 1236 .
1694 1193 1764 1237 καὶ

189 1263 366 1310 Εὔπολις
399 1260 442 1301 ἐν
473 1259 625 1299 Εἵλωσι
655 1261 735 1298 κτλ.
768 1259 816 1297 cf.
842 1257 991 1298 Cratin.
1020 1257 1114 1296 164.
1147 1269 1237 1295 cum
1270 1255 1403 1295 dorice
1434 1252 1630 1306 loquatur·
1656 1254 1764 1307 quis-

188 1324 275 1373 quis
306 1324 368 1360 est
400 1319 466 1370 (cf.
489 1319 537 1357 fr.
557 1318 672 1367 ⁷140),
695 1316 910 1355 admodum
942 1314 1207 1364 probabiliter
1238 1313 1436 1364 Bergkius
1467 1312 1638 1353 coniecit
1667 1308 1764 1351 αἴκα

188 1393 260 1430 pro
292 1376 369 1417 καὶ.
401 1380 440 1415 at
470 1379 604 1415 tamen
635 1373 858 1413 tetrametri
888 1372 1077 1412 trochaici
1109 1372 1261 1410 exitum
1293 1384 1378 1411 esse
1407 1383 1523 1422 posse
1555 1369 1763 1410 Iacobsius

192 1435 350 1489 (Addit.
384 1434 478 1474 Ath.
515 1430 587 1485 95)
620 1431 790 1470 monuit.

939 1518 1020 1559 139

335 1602 387 1645 τὰ
420 1596 702 1656 Στησιχόρου
733 1613 779 1640 τε
811 1597 885 1640 καὶ
912 1595 1158 1652 Ἀλκμᾶνος
1189 1596 1454 1651 Σιμωνίδου
1485 1611 1531 1639 τε

334 1668 521 1725 ἀρχαῖον
551 1666 741 1710 ἀείδειν·
775 1664 798 1709 ὁ
831 1665 879 1709 δὲ
912 1665 1171 1720 Γνήσιππος
1201 1667 1325 1708 ἔστιν
1356 1663 1556 1708 ἀκούειν.

338 1745 487 1787 κεῖνος
517 1735 748 1791 νυκτερίν’
781 1727 883 1789 εὗρε
915 1741 1085 1789 μοιχοῖς
1116 1732 1318 1788 ἀείσματ’
1352 1732 1647 1777 ἐκκαλεῖσθαι

335 1813 555 1862 γυναῖκας
586 1807 768 1859 ἔχοντας
799 1803 1025 1860 ἰαμβύκην
1055 1818 1101 1845 τε
1132 1801 1207 1845 καὶ
1237 1804 1478 1858 τρίγωνον.

317 1891 545 1930 Athenaeus
580 1889 644 1936 14,
678 1889 758 1927 638
776 1901 795 1926 e
834 1883 854 1925 ὁ
885 1884 976 1932 τοὺς
1007 1885 1187 1935 Εἵλωτας
1225 1883 1269 1925 δὲ
1298 1883 1528 1937 πεποιηκώς
1558 1895 1660 1937 φησι
1688 1885 1770 1926 κτλ.

198 1950 300 1987 idem
336 1951 371 1995 1,
404 1949 428 1985 3
457 1961 480 1986 a
509 1943 563 1993 ὡς
595 1943 640 1983 τὰ
674 1941 884 1991 Πινδάρου
915 1941 936 1982 ὁ
967 1941 1265 1997 κωμῳδιοποιὸς
1298 1941 1477 1992 Εὔπολίς
1508 1953 1656 1995 φησιν,
1693 1940 1774 1996 ἤδη

200 2001 595 2055 κατασεσιγασμένων
625 1999 704 2042 ὑπὸ
735 2007 803 2053 τῆς
836 2006 915 2040 τῶν
934 2003 1092 2040 πολλῶν
1111 1997 1388 2050 ἀφιλοκαλίας.
1418 2046 1421 2049 ,
1449 1999 1682 2052 Σιμωνίδου
1711 1997 1772 2054 τε]

200 2061 430 2113 Σιμωνίδου
469 2056 505 2098 τ’
539 2063 586 2100 Α.
648 2062 686 2102 3.
719 2055 919 2111 νυκτερίν’
953 2055 1222 2112 Hermannus]
1256 2055 1480 2110 νυκτερινὰ.
1526 2058 1670 2099 deinde
1699 2070 1773 2110 pro

201 2117 380 2165 Εἴλωτας
399 2116 559 2164 ι’λεώτας
572 2118 622 2156 Α.
635 2139 687 2144 -
701 2130 771 2167 pro
793 2111 943 2155 ἀείδειν
965 2116 1194 2156 Dindorfius
1214 2111 1350 2155 ἆειδέν
1372 2118 1418 2155 ut
1439 2118 1569 2155 metra
1586 2127 1773 2156 versuum

200 2178 447 2226 exaequaret,
482 2187 581 2225 quae
611 2187 673 2213 res
704 2175 744 2212 in
775 2174 949 2213 carmine
971 2174 1113 2212 melico
1135 2173 1351 2213 admodum
1371 2173 1529 2213 lubrica
1549 2175 1622 2224 est,
1642 2172 1773 2212 forma

200 2234 333 2272 dorica
361 2234 407 2271 ut
436 2233 479 2271 in
508 2232 557 2272 fr.
584 2232 664 2270 138
695 2234 735 2270 et
770 2233 849 2271 140
878 2230 1090 2281 probabili,
1124 2231 1180 2270 ita
1209 2230 1273 2270 hic
1303 2230 1545 2271 incredibili.
1580 2229 1774 2271 Herman-

199 2303 274 2329 nus
304 2303 340 2330 v.
373 2291 395 2327 2
429 2284 508 2326 ἔστ’
549 2283 712 2326 ἀκούειν
742 2293 783 2326 et
812 2302 850 2328 v.
883 2289 907 2327 3
942 2283 1139 2338 νυκτερίν’
1183 2281 1274 2339 εὗρε
1311 2290 1453 2339 μυχοῖς
1497 2287 1561 2338 (ut
1588 2281 1771 2338 ἀείσματ’

201 2348 253 2386 sit
295 2344 569 2397 disyllabum).
621 2351 662 2383 at
707 2347 856 2396 μοιχοῖς
902 2345 1125 2384 sententiae
1172 2346 1441 2396 aptissimum.
1493 2356 1582 2384 cum
1626 2343 1773 2395 reliqui

201 2417 337 2443 versus
368 2404 416 2442 ab
446 2403 625 2442 anacrusi
655 2403 850 2452 incipiant
879 2404 920 2441 et
957 2404 1087 2448 κεῖνος
1126 2415 1197 2452 pro
1229 2399 1380 2450 ἐκεῖνος
1418 2402 1581 2442 comicis
1625 2402 1680 2442 sit
1713 2401 1774 2441 in-

200 2461 391 2499 usitatum
437 2459 547 2511 (nam
594 2460 738 2510 Phryn.
776 2460 826 2499 fr.
872 2462 925 2499 10
961 2462 1192 2510 corruptum
1230 2457 1334 2512 est),
1374 2473 1412 2500 v.
1444 2460 1470 2500 3
1509 2461 1580 2499 aut
1621 2455 1773 2504 ἐκεῖνος

201 2520 269 2556 aut
297 2513 339 2563 ὃς
371 2517 623 2556 scribendum
645 2517 815 2556 videtur.
882 2530 919 2556 v.
943 2518 969 2555 4
1000 2514 1158 2567 ἔχουσιν
1180 2517 1438 2556 Herwerden.
1472 2515 1567 2556 Obs.
1589 2516 1678 2557 crit.
1701 2516 1768 2563 24,

202 2577 401 2624 tamquam
432 2575 472 2613 id
502 2587 627 2624 genus
658 2574 907 2613 attractionis
937 2574 1205 2613 necessarium
1235 2575 1300 2622 sit,
1323 2587 1406 2613 non
1426 2586 1671 2614 concessum.
1723 2571 1772 2612 de
1829 2570 1837 2576 “

205 2631 336 2669 verbis
376 2627 396 2668 ὁ
427 2628 470 2668 δὲ
509 2632 579 2669 Γν.
612 2628 640 2669 ε’.
671 2626 734 2669 οἰκ.
775 2631 981 2670 Iacobsius
1019 2631 1160 2670 Addit.
1192 2631 1285 2672 Ath.
1317 2632 1400 2670 338
1443 2631 1649 2681 ‘ylossema
1677 2625 1700 2668 ὁ
1729 2625 1778 2668 δὲ

205 2689 284 2725 κτλ.
316 2700 395 2726 non
426 2688 474 2726 ad
504 2688 781 2738 praecedentia
810 2689 997 2738 pertinet,
1030 2688 1099 2727 sed
1131 2688 1180 2726 ad
1210 2690 1342 2735 κεῖνος
1372 2691 1414 2727 et
1442 2689 1537 2739 post
1565 2688 1641 2727 hoo
1660 2699 1776 2727 voca-

206 2745 346 2783 bulum
377 2745 562 2783 collocari
593 2745 724 2783 debet'
759 2742 805 2797 (i.
838 2758 870 2786 e.
903 2745 1216 2795 ‘intellegendus
1246 2747 1379 2784 autem
1411 2748 1475 2784 est
1495 2742 1779 2796 Gnesippus’),

206 2814 323 2851 quarn
357 2801 596 2840 sententiam
627 2802 659 2840 si
689 2804 855 2852 propter
885 2802 1064 2852 syntaxis
1096 2802 1346 2842 insolentiam
1379 2801 1775 2852 concepitmfallitur.

210 2858 350 2898 Aesch.
385 2858 494 2897 Pers.
512 2859 606 2897 ’419
638 2857 825 2896 θάλασσα
856 2855 894 2897 δ’
930 2850 1063 2899 οὐκέτ’
1095 2852 1148 2910 ἦν
1177 2857 1281 2898 ἰδεῖν
1311 2857 1518 2911 ναυαγίων
1545 2856 1776 2913 πλήθουσα.
