1872 3224
187 182 272 225 442
768 177 1163 213 ΑΡΙΣΤΟΦΑΝΟΤΣ

303 286 565 338 Harpocratio
597 282 843 336 έπίπεμπτον
876 316 884 323 .
908 311 917 321 .
941 313 951 322 .
982 278 1073 321 ἀντὶ
1103 276 1238 321 ἆπλοῦ
1270 287 1340 322 τοῦ
1371 280 1564 349 πέμπτου.
1599 280 1774 338 Ἀριστο-
1831 302 1834 303 ’

189 343 323 396 φάνης
358 345 635 382 Δαιταλεῦσιν.
695 342 818 382 verba
855 342 1018 392 poetae
1035 353 1115 380 om.
1149 339 1193 381 C.
1227 339 1264 380 εἰ
1290 337 1366 395 μὴ]
1398 334 1446 380 οὐ
1474 339 1530 394 μὴ
1570 341 1775 384 Pon-sonus

191 406 234 442 ct
262 402 480 450 Bekkerus,
513 399 708 451 asyndeto
738 412 821 439 non
851 397 1068 438 tolerabili.
1098 411 1153 449 ην
1181 390 1236 450 μὴ
1266 398 1508 439 Brunokius.
1539 399 1590 442 cf.
1622 398 1774 442 cratin.

191 461 254 499 28.
289 460 355 500 29.
388 459 524 509 Etym.
556 471 609 497 m.
645 458 750 526 763,
791 458 845 496 22
885 458 926 496 ct
965 455 1132 496 Photius
1170 451 1492 508 τούπίπεμπτον·
1538 457 1580 497 οἱ
1613 453 1691 511 γὰρ
1718 455 1794 511 μὴν

186 512 473 568 μεταλαβόντες
504 507 547 553 τὸ
577 512 608 554 ε’
638 511 754 566 μέρος
785 519 868 554 των
897 510 1058 564 ψήφων
1086 527 1219 565 ατιμοι
1256 507 1377 566 ἦσαν.
1437 511 1565 563 ουτως
1593 510 1774 570 Ἀριστο

188 570 333 624 φάνης.
366 573 536 612 Photius
570 574 672 621 677,
706 574 729 611 7
769 568 990 624 πρόστιμον
1028 567 1152 610 ἔκειτο
1190 575 1244 626 τῷ
1281 569 1336 624 μὴ
1373 566 1637 637 μεταβαλόντι
1675 569 1772 630 (sor.

187 645 241 682 με
253 630 373 669 ταλα
380 623 494 681 βοντ
504 628 537 683 ι)
575 627 619 668 τὸ
657 626 838 681 πέμπτον
872 626 988 682 μέρος
1027 632 1108 668 τῶν
1137 611 1315 697 ψήφων,
1353 625 1408 677 ὦς
1442 623 1697 684 Θεόφραστος
1726 625 1774 671 ὃν
1851 678 1855 682 ,

186 685 355 752 πέμπτῳ
378 686 468 740 περὶ
498 684 653 738 νόμων·
695 684 740 726 έν
770 684 814 726 δὲ
845 689 927 735 τοῖς
958 685 1182 738 δημοσίοις-
1203 681 1357 741 ἀγῶσιν
1393 683 1627 739 ἕζημιοῦντο
1662 691 1774 743 πρῶ-

187 759 255 785 τον
283 738 381 798 πρὸς
411 741 594 796 ἀτιμίαν,
637 741 738 784 ὥστε
774 743 871 797 μήτε
910 742 1055 793 ἐξεῖναι
1091 742 1452 799 μετεγγράψασθαι
1489 743 1619 812 παρὰ
1636 739 1776 799 νόμων
1806 783 1810 786 .
1854 792 1855 795 ¹

187 803 280 855 (scr.
322 801 441 855 μήτε
481 800 784 855 γράψασθαι
823 798 1175 855 παρανόμων),
1212 816 1313 856 μητε
1353 801 1518 852 φαίνειν
1561 797 1661 856 μήτε
1690 799 1774 856 ὕφ-

184 863 371 914 ηγεῐσθαι
403 858 498 914 (scr.
532 857 681 912 ἕφηγε
694 862 814 899 ισθα
823 859 878 912 ι)
912 857 984 900 ἐὰν
1003 858 1264 913 γραψάμενος
1282 858 1337 913 μὴ
1364 857 1576 929 1ἐπεξέλθῃ,
1607 856 1773 913 ὁμοίως·
1824 892 1828 893 ⁷

184 917 274 970 περὶ
310 915 353 957 δὲ
390 923 460 969 τῆς
499 917 763 971 εἰσαγγελίας,
803 915 875 957 ε’ἃν
911 910 966 970 μὴ
1005 917 1209 974 μεταλάβῃ
1249 915 1292 958 τὸ
1322 917 1506 970 πέμπτον
1541 914 1659 972 μέρος
1689 920 1774 959 τᾶν

185 972 352 1028 ψήφων,
395 975 436 1015 οἶ
462 973 647 1015 δικασταὶ
686 973 1152 1030 τιμῶσιν.[1)ειι]οεί;1].]
1194 977 1268 1027 26,
1308 978 1332 1016 9
1369 972 1473 1016 ὅταν
1508 989 1567 1024 τις
1605 973 1774 1026 ἐπεξιών

183 1031 238 1086 μὴ
268 1031 471 1098 μεταλάβῃ
509 1031 551 1072 τὸ
588 1030 769 1085 πέμπτον
802 1030 920 1086 μέρος
956 1037 1039 1073 τῶν
1075 1031 1254 1085 ψήφων,
1296 1029 1364 1083 ἐφ’
1397 1027 1459 1081 οἷς
1489 1033 1531 1073 οἱ
1557 1030 1675 1086 νόμοι
1703 1046 1772 1074 κε-

184 1088 347 1131 λεύουσι
377 1083 419 1130 τὸ
449 1083 592 1130 λοιπὸν
620 1089 675 1143 μὴ
705 1089 937 1144 γράφεσθαι
967 1086 1064 1143 μηδ’
1096 1086 1269 1145 ἀπάγειν
1297 1086 1394 1144 μηδ’
1428 1088 1760 1144 ἐφηγεῖσθαιοί
1758 1121 1767 1132 .

187 1150 371 1198 18,103.
406 1149 502 1191 222.
536 1150 604 1201 24,
629 1151 664 1188 7.
700 1148 785 1201 [25,
810 1146 900 1202 83].
925 1148 1027 1189 Plat.
1050 1148 1171 1201 Apol.
1194 1149 1297 1190 36b.
1332 1149 1593 1190 Schoemann.
1625 1148 1771 1202 Ant-iq.

185 1204 267 1258 gr.²
299 1208 313 1243 I
344 1207 443 1246 499.
475 1206 571 1247 500.
604 1206 694 1246 Att.
726 1206 839 1247 Proc.
874 1207 1024 1258 734sq.
1055 1205 1116 1246 De
1146 1208 1282 1250 comit.
1305 1206 1452 1247 Athen.
1486 1207 1583 1250 211.
1618 1207 1682 1249 12.
1713 1207 1770 1248 vi·

185 1264 301 1304 detur
340 1266 453 1315 pater
492 1264 574 1304 filio
617 1263 811 1316 inprobo,
854 1265 887 1304 si
929 1277 1048 1305 causa
1085 1265 1294 1315 ceciderit,
1334 1265 1569 1306 acerrimam
1598 1276 1772 1317 poenam

183 1322 341 1361 minari.
402 1322 539 1372 itaque
587 1322 758 1362 fratrum
787 1323 1066 1379 ‚expostulatio
1107 1323 1276 1364 fortasse
1315 1323 1358 1363 in
1389 1322 1553 1362 modum
1592 1321 1680 1363 litis
1709 1321 1768 1362 in-

183 1379 328 1419 stituta
360 1380 450 1418 fuit.

937 1491 1024 1534 202

1070 1569 1160 1626 ἐγώ
1191 1569 1234 1614 δ’
1269 1569 1354 1615 ἰών

391 1640 552 1697 πέμψω
583 1638 837 1684 πλακοῦντ’
870 1639 916 1691 ἐς
947 1639 1143 1697 ἑσπέραν
1174 1642 1398 1698 χαρίσιον.

301 1736 533 1777 Athenaeus
569 1738 631 1785 14,
665 1737 784 1776 646b
815 1734 1015 1788 χαρίσιος·
1047 1731 1189 1775 τούτου
1219 1732 1461 1788 μνημονεύει
1478 1732 1773 1788 Ἀριστοφάνης

183 1791 228 1832 ἐν
260 1794 531 1833 Δαιταλεῦσιν
560 1795 641 1836 κτλ.
686 1793 830 1834 Suidas
861 1788 1094 1833 ἀνάστατοι·
1133 1790 1280 1843 πέμψω
1310 1795 1565 1841 πλακοῦντας
1604 1789 1773 1846 ἑσπέρας

182 1849 400 1902 χαρισίους,
433 1853 474 1891 et
502 1850 703 1903 χαρίσιον·
733 1848 883 1902 πέμψω
913 1853 1137 1899 παλλακαῖς
1169 1847 1337 1902 ἑσπέρας
1368 1849 1588 1902 χαρισίους
1619 1846 1663 1889 δ’
1698 1847 1774 1890 ἰών

181 1906 383 1962 Dindorf.]
417 1904 462 1947 δὲ
494 1913 589 1948 νῶν.
640 1905 860 1948 πλακοῦντ’
894 1906 934 1957 ἐς
966 1905 1140 1961 ἑσπέραν
1158 1908 1329 1949 Bentlci.
1352 1907 1512 1948 Gallim.
1533 1909 1582 1948 fr.
1599 1921 1640 1959 p.
1663 1903 1768 1962 513]

182 1967 562 2018 πλακουντεσπεραν
599 1967 647 2006 A.
679 1963 843 2034 πέμψω]
881 1963 1002 2017 πέψω
1040 1966 1297 2006 Fritzschius.
1327 1965 1477 2005 Eubul.
1509 1965 1534 2004 2
1575 1963 1772 2005 πέττουσα

182 2020 253 2062 τὸν
283 2022 477 2075 χαρίσιον.
511 2023 657 2064 Suidas
687 2019 924 2063 ανάστατοι·
957 2053 967 2064 .
1026 2022 1237 2075 .χαρίσιοι
1266 2016 1377 2063 οὗτοι
1407 2019 1453 2062 δὲ
1481 2018 1562 2062 άπὸ
1583 2027 1666 2062 ταῖν
1693 2035 1768 2062 κα-

182 2077 477 2147 ταλειπομένων
514 2076 829 2145 συμμιγνύμενοι
859 2077 1050 2133 ἐγίνοντο.
1082 2081 1257 2133 Hesych.
1289 2079 1492 2133 χαρίσιον·
1532 2074 1638 2128 εἶδος
1667 2081 1765 2120 πλα·

183 2132 383 2177 κούντων·
422 2137 463 2177 οἱ
497 2135 542 2176 δὲ
579 2135 702 2191 α’ρτον
738 2131 819 2178 απὸ
856 2143 938 2178 τῶν
968 2136 1208 2190 λειμμάτων.
1239 2139 1358 2179 aliter
1389 2138 1533 2178 Athen.
1570 2137 1634 2186 15,
1657 2138 1772 2178 6680

183 2192 332 2247 ἐγίνετο
362 2191 406 2234 δὲ
436 2192 503 2233 καὶ
532 2192 732 2247 πεμμάτιά
755 2210 843 2235 τινα
865 2193 910 2235 έν
934 2199 1022 2244 ταῖς
1043 2194 1299 2247 παννυχίσιν,
1323 2192 1368 2235 έν
1386 2189 1452 2242 αἷς
1471 2191 1699 2235 πλεῖστον”
1675 2204 1772 2234 οσον

182 2249 327 2304 χρόνον
347 2251 625 2305 διηγρύπνουν
645 2249 893 2305 χορεύοντες·
914 2251 982 2293 καὶ
1001 2249 1264 2303 διωνομάζετο
1285 2267 1331 2292 τα
1357 2249 1558 2304 πεμμάτια
1577 2249 1766 2304 χαρίσιοι.

181 2310 326 2350 Pollux
358 2311 398 2359 6,
425 2311 483 2349 72
509 2310 617 2350 inter
645 2324 780 2361 panes,
806 2312 859 2350 73
890 2311 996 2350 inter
1026 2312 1230 2361 placentas
1260 2311 1398 2351 refert.
1429 2310 1630 2350 sententia
1659 2322 1770 2362 egre-

182 2368 245 2418 gie
275 2367 516 2407 inlustratur
545 2368 650 2407 Plut.
683 2369 822 2408 995—-
828 2369 894 2408 98.
925 2370 1046 2418 poeta
1067 2369 1101 2407 si
1122 2368 1283 2419 scripsit
1310 2363 1355 2406 δὲ
1385 2367 1468 2422 νῷν
1494 2363 1626 2417 πέψω,
1658 2367 1770 2418 puel-

181 2425 273 2473 lam,
306 2425 339 2464 si
370 2419 410 2463 δ’
445 2422 519 2464 ἰὼν
548 2422 711 2476 πέμψω,
741 2425 870 2464 filium
901 2426 1117 2476 inprobum
1140 2427 1187 2464 ut
1206 2424 1366 2464 videtur
1394 2425 1628 2476 loquentem
1658 2424 1770 2465 fecit.

936 2570 1022 2613 203

387 2647 417 2706 ἦ
449 2649 648 2705 χόνδρον
678 2621 805 2703 ἕψων
836 2645 931 2694 εἶτα
962 2657 1106 2706 μυῖαν
1139 2646 1352 2705 ἐμβαλών

389 2716 544 2761 ἐδίδου
576 2718 739 2774 ῥοφεῖν
769 2716 840 2762 ἄν.

279 2848 287 2850 ff
299 2813 528 2852 Athenaeus
559 2816 598 2862 3,
624 2816 702 2853 127
718 2828 738 2854 c
769 2812 940 2866 χόνδρον
969 2808 1014 2852 δὲ
1045 2810 1178 2864 εἴρηκε
1209 2808 1252 2851 τὸ
1283 2806 1444 2862 ῥόφημα
1474 2807 1767 2863 Ἀριστοφάνης

184 2867 229 2909 έν
262 2871 531 2915 Δαιταλεῦσιν
561 2867 687 2918 οὕτως
718 2873 799 2913 κτλ.
