1872 3224
0 0 48 294 ἔ
516 194 636 228 ΩΡΑΙ
683 192 894 227 ΑΔΗΛΩΝ
922 191 1195 226 ΔΡΑΜΑΤΩΝ
1614 189 1669 231 93

0 283 25 350 Ξ
73 297 200 353 ὄνομα
239 296 572 353 Μυσικάρφους,
611 292 662 337 οὗ
698 295 944 350 μνημονεύει
977 293 1282 348 Ἀπολλοφάνης
1319 293 1364 335 ἐν
1395 294 1558 348 Κρησίν
1589 293 1669 349 (8).

0 347 36 412 ἕξ
68 354 322 413 Ἀρίσταρχος
353 354 398 396 δὲ
429 353 494 397 ἐπ’
528 353 723 408 ὀνόματος
754 350 842 395 τινὰ
872 352 1008 407 ἀηδῶς
1040 353 1325 409 ἐπιγελῶντος’
1359 354 1400 393 οἱ
1427 351 1474 393 δὲ
1492 350 1671 407 άνέγνω-

0 416 15 469 ¹}
73 427 152 456 σαν
180 414 451 469 μυσικαρφεί,
483 411 539 462 ὥς
569 410 756 453 άκονιτί·’
784 412 826 453 τὸ
866 409 1098 466 μεμυκότως
1138 411 1207 452 καὶ
1238 413 1385 466 ξηραῖς,
1426 410 1480 464 μὴ
1514 410 1558 451 ἐκ
1589 426 1669 463 φα-

0 476 11 504 ¹³
71 479 195 529 νεροῦ
223 477 359 528 γελᾶν.
392 474 594 527 Κρατῖνος
615 469 779 525 ’Ώραις
812 467 950 523 άηδῶς
981 469 1209 511 ΜοὶηὲΙςίιιε
1240 484 1312 522 pro
1343 467 1481 522 ἡδέως.

821 573 907 616 268

282 632 438 686 ξυστίς

189 719 389 770 Harpocr.
422 719 462 757 et
489 717 674 757 Photius.
705 713 940 769 γυναικεῖόν
970 729 1007 753 τι
1039 712 1195 765 ἔνδυμά
1228 712 1335 753 ἐστιν
1366 710 1552 766 ἡξυστὶς
1582 727 1670 754 πε-

73 774 413 826 ποικιλμένον
446 805 454 814 .
489 805 498 813 .
531 805 541 815 .
573 773 656 813 ἔστι
686 771 821 826 μέντοι
842 771 910 812 καὶ
941 771 1135 826 τραγικόν
1165 787 1201 812 τι
1223 770 1378 824 ἔνδυμα
1401 770 1506 812 οὕτω
1529 769 1672 811 καλού-

73 848 218 887 μενον,
250 831 305 882 ὡς
336 835 538 888 Κρατῖνος
571 830 615 871 ἕν
635 832 800 883 *Ωραις
833 832 886 872 cf.
908 832 1122 882 Aristoph.
1154 831 1264 871 Nub.
1288 833 1343 871 70
1374 845 1466 871 cum
1498 832 1669 882 interpr.

833 932 921 976 269

284 1014 661 1074 προσκεφάλαιον

190 1098 235 1142 τὸ
265 1099 460 1142 ναυτικὸν
494 1096 719 1153 ὑπηρέσιον
758 1097 870 1146 ἰδίως
909 1095 954 1137 ἐν
987 1101 1074 1147 ταῖς
1099 1096 1252 1152 ’Ὡραις
1287 1099 1488 1151 Κρατῖνος
1527 1098 1675 1137 Pollux

80 1162 145 1211 10,
169 1161 240 1201 40.
273 1160 407 1200 Schol.
441 1160 567 1199 Thuc.
601 1160 638 1208 2,
663 1159 716 1198 93
748 1153 974 1208 ὖπηρέσιόν
1005 1154 1088 1196 ἔστι
1118 1155 1161 1196 τὸ
1188 1153 1301 1203 ’κῶας
1331 1150 1364 1212 ᾧ
1402 1154 1675 1207 ἐπικάθηνται

77 1218 119 1258 οἱ
145 1215 374 1272 ἐρέσσοντες
412 1215 478 1256 διὰ
520 1209 563 1255 τὸ
599 1213 654 1268 μὴ
686 1213 981 1268 συντρίβεσθαι
1011 1210 1150 1254 αὐτῶν
1180 1208 1249 1262 τοὶς
1288 1213 1435 1267 πυγάς.
1487 1215 1537 1254 ef.
1569 1214 1668 1253 Her-

77 1277 202 1328 mipp.
235 1277 300 1316 54.
335 1276 546 1326 Aristoph.
579 1274 656 1325 Eq.
689 1274 771 1314 785
803 1286 893 1313 cum
923 1274 1094 1324 interpr.

194 1461 460 1513 Harpocratio
491 1456 615 1514 ῥυτὰ
649 1455 978 1509 συνεσταλμένως
1008 1457 1052 1510 (i.
1086 1473 1118 1499 e.
1151 1457 1195 1511 ὕ)
1227 1452 1335 1505 εἶδος
1365 1456 1572 1510 ποτηρίου.
1607 1454 1673 1496 ἕκ-

79 1516 298 1572 τεταμένως
330 1515 392 1574 (ὖ)
425 1516 472 1557 τὰ
503 1514 602 1568 παρ’
636 1513 736 1568 ἡμῖν
765 1513 961 1569 λεγόμενα
990 1512 1157 1568 ὁμοίως,
1198 1517 1398 1569 Κρατῖνος
1420 1513 1482 1555 ·ἐν
1507 1513 1672 1568 ““Ὠραις.

80 1578 248 1625 Photius
279 1575 426 1630 ῥυτά·
457 1575 634 1629 πήγανα.
667 1571 796 1621 οὕτως
827 1574 1044 1623 Κρατῖνος.
1076 1578 1211 1615 rutam
1242 1575 1342 1613 dicit
1372 1572 1510 1627 (Varr.
1534 1574 1625 1614 L.1.
1649 1575 1674 1612 5

79 1650 118 1687 p.
150 1633 239 1690 40).
269 1635 388 1676 Ovid.
421 1636 536 1675 Rem.
569 1648 644 1674 am.
676 1633 758 1672 801
791 1637 974 1674 acuentes
1003 1634 1160 1674 lumina
1190 1636 1317 1675 rutas.

829 1736 914 1779 271

290 1794 460 1850 φελλέα

195 1878 431 1930 Harpocrat.
467 1875 514 1917 τὰ
552 1875 740 1930 πετρώδη
778 1875 847 1917 καὶ
884 1875 1073 1930 αἰγίβοτα
1111 1874 1235 1928 χωρία
1276 1872 1444 1924 φελλέας
1491 1869 1673 1915 ἐκάλουν.

82 1936 279 1989 Κρατῖνος
300 1933 464 1988 ”Ὠραις,
500 1933 795 1987 Ἀριστοφάνης
835 1932 1042 1986 Νεφέλαις
1082 1930 1190 1987 (71),
1220 1934 1290 1972 ubi
1331 1934 1380 1972 ef.
1414 1946 1516 1983 quae
1547 1933 1671 1971 adno-

82 1995 270 2035 tavimus.
304 1994 354 2034 cf.
387 1994 510 2034 etiam
540 1993 692 2034 Cratin.
725 1995 793 2034 86.

839 2093 926 2137 272

292 2148 568 2206 ὦραῖζεσθαι

199 2237 398 2289 Κρατῖνος
414 2233 578 2289 ’Ὠραις
611 2236 740 2276 Bekk.
771 2235 926 2276 Anecd.
961 2236 1056 2285 116,
1090 2236 1158 2275 30.

620 2349 834 2384 ΑΔΗΛῼΝ
859 2327 1132 2384 ΔΡΑΜᾹΤῼΝ

834 2417 920 2460 273

361 2505 485 2541 πιεῖν
516 2497 566 2542 δὲ
597 2497 801 2548 θάνατος
832 2493 963 2541 οἶνον
992 2494 1053 2553 ἦν
1084 2495 1213 2552 ὕδωρ
1247 2496 1348 2553 ε’πῇ.

362 2565 465 2610 ἄλλ’
499 2570 602 2610 ἴσον
633 2569 719 2624 ἴσῳ
739 2566 934 2623 ,μάλιστ’
967 2562 1172 2622 ἀκράτου
1204 2565 1290 2608 δύο
1322 2565 1432 2620 χόας

362 2634 551 2679 πίνουσ’
583 2634 665 2678 ἀπ’
695 2633 898 2692 ἀγκύλης
931 2632 1266 2691 ἐπονομάζουσ’
1300 2632 1392 2690 ἅμα

363 2704 458 2762 ἵησι
489 2703 686 2761 λάταγας
714 2708 777 2761 τῷ
808 2706 1046 2763 Κορινθίῳ
1077 2703 1184 2748 πέει.
1576 2740 1578 2742 ψ

204 2790 437 2830 Athenaeus
471 2791 546 2841 11,
588 2789 706 2829 782d
742 2803 782 2840 p.
819 2790 928 2830 1038
968 2788 1108 2829 Dindf.
1140 2783 1316 2839 άγκύλη·
1355 2787 1555 2840 Κρατῖνος
1594 2788 1676 2825 κτλ.

88 2847 329 2888 Eustathius
361 2848 457 2894 344,
472 2848 548 2890 28.
611 2849 649 2887 1.
671 2843 726 2886 ’ἦν
746 2844 942 2899 Meinek.]
974 2842 1040 2886 ἂν.
1072 2843 1169 2899 ε’πῇ]
1202 2845 1460 2885 scribendum
1491 2841 1574 2898 ἕνῇ.
1636 2846 1674 2883 3.

90 2900 383 2956 ἐπονομάζουσ’
422 2901 506 2956 ἅμα
545 2905 719 2945 Meinek.
758 2904 879 2944 Anal.
910 2904 1007 2943 Ath.
1040 2902 1143 2954 214]
1177 2899 1494 2954 ἔπονομάζουσα.
1535 2900 1676 2941 ἐπονο-
