<?xml version="1.0" encoding="UTF-8"?>
<!DOCTYPE html PUBLIC "-//W3C//DTD XHTML 1.0 Transitional//EN"
    "http://www.w3.org/TR/xhtml1/DTD/xhtml1-transitional.dtd">
<html xmlns="http://www.w3.org/1999/xhtml" xml:lang="en" lang="en">
 <head>
  <title>
</title>
<meta http-equiv="Content-Type" content="text/html;charset=utf-8" />
  <meta name='ocr-system' content='tesseract 3.04.00' />
  <meta name='ocr-capabilities' content='ocr_page ocr_carea ocr_par ocr_line ocrx_word'/>
</head>
<body>
  <div class='ocr_page' id='page_1' title='image "./comicorumatticor01kockuoft_0483.png"; bbox 0 0 1872 3224; ppageno 0'>
   <div class='ocr_carea' id='block_1_1' title="bbox 784 179 1727 262">
    <p class='ocr_par' dir='ltr' id='par_1_1' title="bbox 784 179 1727 262">
     <span class='ocr_line' id='line_1_1' title="bbox 784 179 1727 262; baseline 0.029 -27"><span class='ocrx_word' id='word_1_1' title='bbox 784 179 1037 240; x_wconf 60' lang='grc' dir='ltr'>Α’ΛΙΤΑΛΗΣ</span> <span class='ocrx_word' id='word_1_2' title='bbox 1614 218 1696 262; x_wconf 83' lang='grc'>453</span> <span class='ocrx_word' id='word_1_3' title='bbox 1724 224 1727 226; x_wconf 82' lang='grc'><em>·</em></span> 
     </span>
    </p>
   </div>
   <div class='ocr_carea' id='block_1_2' title="bbox 27 306 1694 567">
    <p class='ocr_par' dir='ltr' id='par_1_2' title="bbox 27 306 1694 567">
     <span class='ocr_line' id='line_1_2' title="bbox 881 306 966 349; baseline 0.035 -2"><span class='ocrx_word' id='word_1_4' title='bbox 881 306 966 349; x_wconf 88' lang='grc'>240</span> 
     </span>
     <span class='ocr_line' id='line_1_3' title="bbox 63 355 574 417; baseline 0.014 -25"><span class='ocrx_word' id='word_1_5' title='bbox 63 410 79 417; x_wconf 63' lang='lat'><em>„</em></span> <span class='ocrx_word' id='word_1_6' title='bbox 140 412 142 414; x_wconf 12' lang='lat' dir='ltr'>V</span> <span class='ocrx_word' id='word_1_7' title='bbox 338 355 574 411; x_wconf 85' lang='grc' dir='ltr'><em>λυρωυίαν</em></span> 
     </span>
     <span class='ocr_line' id='line_1_4' title="bbox 27 433 1694 503; baseline 0.018 -31"><span class='ocrx_word' id='word_1_8' title='bbox 27 483 31 485; x_wconf 14' lang='lat' dir='ltr'>q</span> <span class='ocrx_word' id='word_1_9' title='bbox 240 433 533 492; x_wconf 67' lang='grc' dir='ltr'><em>Ἀριστοφάνης</em></span> <span class='ocrx_word' id='word_1_10' title='bbox 564 439 609 481; x_wconf 71' lang='grc' dir='ltr'>ἐν</span> <span class='ocrx_word' id='word_1_11' title='bbox 640 444 882 485; x_wconf 69' lang='grc' dir='ltr'><em>Δαιταλεῦσι</em></span> <span class='ocrx_word' id='word_1_12' title='bbox 913 445 1024 501; x_wconf 69' lang='grc' dir='ltr'><em>λέγει.</em></span> <span class='ocrx_word' id='word_1_13' title='bbox 1055 451 1196 492; x_wconf 78' lang='lat' dir='ltr'>Pollux</span> <span class='ocrx_word' id='word_1_14' title='bbox 1219 455 1256 503; x_wconf 82' lang='lat'>7,</span> <span class='ocrx_word' id='word_1_15' title='bbox 1280 456 1372 498; x_wconf 89' lang='lat'>153.</span> <span class='ocrx_word' id='word_1_16' title='bbox 1404 459 1572 499; x_wconf 69' lang='lat' dir='ltr'>nimium</span> <span class='ocrx_word' id='word_1_17' title='bbox 1600 462 1694 502; x_wconf 62' lang='lat' dir='ltr'>artis</span> 
     </span>
     <span class='ocr_line' id='line_1_5' title="bbox 33 495 1540 567; baseline 0.015 -34"><span class='ocrx_word' id='word_1_18' title='bbox 33 511 85 555; x_wconf 69' lang='lat' dir='ltr'> </span> <span class='ocrx_word' id='word_1_19' title='bbox 124 495 301 567; x_wconf 57' lang='lat' dir='ltr'>inusicae</span> <span class='ocrx_word' id='word_1_20' title='bbox 330 497 511 538; x_wconf 80' lang='lat' dir='ltr'>studium</span> <span class='ocrx_word' id='word_1_21' title='bbox 543 500 761 552; x_wconf 83' lang='lat' dir='ltr'>significari</span> <span class='ocrx_word' id='word_1_22' title='bbox 792 504 963 550; x_wconf 75' lang='lat' dir='ltr'>videtur.</span> <span class='ocrx_word' id='word_1_23' title='bbox 995 508 1044 548; x_wconf 90' lang='lat' dir='ltr'>cf.</span> <span class='ocrx_word' id='word_1_24' title='bbox 1075 509 1124 550; x_wconf 86' lang='lat' dir='ltr'>fr.</span> <span class='ocrx_word' id='word_1_25' title='bbox 1157 511 1235 550; x_wconf 84' lang='lat'>221</span> <span class='ocrx_word' id='word_1_26' title='bbox 1268 515 1308 552; x_wconf 72' lang='lat' dir='ltr'>et</span> <span class='ocrx_word' id='word_1_27' title='bbox 1336 513 1442 555; x_wconf 87' lang='lat' dir='ltr'>Nub.</span> <span class='ocrx_word' id='word_1_28' title='bbox 1475 517 1540 556; x_wconf 88' lang='grc'>74.</span> 
     </span>
    </p>
   </div>
   <div class='ocr_carea' id='block_1_3' title="bbox 879 616 959 660">
    <p class='ocr_par' dir='ltr' id='par_1_3' title="bbox 879 616 959 660">
     <span class='ocr_line' id='line_1_6' title="bbox 879 616 959 660; baseline 0.025 -2"><span class='ocrx_word' id='word_1_29' title='bbox 879 616 959 660; x_wconf 83' lang='grc'>241</span> 
     </span>
    </p>
   </div>
   <div class='ocr_carea' id='block_1_4' title="bbox 0 0 214 1365">
    <p class='ocr_par' dir='ltr' id='par_1_4' title="bbox 0 0 214 1365">
     <span class='ocr_line' id='line_1_7' title="bbox 0 0 214 586; baseline 0 0"><span class='ocrx_word' id='word_1_30' title='bbox 0 0 214 586; x_wconf 95' lang='lat' dir='ltr'>  </span> 
     </span>
     <span class='ocr_line' id='line_1_8' title="bbox 0 586 98 1365; baseline 0 1859"><span class='ocrx_word' id='word_1_31' title='bbox 0 586 98 1365; x_wconf 95' lang='lat' dir='ltr'> </span> 
     </span>
    </p>
   </div>
   <div class='ocr_carea' id='block_1_5' title="bbox 334 666 601 725">
    <p class='ocr_par' dir='ltr' id='par_1_5' title="bbox 334 666 601 725">
     <span class='ocr_line' id='line_1_9' title="bbox 334 666 601 725; baseline 0.007 -15"><span class='ocrx_word' id='word_1_32' title='bbox 334 666 601 725; x_wconf 82' lang='grc' dir='ltr'><em>νεβλάρετοι</em></span> 
     </span>
    </p>
   </div>
   <div class='ocr_carea' id='block_1_6' title="bbox 0 750 1694 2191">
    <p class='ocr_par' dir='ltr' id='par_1_6' title="bbox 3 750 1694 1216">
     <span class='ocr_line' id='line_1_10' title="bbox 238 750 1691 820; baseline 0.013 -30.28"><span class='ocrx_word' id='word_1_33' title='bbox 238 750 406 792; x_wconf 74' lang='lat' dir='ltr'>Photius</span> <span class='ocrx_word' id='word_1_34' title='bbox 451 751 649 805; x_wconf 82' lang='grc' dir='ltr'><em>περαίνει·</em></span> <span class='ocrx_word' id='word_1_35' title='bbox 696 752 851 808; x_wconf 71' lang='grc' dir='ltr'><em>ἄσημος</em></span> <span class='ocrx_word' id='word_1_36' title='bbox 887 756 1003 810; x_wconf 82' lang='grc' dir='ltr'><em>φωνὴ</em></span> <span class='ocrx_word' id='word_1_37' title='bbox 1043 757 1106 800; x_wconf 82' lang='grc' dir='ltr'>ἐπὶ</span> <span class='ocrx_word' id='word_1_38' title='bbox 1143 766 1213 801; x_wconf 86' lang='grc' dir='ltr'>τοῦ</span> <span class='ocrx_word' id='word_1_39' title='bbox 1249 763 1463 816; x_wconf 79' lang='grc' dir='ltr'><em>περαίνειν.</em></span> <span class='ocrx_word' id='word_1_40' title='bbox 1522 767 1691 820; x_wconf 87' lang='lat' dir='ltr'>Hesych.</span> 
     </span>
     <span class='ocr_line' id='line_1_11' title="bbox 123 806 1692 878; baseline 0.01 -28.123"><span class='ocrx_word' id='word_1_41' title='bbox 123 806 335 862; x_wconf 86' lang='grc' dir='ltr'><em>νεβλάραι·</em></span> <span class='ocrx_word' id='word_1_42' title='bbox 376 809 600 862; x_wconf 81' lang='grc' dir='ltr'><em>περαίνειν,</em></span> <span class='ocrx_word' id='word_1_43' title='bbox 640 814 745 853; x_wconf 86' lang='lat' dir='ltr'>unde</span> <span class='ocrx_word' id='word_1_44' title='bbox 783 814 990 856; x_wconf 88' lang='lat' dir='ltr'>Dobraeus</span> <span class='ocrx_word' id='word_1_45' title='bbox 1025 817 1195 859; x_wconf 87' lang='lat' dir='ltr'>Advers.</span> <span class='ocrx_word' id='word_1_46' title='bbox 1226 819 1246 859; x_wconf 97' lang='lat' dir='ltr'>I</span> <span class='ocrx_word' id='word_1_47' title='bbox 1284 822 1364 862; x_wconf 80' lang='lat'>603</span> <span class='ocrx_word' id='word_1_48' title='bbox 1401 823 1607 878; x_wconf 79' lang='grc' dir='ltr'><em>νεβλᾶραι·</em></span> <span class='ocrx_word' id='word_1_49' title='bbox 1650 819 1692 865; x_wconf 82' lang='grc' dir='ltr'>τὸ</span> 
     </span>
     <span class='ocr_line' id='line_1_12' title="bbox 30 866 1693 925; baseline 0.011 -21"><span class='ocrx_word' id='word_1_50' title='bbox 30 878 91 921; x_wconf 65' lang='lat' dir='ltr'>f·</span> <span class='ocrx_word' id='word_1_51' title='bbox 118 866 347 920; x_wconf 80' lang='grc' dir='ltr'><em>’περαίνειν,</em></span> <span class='ocrx_word' id='word_1_52' title='bbox 378 869 576 919; x_wconf 73' lang='lat' dir='ltr'><strong>probante</strong></span> <span class='ocrx_word' id='word_1_53' title='bbox 597 870 819 912; x_wconf 80' lang='lat' dir='ltr'>Fritzschio</span> <span class='ocrx_word' id='word_1_54' title='bbox 840 872 1038 925; x_wconf 83' lang='lat' dir='ltr'>Euphros.</span> <span class='ocrx_word' id='word_1_55' title='bbox 1065 877 1127 915; x_wconf 90' lang='lat'>15.</span> <span class='ocrx_word' id='word_1_56' title='bbox 1159 878 1201 916; x_wconf 71' lang='lat' dir='ltr'>ai.</span> <span class='ocrx_word' id='word_1_57' title='bbox 1229 878 1328 918; x_wconf 88' lang='lat' dir='ltr'>mire</span> <span class='ocrx_word' id='word_1_58' title='bbox 1358 879 1505 920; x_wconf 80' lang='lat' dir='ltr'>dictum</span> <span class='ocrx_word' id='word_1_59' title='bbox 1536 882 1693 923; x_wconf 70' lang='lat' dir='ltr'>videtur</span> 
     </span>
     <span class='ocr_line' id='line_1_13' title="bbox 121 922 1692 991; baseline 0.009 -26.17"><span class='ocrx_word' id='word_1_60' title='bbox 121 924 231 978; x_wconf 81' lang='grc' dir='ltr'><em>νεβλ.</em></span> <span class='ocrx_word' id='word_1_61' title='bbox 276 922 581 978; x_wconf 85' lang='grc' dir='ltr'><em>τὸ“περαίνειν·</em></span> <span class='ocrx_word' id='word_1_62' title='bbox 614 925 767 982; x_wconf 73' lang='grc' dir='ltr'><em>ἄσημος</em></span> <span class='ocrx_word' id='word_1_63' title='bbox 789 928 905 982; x_wconf 85' lang='grc' dir='ltr'><em>φωνὴ</em></span> <span class='ocrx_word' id='word_1_64' title='bbox 934 928 1013 971; x_wconf 81' lang='grc' dir='ltr'>ἐπὶ</span> <span class='ocrx_word' id='word_1_65' title='bbox 1034 932 1119 972; x_wconf 79' lang='grc' dir='ltr'>τοῦ</span> <span class='ocrx_word' id='word_1_66' title='bbox 1147 934 1368 987; x_wconf 82' lang='grc' dir='ltr'><em>περαίνειν.</em></span> <span class='ocrx_word' id='word_1_67' title='bbox 1406 934 1557 989; x_wconf 71' lang='grc' dir='ltr'><em>ἄσημος</em></span> <span class='ocrx_word' id='word_1_68' title='bbox 1578 936 1692 991; x_wconf 85' lang='grc' dir='ltr'><em>φωνή</em></span> 
     </span>
     <span class='ocr_line' id='line_1_14' title="bbox 127 984 1694 1047; baseline 0.01 -25.14"><span class='ocrx_word' id='word_1_69' title='bbox 127 984 200 1023; x_wconf 74' lang='lat' dir='ltr'>aut</span> <span class='ocrx_word' id='word_1_70' title='bbox 229 984 293 1024; x_wconf 79' lang='lat' dir='ltr'>est</span> <span class='ocrx_word' id='word_1_71' title='bbox 331 985 515 1034; x_wconf 79' lang='lat' dir='ltr'>obscura,</span> <span class='ocrx_word' id='word_1_72' title='bbox 557 988 627 1026; x_wconf 74' lang='lat' dir='ltr'>aut</span> <span class='ocrx_word' id='word_1_73' title='bbox 662 988 864 1037; x_wconf 72' lang='lat' dir='ltr'>iqnobilis,</span> <span class='ocrx_word' id='word_1_74' title='bbox 903 991 973 1029; x_wconf 79' lang='lat' dir='ltr'>aut</span> <span class='ocrx_word' id='word_1_75' title='bbox 1009 1002 1108 1040; x_wconf 77' lang='lat' dir='ltr'>quae</span> <span class='ocrx_word' id='word_1_76' title='bbox 1141 993 1421 1043; x_wconf 66' lang='lat' dir='ltr'>siqnisicatione</span> <span class='ocrx_word' id='word_1_77' title='bbox 1457 999 1609 1047; x_wconf 80' lang='lat' dir='ltr'>careat,</span> <span class='ocrx_word' id='word_1_78' title='bbox 1647 1002 1694 1037; x_wconf 78' lang='lat' dir='ltr'>ut</span> 
     </span>
     <span class='ocr_line' id='line_1_15' title="bbox 18 1040 1691 1104; baseline 0.01 -26"><span class='ocrx_word' id='word_1_79' title='bbox 18 1075 36 1086; x_wconf 67' lang='grc'>.,</span> <span class='ocrx_word' id='word_1_80' title='bbox 124 1040 367 1082; x_wconf 74' lang='lat' dir='ltr'>Aristoteles</span> <span class='ocrx_word' id='word_1_81' title='bbox 399 1043 579 1094; x_wconf 87' lang='lat' dir='ltr'>singulas</span> <span class='ocrx_word' id='word_1_82' title='bbox 609 1044 838 1096; x_wconf 87' lang='lat' dir='ltr'>longiorum</span> <span class='ocrx_word' id='word_1_83' title='bbox 867 1046 1151 1088; x_wconf 86' lang='lat' dir='ltr'>vocabulorum</span> <span class='ocrx_word' id='word_1_84' title='bbox 1189 1050 1363 1101; x_wconf 82' lang='lat' dir='ltr'><strong>syllabas</strong></span> <span class='ocrx_word' id='word_1_85' title='bbox 1400 1065 1471 1102; x_wconf 90' lang='lat' dir='ltr'>per</span> <span class='ocrx_word' id='word_1_86' title='bbox 1507 1066 1547 1093; x_wconf 84' lang='lat' dir='ltr'>se</span> <span class='ocrx_word' id='word_1_87' title='bbox 1584 1066 1691 1104; x_wconf 87' lang='lat' dir='ltr'>spec-</span> 
     </span>
     <span class='ocr_line' id='line_1_16' title="bbox 3 1094 1692 1162; baseline 0.007 -23"><span class='ocrx_word' id='word_1_88' title='bbox 3 1109 31 1158; x_wconf 59' lang='lat' dir='ltr'>‚J</span> <span class='ocrx_word' id='word_1_89' title='bbox 116 1100 226 1139; x_wconf 72' lang='lat' dir='ltr'>tatas</span> <span class='ocrx_word' id='word_1_90' title='bbox 269 1094 455 1151; x_wconf 84' lang='grc' dir='ltr'><em>άσήμους</em></span> <span class='ocrx_word' id='word_1_91' title='bbox 498 1101 684 1153; x_wconf 76' lang='lat' dir='ltr'>adpellat.</span> <span class='ocrx_word' id='word_1_92' title='bbox 746 1102 974 1144; x_wconf 88' lang='lat' dir='ltr'>hominibus</span> <span class='ocrx_word' id='word_1_93' title='bbox 1019 1105 1145 1146; x_wconf 76' lang='lat' dir='ltr'>doct-‚is</span> <span class='ocrx_word' id='word_1_94' title='bbox 1184 1107 1248 1146; x_wconf 89' lang='lat' dir='ltr'>hic</span> <span class='ocrx_word' id='word_1_95' title='bbox 1287 1121 1444 1159; x_wconf 86' lang='lat' dir='ltr'>quoque</span> <span class='ocrx_word' id='word_1_96' title='bbox 1489 1111 1535 1149; x_wconf 76' lang='lat' dir='ltr'>ut</span> <span class='ocrx_word' id='word_1_97' title='bbox 1578 1124 1692 1162; x_wconf 85' lang='lat' dir='ltr'>saepe</span> 
     </span>
     <span class='ocr_line' id='line_1_17' title="bbox 26 1156 1690 1216; baseline 0.007 -20"><span class='ocrx_word' id='word_1_98' title='bbox 26 1179 38 1215; x_wconf 25' lang='grc' dir='ltr'>,ῥ’</span> <span class='ocrx_word' id='word_1_99' title='bbox 117 1156 416 1198; x_wconf 77' lang='lat' dir='ltr'>obscaenitates</span> <span class='ocrx_word' id='word_1_100' title='bbox 452 1159 576 1198; x_wconf 77' lang='lat' dir='ltr'>etiam</span> <span class='ocrx_word' id='word_1_101' title='bbox 605 1160 676 1199; x_wconf 89' lang='lat' dir='ltr'>ubi</span> <span class='ocrx_word' id='word_1_102' title='bbox 704 1161 840 1200; x_wconf 85' lang='lat' dir='ltr'>nullae</span> <span class='ocrx_word' id='word_1_103' title='bbox 878 1164 972 1202; x_wconf 69' lang='lat' dir='ltr'>sunt</span> <span class='ocrx_word' id='word_1_104' title='bbox 1011 1163 1240 1204; x_wconf 85' lang='lat' dir='ltr'>inveniendi</span> <span class='ocrx_word' id='word_1_105' title='bbox 1280 1166 1473 1216; x_wconf 74' lang='lat' dir='ltr'>cupiditas</span> <span class='ocrx_word' id='word_1_106' title='bbox 1512 1167 1690 1207; x_wconf 85' lang='lat' dir='ltr'>fraudem</span> 
     </span>
    </p>

    <p class='ocr_par' dir='ltr' id='par_1_7' title="bbox 0 1214 1691 1505">
     <span class='ocr_line' id='line_1_18' title="bbox 117 1214 1691 1276; baseline 0.007 -22"><span class='ocrx_word' id='word_1_107' title='bbox 117 1214 226 1255; x_wconf 71' lang='lat' dir='ltr'>fecit.</span> <span class='ocrx_word' id='word_1_108' title='bbox 289 1214 524 1269; x_wconf 83' lang='grc' dir='ltr'><em>νεβλάρεται</em></span> <span class='ocrx_word' id='word_1_109' title='bbox 562 1217 669 1268; x_wconf 87' lang='lat' dir='ltr'>quod</span> <span class='ocrx_word' id='word_1_110' title='bbox 698 1218 902 1259; x_wconf 70' lang='lat' dir='ltr'>finxerunt</span> <span class='ocrx_word' id='word_1_111' title='bbox 931 1232 977 1258; x_wconf 86' lang='lat' dir='ltr'>ex</span> <span class='ocrx_word' id='word_1_112' title='bbox 1015 1218 1237 1273; x_wconf 85' lang='grc' dir='ltr'><em>νεβλάρετοι</em></span> <span class='ocrx_word' id='word_1_113' title='bbox 1276 1222 1377 1262; x_wconf 88' lang='lat' dir='ltr'>nihil</span> <span class='ocrx_word' id='word_1_114' title='bbox 1414 1225 1484 1264; x_wconf 76' lang='lat' dir='ltr'>est.</span> <span class='ocrx_word' id='word_1_115' title='bbox 1542 1225 1585 1264; x_wconf 90' lang='lat' dir='ltr'>in</span> <span class='ocrx_word' id='word_1_116' title='bbox 1612 1225 1691 1276; x_wconf 89' lang='lat' dir='ltr'>pri-</span> 
     </span>
     <span class='ocr_line' id='line_1_19' title="bbox 114 1273 1690 1327; baseline 0.006 -14"><span class='ocrx_word' id='word_1_117' title='bbox 114 1273 195 1323; x_wconf 75' lang='lat' dir='ltr'>mis</span> <span class='ocrx_word' id='word_1_118' title='bbox 231 1273 383 1314; x_wconf 73' lang='lat' dir='ltr'>litteris</span> <span class='ocrx_word' id='word_1_119' title='bbox 421 1287 505 1314; x_wconf 89' lang='lat' dir='ltr'>non</span> <span class='ocrx_word' id='word_1_120' title='bbox 528 1275 682 1321; x_wconf 69' lang='lat' dir='ltr'>‚dubito</span> <span class='ocrx_word' id='word_1_121' title='bbox 720 1276 818 1327; x_wconf 88' lang='lat' dir='ltr'>quin</span> <span class='ocrx_word' id='word_1_122' title='bbox 859 1277 1020 1316; x_wconf 87' lang='lat' dir='ltr'>barbari</span> <span class='ocrx_word' id='word_1_123' title='bbox 1063 1279 1320 1319; x_wconf 65' lang='lat' dir='ltr'>instrumenssi</span> <span class='ocrx_word' id='word_1_124' title='bbox 1363 1281 1501 1320; x_wconf 79' lang='lat' dir='ltr'>musici</span> <span class='ocrx_word' id='word_1_125' title='bbox 1543 1294 1690 1322; x_wconf 88' lang='lat' dir='ltr'>nomen</span> 
     </span>
     <span class='ocr_line' id='line_1_20' title="bbox 0 1325 1687 1402; baseline 0.007 -34"><span class='ocrx_word' id='word_1_126' title='bbox 0 1361 19 1402; x_wconf 43' lang='grc' dir='ltr'>ᾗ.</span> <span class='ocrx_word' id='word_1_127' title='bbox 118 1325 145 1381; x_wconf 79' lang='grc' dir='ltr'><em>ἡ</em></span> <span class='ocrx_word' id='word_1_128' title='bbox 180 1325 307 1383; x_wconf 94' lang='grc' dir='ltr'><em>νάβλα</em></span> <span class='ocrx_word' id='word_1_129' title='bbox 337 1332 404 1372; x_wconf 85' lang='lat' dir='ltr'>vel</span> <span class='ocrx_word' id='word_1_130' title='bbox 433 1327 455 1371; x_wconf 85' lang='grc' dir='ltr'>ὁ</span> <span class='ocrx_word' id='word_1_131' title='bbox 485 1330 638 1384; x_wconf 88' lang='grc' dir='ltr'><em>νάβλας</em></span> <span class='ocrx_word' id='word_1_132' title='bbox 679 1334 814 1374; x_wconf 74' lang='lat' dir='ltr'>lateat.</span> <span class='ocrx_word' id='word_1_133' title='bbox 876 1335 924 1374; x_wconf 88' lang='lat' dir='ltr'>cf.</span> <span class='ocrx_word' id='word_1_134' title='bbox 959 1335 1142 1386; x_wconf 85' lang='lat' dir='ltr'>Sophocl.</span> <span class='ocrx_word' id='word_1_135' title='bbox 1172 1337 1221 1376; x_wconf 89' lang='lat' dir='ltr'>fr.</span> <span class='ocrx_word' id='word_1_136' title='bbox 1255 1337 1336 1376; x_wconf 86' lang='lat'>764</span> <span class='ocrx_word' id='word_1_137' title='bbox 1365 1337 1415 1377; x_wconf 82' lang='lat' dir='ltr'>N.</span> <span class='ocrx_word' id='word_1_138' title='bbox 1448 1337 1591 1378; x_wconf 78' lang='lat' dir='ltr'>Strabo</span> <span class='ocrx_word' id='word_1_139' title='bbox 1625 1341 1687 1387; x_wconf 89' lang='lat'>10,</span> 
     </span>
     <span class='ocr_line' id='line_1_21' title="bbox 0 1384 1688 1447; baseline 0.004 -20"><span class='ocrx_word' id='word_1_140' title='bbox 0 1388 30 1443; x_wconf 52' lang='lat' dir='ltr'>&#39;f&#39;</span> <span class='ocrx_word' id='word_1_141' title='bbox 119 1389 202 1428; x_wconf 83' lang='lat'>471</span> <span class='ocrx_word' id='word_1_142' title='bbox 237 1384 318 1428; x_wconf 75' lang='grc' dir='ltr'><em>τῶν</em></span> <span class='ocrx_word' id='word_1_143' title='bbox 348 1385 534 1442; x_wconf 82' lang='grc' dir='ltr'><em>ὀργάνων</em></span> <span class='ocrx_word' id='word_1_144' title='bbox 564 1387 651 1430; x_wconf 78' lang='grc' dir='ltr'><em>ἔνια</em></span> <span class='ocrx_word' id='word_1_145' title='bbox 684 1387 896 1444; x_wconf 78' lang='grc' dir='ltr'><em>βαρβάρως</em></span> <span class='ocrx_word' id='word_1_146' title='bbox 926 1386 1165 1444; x_wconf 76' lang='grc' dir='ltr'><em>ὠνόμασται,</em></span> <span class='ocrx_word' id='word_1_147' title='bbox 1197 1391 1381 1446; x_wconf 84' lang='grc' dir='ltr'><em>νάβλας</em></span> <span class='ocrx_word' id='word_1_148' title='bbox 1410 1392 1477 1434; x_wconf 83' lang='grc' dir='ltr'>καὶ</span> <span class='ocrx_word' id='word_1_149' title='bbox 1506 1391 1688 1447; x_wconf 79' lang='grc' dir='ltr'><em>σαμβύκη</em></span> 
     </span>
     <span class='ocr_line' id='line_1_22' title="bbox 0 1445 1689 1505; baseline 0.005 -22"><span class='ocrx_word' id='word_1_150' title='bbox 0 1445 15 1466; x_wconf 67' lang='lat'>&#39;³&#39;</span> <span class='ocrx_word' id='word_1_151' title='bbox 115 1447 200 1486; x_wconf 87' lang='grc' dir='ltr'><em>κτλ.</em></span> <span class='ocrx_word' id='word_1_152' title='bbox 231 1446 380 1489; x_wconf 76' lang='lat' dir='ltr'>Athen.</span> <span class='ocrx_word' id='word_1_153' title='bbox 413 1448 451 1498; x_wconf 85' lang='lat'>4,</span> <span class='ocrx_word' id='word_1_154' title='bbox 487 1448 640 1488; x_wconf 85' lang='lat' dir='ltr'><strong>175bd</strong></span> <span class='ocrx_word' id='word_1_155' title='bbox 670 1453 740 1488; x_wconf 81' lang='grc' dir='ltr'>τοῦ</span> <span class='ocrx_word' id='word_1_156' title='bbox 769 1446 1016 1501; x_wconf 81' lang='grc' dir='ltr'><em>καλουμένου</em></span> <span class='ocrx_word' id='word_1_157' title='bbox 1056 1448 1233 1503; x_wconf 80' lang='grc' dir='ltr'><em>νάβλα,</em></span> <span class='ocrx_word' id='word_1_158' title='bbox 1271 1448 1320 1490; x_wconf 72' lang='grc' dir='ltr'>’ὄν</span> <span class='ocrx_word' id='word_1_159' title='bbox 1348 1461 1447 1503; x_wconf 85' lang='grc' dir='ltr'><em>φησι</em></span> <span class='ocrx_word' id='word_1_160' title='bbox 1475 1451 1689 1505; x_wconf 83' lang='grc' dir='ltr'><em>Σώπατρος</em></span> 
     </span>
    </p>

    <p class='ocr_par' dir='ltr' id='par_1_8' title="bbox 0 1499 1687 2191">
     <span class='ocr_line' id='line_1_23' title="bbox 114 1499 1687 1559; baseline 0.005 -17"><span class='ocrx_word' id='word_1_161' title='bbox 114 1499 136 1542; x_wconf 89' lang='grc' dir='ltr'>ὁ</span> <span class='ocrx_word' id='word_1_162' title='bbox 176 1500 364 1559; x_wconf 78' lang='grc' dir='ltr'><em>παρῳδὸς</em></span> <span class='ocrx_word' id='word_1_163' title='bbox 407 1535 416 1545; x_wconf 92' lang='grc'><em>.</em></span> <span class='ocrx_word' id='word_1_164' title='bbox 448 1535 459 1546; x_wconf 82' lang='grc'><em>.</em></span> <span class='ocrx_word' id='word_1_165' title='bbox 493 1535 504 1545; x_wconf 89' lang='grc'><em>.</em></span> <span class='ocrx_word' id='word_1_166' title='bbox 547 1504 756 1546; x_wconf 82' lang='grc' dir='ltr'><em>Φοινίκων</em></span> <span class='ocrx_word' id='word_1_167' title='bbox 793 1500 896 1546; x_wconf 79' lang='grc' dir='ltr'><em>εἶναι</em></span> <span class='ocrx_word' id='word_1_168' title='bbox 926 1540 935 1548; x_wconf 97' lang='grc'><em>.</em></span> <span class='ocrx_word' id='word_1_169' title='bbox 969 1536 978 1546; x_wconf 92' lang='grc'><em>.</em></span> <span class='ocrx_word' id='word_1_170' title='bbox 1012 1537 1021 1546; x_wconf 94' lang='grc'><em>.</em></span> <span class='ocrx_word' id='word_1_171' title='bbox 1058 1504 1222 1559; x_wconf 75' lang='grc' dir='ltr'><em>εὕρημα.</em></span> <span class='ocrx_word' id='word_1_172' title='bbox 1281 1507 1525 1550; x_wconf 88' lang='lat' dir='ltr'>Philemonis</span> <span class='ocrx_word' id='word_1_173' title='bbox 1560 1512 1687 1550; x_wconf 75' lang='lat' dir='ltr'>aetate</span> 
     </span>
     <span class='ocr_line' id='line_1_24' title="bbox 0 1560 1684 1617; baseline 0.002 -14"><span class='ocrx_word' id='word_1_174' title='bbox 0 1572 10 1606; x_wconf 81' lang='grc' dir='ltr'>ἰ,</span> <span class='ocrx_word' id='word_1_175' title='bbox 116 1561 285 1613; x_wconf 69' lang='grc' dir='ltr'>(Αίὼοιι.</span> <span class='ocrx_word' id='word_1_176' title='bbox 308 1560 479 1617; x_wconf 87' lang='lat' dir='ltr'>ibidem)</span> <span class='ocrx_word' id='word_1_177' title='bbox 509 1563 552 1603; x_wconf 89' lang='lat' dir='ltr'>id</span> <span class='ocrx_word' id='word_1_178' title='bbox 581 1576 728 1604; x_wconf 89' lang='lat' dir='ltr'>nomen</span> <span class='ocrx_word' id='word_1_179' title='bbox 757 1564 800 1603; x_wconf 89' lang='lat' dir='ltr'>in</span> <span class='ocrx_word' id='word_1_180' title='bbox 830 1564 975 1616; x_wconf 82' lang='lat' dir='ltr'>vulgus</span> <span class='ocrx_word' id='word_1_181' title='bbox 1005 1576 1086 1604; x_wconf 86' lang='lat' dir='ltr'>non</span> <span class='ocrx_word' id='word_1_182' title='bbox 1116 1564 1332 1605; x_wconf 86' lang='lat' dir='ltr'>admodum</span> <span class='ocrx_word' id='word_1_183' title='bbox 1362 1567 1566 1617; x_wconf 77' lang='lat' dir='ltr'>cognitum</span> <span class='ocrx_word' id='word_1_184' title='bbox 1586 1569 1684 1607; x_wconf 79' lang='lat' dir='ltr'>erat.</span> 
     </span>
     <span class='ocr_line' id='line_1_25' title="bbox 0 1615 1684 1675; baseline 0.002 -16"><span class='ocrx_word' id='word_1_185' title='bbox 0 1644 38 1670; x_wconf 34' lang='lat' dir='ltr'>,v</span> <span class='ocrx_word' id='word_1_186' title='bbox 113 1619 290 1672; x_wconf 79' lang='lat' dir='ltr'>Hesych.</span> <span class='ocrx_word' id='word_1_187' title='bbox 335 1618 490 1673; x_wconf 86' lang='grc' dir='ltr'><em>νάβλα·</em></span> <span class='ocrx_word' id='word_1_188' title='bbox 534 1615 639 1669; x_wconf 82' lang='grc' dir='ltr'><em>εἶδος</em></span> <span class='ocrx_word' id='word_1_189' title='bbox 679 1616 852 1674; x_wconf 81' lang='grc' dir='ltr'><em>ὀργάνου</em></span> <span class='ocrx_word' id='word_1_190' title='bbox 888 1626 1096 1673; x_wconf 80' lang='grc' dir='ltr'><em>μουσικοῦ.</em></span> <span class='ocrx_word' id='word_1_191' title='bbox 1152 1622 1269 1662; x_wconf 78' lang='lat' dir='ltr'>Phot.</span> <span class='ocrx_word' id='word_1_192' title='bbox 1312 1624 1351 1662; x_wconf 77' lang='lat' dir='ltr'>et</span> <span class='ocrx_word' id='word_1_193' title='bbox 1389 1623 1499 1663; x_wconf 85' lang='lat' dir='ltr'>Suid.</span> <span class='ocrx_word' id='word_1_194' title='bbox 1541 1621 1684 1675; x_wconf 84' lang='grc' dir='ltr'><em>νάβλα·</em></span> 
     </span>
     <span class='ocr_line' id='line_1_26' title="bbox 113 1670 1687 1731; baseline 0.003 -15"><span class='ocrx_word' id='word_1_195' title='bbox 113 1670 221 1725; x_wconf 77' lang='grc' dir='ltr'><em>εἶδος</em></span> <span class='ocrx_word' id='word_1_196' title='bbox 250 1673 441 1731; x_wconf 81' lang='grc' dir='ltr'><em>ὀργάνου.</em></span> <span class='ocrx_word' id='word_1_197' title='bbox 481 1677 596 1719; x_wconf 90' lang='lat' dir='ltr'>Ovid.</span> <span class='ocrx_word' id='word_1_198' title='bbox 619 1680 669 1719; x_wconf 92' lang='lat' dir='ltr'>A.</span> <span class='ocrx_word' id='word_1_199' title='bbox 691 1693 726 1719; x_wconf 90' lang='lat' dir='ltr'>a.</span> <span class='ocrx_word' id='word_1_200' title='bbox 751 1680 788 1727; x_wconf 90' lang='lat'>3,</span> <span class='ocrx_word' id='word_1_201' title='bbox 810 1680 891 1719; x_wconf 86' lang='lat'>327</span> <span class='ocrx_word' id='word_1_202' title='bbox 922 1680 1023 1720; x_wconf 81' lang='lat' dir='ltr'>disce</span> <span class='ocrx_word' id='word_1_203' title='bbox 1050 1681 1166 1720; x_wconf 78' lang='lat' dir='ltr'>etiam</span> <span class='ocrx_word' id='word_1_204' title='bbox 1194 1681 1339 1729; x_wconf 60' lang='lat' dir='ltr'>daphca·</span> <span class='ocrx_word' id='word_1_205' title='bbox 1353 1682 1526 1731; x_wconf 75' lang='lat' dir='ltr'>yenialia</span> <span class='ocrx_word' id='word_1_206' title='bbox 1553 1682 1687 1722; x_wconf 76' lang='lat' dir='ltr'>nablia</span> 
     </span>
     <span class='ocr_line' id='line_1_27' title="bbox 105 1736 1686 1786; baseline 0.001 -10"><span class='ocrx_word' id='word_1_207' title='bbox 105 1736 249 1786; x_wconf 75' lang='lat' dir='ltr'>palma</span> <span class='ocrx_word' id='word_1_208' title='bbox 291 1748 457 1778; x_wconf 79' lang='lat' dir='ltr'>verrere.</span> <span class='ocrx_word' id='word_1_209' title='bbox 512 1738 749 1777; x_wconf 74' lang='lat' dir='ltr'>conveniunt</span> <span class='ocrx_word' id='word_1_210' title='bbox 791 1737 968 1777; x_wconf 76' lang='lat' dir='ltr'>dulcibus</span> <span class='ocrx_word' id='word_1_211' title='bbox 1011 1738 1081 1776; x_wconf 79' lang='lat' dir='ltr'>illa</span> <span class='ocrx_word' id='word_1_212' title='bbox 1123 1738 1227 1777; x_wconf 77' lang='lat' dir='ltr'>iocis.</span> <span class='ocrx_word' id='word_1_213' title='bbox 1293 1738 1336 1777; x_wconf 88' lang='lat' dir='ltr'>in</span> <span class='ocrx_word' id='word_1_214' title='bbox 1383 1737 1686 1778; x_wconf 78' lang='lat' dir='ltr'>Daetalensibus</span> 
     </span>
     <span class='ocr_line' id='line_1_28' title="bbox 111 1793 1683 1846; baseline 0.002 -14"><span class='ocrx_word' id='word_1_215' title='bbox 111 1795 247 1845; x_wconf 76' lang='lat' dir='ltr'>autem</span> <span class='ocrx_word' id='word_1_216' title='bbox 277 1807 446 1846; x_wconf 83' lang='lat' dir='ltr'>magnas</span> <span class='ocrx_word' id='word_1_217' title='bbox 477 1795 574 1835; x_wconf 78' lang='lat' dir='ltr'>artis</span> <span class='ocrx_word' id='word_1_218' title='bbox 612 1795 785 1835; x_wconf 82' lang='lat' dir='ltr'>musicae</span> <span class='ocrx_word' id='word_1_219' title='bbox 820 1796 956 1845; x_wconf 75' lang='lat' dir='ltr'>partes</span> <span class='ocrx_word' id='word_1_220' title='bbox 993 1793 1116 1834; x_wconf 84' lang='lat' dir='ltr'>fuisse</span> <span class='ocrx_word' id='word_1_221' title='bbox 1153 1795 1321 1834; x_wconf 75' lang='lat' dir='ltr'>constat.</span> <span class='ocrx_word' id='word_1_222' title='bbox 1381 1795 1414 1834; x_wconf 91' lang='lat' dir='ltr'>si</span> <span class='ocrx_word' id='word_1_223' title='bbox 1442 1795 1567 1846; x_wconf 77' lang='lat' dir='ltr'>igitur</span> <span class='ocrx_word' id='word_1_224' title='bbox 1595 1795 1683 1835; x_wconf 84' lang='lat' dir='ltr'>Ari-</span> 
     </span>
     <span class='ocr_line' id='line_1_29' title="bbox 113 1849 1684 1904; baseline 0 -14"><span class='ocrx_word' id='word_1_225' title='bbox 113 1850 344 1902; x_wconf 76' lang='lat' dir='ltr'>stophanes,</span> <span class='ocrx_word' id='word_1_226' title='bbox 376 1854 423 1892; x_wconf 79' lang='lat' dir='ltr'>ut</span> <span class='ocrx_word' id='word_1_227' title='bbox 452 1852 622 1903; x_wconf 75' lang='lat' dir='ltr'>Eupolis</span> <span class='ocrx_word' id='word_1_228' title='bbox 663 1850 930 1904; x_wconf 76' lang='grc' dir='ltr'><em>νιγλαρεύειν,</em></span> <span class='ocrx_word' id='word_1_229' title='bbox 969 1851 1134 1892; x_wconf 82' lang='lat' dir='ltr'>verbum</span> <span class='ocrx_word' id='word_1_230' title='bbox 1173 1851 1287 1891; x_wconf 73' lang='lat' dir='ltr'>finxit</span> <span class='ocrx_word' id='word_1_231' title='bbox 1321 1849 1684 1904; x_wconf 84' lang='grc' dir='ltr'><em>ναβλαρεύεται</em></span> 
     </span>
     <span class='ocr_line' id='line_1_30' title="bbox 113 1905 1683 1962; baseline -0.001 -13"><span class='ocrx_word' id='word_1_232' title='bbox 113 1906 166 1960; x_wconf 86' lang='lat' dir='ltr'>(e.</span> <span class='ocrx_word' id='word_1_233' title='bbox 198 1921 232 1949; x_wconf 89' lang='lat' dir='ltr'>c.</span> <span class='ocrx_word' id='word_1_234' title='bbox 262 1907 331 1949; x_wconf 81' lang='grc' dir='ltr'>καὶ</span> <span class='ocrx_word' id='word_1_235' title='bbox 360 1905 569 1962; x_wconf 82' lang='grc' dir='ltr'><em>βάρβαρόν</em></span> <span class='ocrx_word' id='word_1_236' title='bbox 598 1923 634 1948; x_wconf 86' lang='grc' dir='ltr'><em>τι</em></span> <span class='ocrx_word' id='word_1_237' title='bbox 664 1914 819 1961; x_wconf 80' lang='grc' dir='ltr'><em>κροῦμα</em></span> <span class='ocrx_word' id='word_1_238' title='bbox 847 1906 1151 1961; x_wconf 85' lang='grc' dir='ltr'><em>ναβλαρεύεται)</em></span> <span class='ocrx_word' id='word_1_239' title='bbox 1190 1910 1232 1947; x_wconf 78' lang='lat' dir='ltr'>et</span> <span class='ocrx_word' id='word_1_240' title='bbox 1262 1908 1409 1948; x_wconf 79' lang='lat' dir='ltr'>scholia</span> <span class='ocrx_word' id='word_1_241' title='bbox 1437 1910 1483 1947; x_wconf 76' lang='lat' dir='ltr'>ut</span> <span class='ocrx_word' id='word_1_242' title='bbox 1516 1909 1683 1949; x_wconf 83' lang='lat' dir='ltr'>verbum</span> 
     </span>
     <span class='ocr_line' id='line_1_31' title="bbox 111 1963 1681 2022; baseline -0.001 -16"><span class='ocrx_word' id='word_1_243' title='bbox 111 1966 320 2007; x_wconf 84' lang='lat' dir='ltr'>obscurius</span> <span class='ocrx_word' id='word_1_244' title='bbox 359 1963 555 2022; x_wconf 71' lang='grc' dir='ltr'><em>(ἄσημον)</em></span> <span class='ocrx_word' id='word_1_245' title='bbox 595 1967 956 2018; x_wconf 72' lang='lat' dir='ltr'>interpretarentur</span> <span class='ocrx_word' id='word_1_246' title='bbox 993 1965 1282 2022; x_wconf 80' lang='lat' dir='ltr'>adnotaverunt</span> <span class='ocrx_word' id='word_1_247' title='bbox 1325 1963 1523 2017; x_wconf 88' lang='grc' dir='ltr'><em>περαίνει,</em></span> <span class='ocrx_word' id='word_1_248' title='bbox 1567 1965 1681 2005; x_wconf 81' lang='lat' dir='ltr'>facile</span> 
     </span>
     <span class='ocr_line' id='line_1_32' title="bbox 110 2022 1682 2077; baseline -0.002 -13"><span class='ocrx_word' id='word_1_249' title='bbox 110 2023 367 2077; x_wconf 75' lang='lat' dir='ltr'>intellegitur</span> <span class='ocrx_word' id='word_1_250' title='bbox 405 2026 446 2064; x_wconf 77' lang='lat' dir='ltr'>et</span> <span class='ocrx_word' id='word_1_251' title='bbox 477 2025 632 2063; x_wconf 86' lang='lat' dir='ltr'>nullam</span> <span class='ocrx_word' id='word_1_252' title='bbox 669 2024 734 2064; x_wconf 90' lang='lat' dir='ltr'>hic</span> <span class='ocrx_word' id='word_1_253' title='bbox 769 2036 854 2064; x_wconf 84' lang='lat' dir='ltr'>esse</span> <span class='ocrx_word' id='word_1_254' title='bbox 892 2022 1200 2063; x_wconf 67' lang='lat' dir='ltr'>obscaenitahem</span> <span class='ocrx_word' id='word_1_255' title='bbox 1237 2023 1278 2063; x_wconf 75' lang='lat' dir='ltr'>et</span> <span class='ocrx_word' id='word_1_256' title='bbox 1313 2022 1508 2073; x_wconf 88' lang='lat' dir='ltr'>quomodo</span> <span class='ocrx_word' id='word_1_257' title='bbox 1549 2022 1682 2062; x_wconf 75' lang='lat' dir='ltr'>Photii</span> 
     </span>
     <span class='ocr_line' id='line_1_33' title="bbox 111 2079 1679 2137; baseline -0.003 -15"><span class='ocrx_word' id='word_1_258' title='bbox 111 2082 249 2133; x_wconf 82' lang='lat' dir='ltr'>glossa</span> <span class='ocrx_word' id='word_1_259' title='bbox 265 2084 355 2122; x_wconf 82' lang='lat' dir='ltr'>orta</span> <span class='ocrx_word' id='word_1_260' title='bbox 375 2082 440 2122; x_wconf 76' lang='lat' dir='ltr'>sit.</span> <span class='ocrx_word' id='word_1_261' title='bbox 470 2095 565 2121; x_wconf 83' lang='lat' dir='ltr'>nam</span> <span class='ocrx_word' id='word_1_262' title='bbox 585 2079 790 2134; x_wconf 86' lang='grc' dir='ltr'><em>περαίνειν</em></span> <span class='ocrx_word' id='word_1_263' title='bbox 809 2081 852 2120; x_wconf 91' lang='lat' dir='ltr'>in</span> <span class='ocrx_word' id='word_1_264' title='bbox 865 2080 1013 2120; x_wconf 72' lang='lat' dir='ltr'>talibus</span> <span class='ocrx_word' id='word_1_265' title='bbox 1030 2080 1194 2120; x_wconf 87' lang='lat' dir='ltr'>verbum</span> <span class='ocrx_word' id='word_1_266' title='bbox 1214 2080 1433 2137; x_wconf 71' lang='lat' dir='ltr'>propriurn·</span> <span class='ocrx_word' id='word_1_267' title='bbox 1462 2079 1679 2130; x_wconf 77' lang='lat' dir='ltr'>Antiphan-</span> 
     </span>
     <span class='ocr_line' id='line_1_34' title="bbox 109 2138 942 2191; baseline -0.001 -13"><span class='ocrx_word' id='word_1_268' title='bbox 109 2139 180 2191; x_wconf 81' lang='lat'>47,</span> <span class='ocrx_word' id='word_1_269' title='bbox 212 2140 253 2180; x_wconf 89' lang='grc'>5.</span> <span class='ocrx_word' id='word_1_270' title='bbox 284 2139 352 2190; x_wconf 89' lang='grc'>85,</span> <span class='ocrx_word' id='word_1_271' title='bbox 375 2140 414 2181; x_wconf 90' lang='grc'>4.</span> <span class='ocrx_word' id='word_1_272' title='bbox 446 2139 498 2179; x_wconf 84' lang='lat' dir='ltr'>cf.</span> <span class='ocrx_word' id='word_1_273' title='bbox 528 2139 630 2178; x_wconf 85' lang='lat' dir='ltr'>Ran.</span> <span class='ocrx_word' id='word_1_274' title='bbox 665 2140 787 2179; x_wconf 84' lang='lat'>1170.</span> <span class='ocrx_word' id='word_1_275' title='bbox 822 2138 942 2178; x_wconf 83' lang='lat'>1284.</span> 
     </span>
    </p>
   </div>
   <div class='ocr_carea' id='block_1_7' title="bbox 222 2248 1674 2470">
    <p class='ocr_par' dir='ltr' id='par_1_9' title="bbox 222 2248 1674 2470">
     <span class='ocr_line' id='line_1_35' title="bbox 861 2248 946 2291; baseline 0 -1"><span class='ocrx_word' id='word_1_276' title='bbox 861 2248 946 2291; x_wconf 91' lang='grc'>242</span> 
     </span>
     <span class='ocr_line' id='line_1_36' title="bbox 316 2320 739 2385; baseline -0.007 -10"><span class='ocrx_word' id='word_1_277' title='bbox 316 2329 397 2375; x_wconf 87' lang='grc' dir='ltr'><em>τὸν</em></span> <span class='ocrx_word' id='word_1_278' title='bbox 428 2320 739 2385; x_wconf 82' lang='grc' dir='ltr'><em>ὀρτυγοκόμον</em></span> 
     </span>
     <span class='ocr_line' id='line_1_37' title="bbox 222 2407 1674 2470; baseline -0.006 -15"><span class='ocrx_word' id='word_1_279' title='bbox 222 2412 400 2470; x_wconf 76' lang='grc' dir='ltr'><em>βραχέως</em></span> <span class='ocrx_word' id='word_1_280' title='bbox 439 2414 485 2468; x_wconf 82' lang='lat' dir='ltr'>(i.</span> <span class='ocrx_word' id='word_1_281' title='bbox 518 2427 551 2457; x_wconf 86' lang='lat' dir='ltr'>e.</span> <span class='ocrx_word' id='word_1_282' title='bbox 588 2411 653 2464; x_wconf 79' lang='grc' dir='ltr'>ὕ)·</span> <span class='ocrx_word' id='word_1_283' title='bbox 693 2412 813 2464; x_wconf 83' lang='grc' dir='ltr'><em>δηλοῖ</em></span> <span class='ocrx_word' id='word_1_284' title='bbox 838 2407 1128 2464; x_wconf 83' lang='grc' dir='ltr'><em>Ἀριστοφάνης</em></span> <span class='ocrx_word' id='word_1_285' title='bbox 1168 2410 1446 2448; x_wconf 84' lang='grc' dir='ltr'><em>Δαιταλεῦσιν.</em></span> <span class='ocrx_word' id='word_1_286' title='bbox 1497 2407 1674 2447; x_wconf 79' lang='lat' dir='ltr'>Photius.</span> 
     </span>
    </p>
   </div>
   <div class='ocr_carea' id='block_1_8' title="bbox 79 2463 1674 2584">
    <p class='ocr_par' dir='ltr' id='par_1_10' title="bbox 79 2463 1674 2584">
     <span class='ocr_line' id='line_1_38' title="bbox 79 2463 1674 2526; baseline -0.006 -14"><span class='ocrx_word' id='word_1_287' title='bbox 79 2475 215 2518; x_wconf 55' lang='lat' dir='ltr'>‚recte</span> <span class='ocrx_word' id='word_1_288' title='bbox 253 2469 528 2526; x_wconf 81' lang='grc' dir='ltr'><em>ὀρτυγοκόπον</em></span> <span class='ocrx_word' id='word_1_289' title='bbox 563 2471 807 2511; x_wconf 71' lang='lat' dir='ltr'>Fritzschius</span> <span class='ocrx_word' id='word_1_290' title='bbox 849 2469 1003 2509; x_wconf 75' lang='lat' dir='ltr'>Daetal.</span> <span class='ocrx_word' id='word_1_291' title='bbox 1036 2469 1110 2519; x_wconf 85' lang='lat'>97,</span> <span class='ocrx_word' id='word_1_292' title='bbox 1157 2463 1420 2519; x_wconf 79' lang='grc' dir='ltr'><em>ὀρτυγοκόμον</em></span> <span class='ocrx_word' id='word_1_293' title='bbox 1463 2477 1509 2503; x_wconf 87' lang='lat' dir='ltr'>ex</span> <span class='ocrx_word' id='word_1_294' title='bbox 1552 2476 1674 2514; x_wconf 79' lang='lat' dir='ltr'>pravo</span> 
     </span>
     <span class='ocr_line' id='line_1_39' title="bbox 107 2522 1602 2584; baseline -0.009 -12"><span class='ocrx_word' id='word_1_295' title='bbox 107 2531 310 2572; x_wconf 84' lang='lat' dir='ltr'>scribendi</span> <span class='ocrx_word' id='word_1_296' title='bbox 340 2543 415 2579; x_wconf 75' lang='lat' dir='ltr'>usu</span> <span class='ocrx_word' id='word_1_297' title='bbox 443 2524 778 2584; x_wconf 72' lang='grc' dir='ltr'><em>(ὀρτυγοκόμπον)</em></span> <span class='ocrx_word' id='word_1_298' title='bbox 809 2530 941 2567; x_wconf 76' lang='lat' dir='ltr'>ortum</span> <span class='ocrx_word' id='word_1_299' title='bbox 972 2538 1057 2565; x_wconf 86' lang='lat' dir='ltr'>esse</span> <span class='ocrx_word' id='word_1_300' title='bbox 1086 2536 1262 2564; x_wconf 86' lang='lat' dir='ltr'>monens.</span> <span class='ocrx_word' id='word_1_301' title='bbox 1294 2523 1341 2564; x_wconf 90' lang='lat' dir='ltr'>cf.</span> <span class='ocrx_word' id='word_1_302' title='bbox 1371 2523 1446 2562; x_wconf 89' lang='lat' dir='ltr'>Av.</span> <span class='ocrx_word' id='word_1_303' title='bbox 1480 2522 1602 2560; x_wconf 85' lang='lat'>1299.</span> 
     </span>
    </p>
   </div>
   <div class='ocr_carea' id='block_1_9' title="bbox 318 2637 938 2755">
    <p class='ocr_par' dir='ltr' id='par_1_11' title="bbox 318 2637 938 2755">
     <span class='ocr_line' id='line_1_40' title="bbox 854 2637 938 2679; baseline 0 0"><span class='ocrx_word' id='word_1_304' title='bbox 854 2637 938 2679; x_wconf 84' lang='grc'>243</span> 
     </span>
     <span class='ocr_line' id='line_1_41' title="bbox 318 2699 564 2755; baseline -0.008 -13"><span class='ocrx_word' id='word_1_305' title='bbox 318 2699 564 2755; x_wconf 76' lang='grc' dir='ltr'><em>ῥαγδαίους</em></span> 
     </span>
    </p>
   </div>
   <div class='ocr_carea' id='block_1_10' title="bbox 106 2766 1669 2892">
    <p class='ocr_par' dir='ltr' id='par_1_12' title="bbox 106 2766 1669 2892">
     <span class='ocr_line' id='line_1_42' title="bbox 222 2766 1669 2835; baseline -0.01 -13"><span class='ocrx_word' id='word_1_306' title='bbox 222 2777 314 2830; x_wconf 77' lang='grc' dir='ltr'><em>τοὺς</em></span> <span class='ocrx_word' id='word_1_307' title='bbox 344 2778 630 2834; x_wconf 85' lang='grc' dir='ltr'><em>κεκινημένους</em></span> <span class='ocrx_word' id='word_1_308' title='bbox 667 2777 734 2819; x_wconf 83' lang='grc' dir='ltr'>καὶ</span> <span class='ocrx_word' id='word_1_309' title='bbox 771 2774 971 2830; x_wconf 82' lang='grc' dir='ltr'><em>σφοδροὺς</em></span> <span class='ocrx_word' id='word_1_310' title='bbox 1009 2772 1074 2813; x_wconf 83' lang='grc' dir='ltr'>καὶ</span> <span class='ocrx_word' id='word_1_311' title='bbox 1111 2771 1265 2824; x_wconf 85' lang='grc' dir='ltr'><em>βιαίους</em></span> <span class='ocrx_word' id='word_1_312' title='bbox 1297 2800 1306 2810; x_wconf 90' lang='grc'><em>.</em></span> <span class='ocrx_word' id='word_1_313' title='bbox 1333 2801 1342 2810; x_wconf 95' lang='grc'><em>.</em></span> <span class='ocrx_word' id='word_1_314' title='bbox 1365 2800 1374 2809; x_wconf 93' lang='grc'><em>.</em></span> <span class='ocrx_word' id='word_1_315' title='bbox 1407 2768 1486 2835; x_wconf 75' lang='grc' dir='ltr'><em>ἔστι</em></span> <span class='ocrx_word' id='word_1_316' title='bbox 1518 2800 1526 2808; x_wconf 92' lang='grc'><em>.</em></span> <span class='ocrx_word' id='word_1_317' title='bbox 1551 2799 1560 2808; x_wconf 95' lang='grc'><em>.</em></span> <span class='ocrx_word' id='word_1_318' title='bbox 1585 2801 1593 2810; x_wconf 94' lang='grc'><em>.</em></span> <span class='ocrx_word' id='word_1_319' title='bbox 1626 2766 1669 2807; x_wconf 86' lang='grc' dir='ltr'>τὸ</span> 
     </span>
     <span class='ocr_line' id='line_1_43' title="bbox 106 2827 1667 2892; baseline -0.011 -11"><span class='ocrx_word' id='word_1_320' title='bbox 106 2837 235 2892; x_wconf 73' lang='grc' dir='ltr'><em>ὄνομα</em></span> <span class='ocrx_word' id='word_1_321' title='bbox 264 2837 334 2880; x_wconf 82' lang='grc' dir='ltr'>καὶ</span> <span class='ocrx_word' id='word_1_322' title='bbox 371 2837 416 2879; x_wconf 82' lang='grc' dir='ltr'><em>ἐν</em></span> <span class='ocrx_word' id='word_1_323' title='bbox 457 2840 725 2878; x_wconf 83' lang='grc' dir='ltr'><em>Δαιταλεῦσιν</em></span> <span class='ocrx_word' id='word_1_324' title='bbox 758 2831 1082 2887; x_wconf 81' lang='grc' dir='ltr'><em>Ἀριστοφάνους.</em></span> <span class='ocrx_word' id='word_1_325' title='bbox 1132 2829 1299 2869; x_wconf 82' lang='lat' dir='ltr'>Photius</span> <span class='ocrx_word' id='word_1_326' title='bbox 1337 2830 1378 2868; x_wconf 71' lang='lat' dir='ltr'>et</span> <span class='ocrx_word' id='word_1_327' title='bbox 1415 2827 1569 2867; x_wconf 78' lang='lat' dir='ltr'>Suidas.</span> <span class='ocrx_word' id='word_1_328' title='bbox 1620 2827 1667 2865; x_wconf 86' lang='lat' dir='ltr'>cf.</span> 
     </span>
    </p>
   </div>
   <div class='ocr_carea' id='block_1_11' title="bbox 106 2897 394 2938">
    <p class='ocr_par' dir='ltr' id='par_1_13' title="bbox 106 2897 394 2938">
     <span class='ocr_line' id='line_1_44' title="bbox 106 2897 394 2938; baseline -0.003 -1"><span class='ocrx_word' id='word_1_329' title='bbox 106 2897 296 2938; x_wconf 82' lang='lat' dir='ltr'>Teleclid.</span> <span class='ocrx_word' id='word_1_330' title='bbox 329 2897 394 2937; x_wconf 88' lang='lat'>30.</span> 
     </span>
    </p>
   </div>
  </div>
 </body>
</html>
