1872 3224
155 169 157 172 “
176 170 260 212 440
765 163 1150 199 ΑΡΙΣΤΟΦΑΝΟΤΣ

176 269 479 327 καλοκάγαθίαν
510 273 559 312 Η.
593 271 830 321 Stephanus.
891 265 975 320 οἴμ’
1008 265 1174 323 Elmsl.]
1206 262 1330 320 οἶμαι.
1389 267 1496 320 οἴμοι
1527 268 1758 310 Commius.
1813 273 1816 274 ⁷

178 336 215 372 9.
248 333 361 371 τοῦτο
391 327 580 382 Brunck.]
614 324 779 366 τούτων.
812 325 1068 379 τερθρεύεται
1098 323 1264 382 Bergk]
1305 323 1532 395 τηρεύεται,
1564 323 1758 378 τερύεται.

179 401 221 429 σε
261 387 397 441 ῥύεται
438 387 667 434 Kuehnius,
707 385 840 425 nescio
881 398 960 435 quo
1001 386 1175 425 auctore.
1242 381 1459 438 θηρεύεται
1500 383 1763 442 Fritzechius,
1835 398 1839 427 ζ

178 444 421 498 τερατεύεται
454 444 661 483 Dobraeus
691 442 862 482 Advers.
894 442 935 482 II
966 443 1061 480 252.
1094 455 1144 480 an
1176 439 1437 495 ε’ξεύρετοὶ)

297 507 330 541 1.
363 500 522 553 τορελλῆ
553 500 766 552 lugubrem
797 500 919 539 tibiae
951 512 1095 539 sonum
1125 500 1310 540 consulto
1339 499 1389 539 ab
1414 499 1688 549 Aristophane
1718 498 1762 538 in

179 562 341 612 σορελλῆ
383 561 581 598 mutatum
620 570 705 597 esse
745 557 988 597 Fritzschius
1024 557 1170 597 statuit
1207 558 1307 596 Ran.
1339 571 1378 608 p.
1414 557 1518 606 142,
1556 557 1604 596 ut
1641 555 1762 596 simul

178 620 296 657 etiam
335 617 384 655 ad
430 611 551 667 σορόν
588 615 807 654 adluderet.
868 615 1016 654 similia
1057 614 1154 665 Lys.
1195 615 1292 657 372.
1329 614 1438 654 Eccl.
1485 614 1606 654 1032.
1651 612 1760 655 Nub.

180 677 260 715 908
293 678 333 713 et
363 673 468 724 quod
500 675 560 712 est
590 672 695 723 apud
727 672 919 712 Photium
952 673 1103 720 610,1
1138 673 1179 711 et
1207 672 1414 712 Pollucem
1446 672 1570 720 2,16
1613 669 1761 723 τυμβο-

179 730 320 784 γὲρων.
354 733 532 770 ceterum
555 744 591 768 v,
615 730 638 767 2
661 729 916 769 scribendum
938 741 1024 769 esse
1055 741 1196 768 censeo
1228 723 1329 779 ἰδού,
1361 726 1411 768 τὸ
1449 725 1612 797 σορέλλη
1643 730 1762 768 τοῦτο

176 791 256 828 κτλ.
291 789 360 836 (cf.
395 789 434 826 4.
469 784 528 841 6),
560 787 666 826 unde
696 787 887 826 facillime
927 786 1120 837 Hesychii
1150 789 1191 826 et
1220 787 1463 838 Diogeniani
1494 781 1654 838 τορέλλη
1683 797 1762 837 quo

178 847 293 885 modo
333 849 464 885 ortum
503 846 556 884 sit
593 844 829 894 explicatur.
919 846 959 883 3.
990 839 1017 895 ἦ
1056 840 1138 894 μήν
1176 835 1763 894 Ν1111.865.Αν.1259.ἦ

175 902 257 954 μὴν
302 902 398 949 ἴσως
438 902 594 942 Nicom.
632 905 668 950 1,
703 903 727 940 6
733 902 829 970 (ex
869 902 1150 941 emendatione
1184 901 1374 941 Meinekii
1409 897 1664 953 certissima).
1695 897 1764 940 uoci

176 959 257 1012 μὴν
296 961 389 1007 ἴσως
429 959 534 1000 Nub.
570 930 691 997 1441.
723 973 748 1009 η
787 971 866 996 που
905 956 1002 1006 ἴσως
1041 958 1168 1009 Soph.
1209 959 1275 998 Ai.
1322 959 1442 1000 1008.
1482 960 1520 997 9.
1588 957 1761 1024 Hesych.

178 1018 411 1057 emendatus
456 1030 478 1055 a
525 1016 677 1056 Cobcto
726 1016 875 1055 Mnem.
915 1015 951 1054 V
991 1018 1168 1057 200.1.
1208 1015 1310 1055 VIII
1355 1017 1409 1054 55
1457 1016 1762 1085 καταπλιγησει·

177 1071 538 1125 κατακρατηθήσει.
598 1071 640 1112 τὸ
685 1073 794 1125 βημα
838 1069 914 1126 γὰρ
958 1072 1106 1126 πλίγμα
1152 1070 1350 1126 λέγουσιν.
1410 1069 1454 1110 τὸ
1500 1065 1578 1111 οὖν
1619 1075 1764 1124 κρατῆ·

179 1144 245 1171 σαι
288 1144 521 1184 μεταγοντες
565 1125 648 1169 ἀπὸ
694 1134 776 1170 των
829 1128 1084 1197 κυλιομὲνων
1129 1128 1197 1169 καὶ
1245 1133 1327 1177 τοῖς
1371 1127 1466 1169 ποσὶ
1515 1128 1764 1181 κατεχόντων

178 1187 307 1236 ου’τως
339 1187 476 1239 φασίν
536 1188 642 1228 idem
661 1187 843 1254 πλίγμα·
875 1190 1001 1240 βῆμα.
1062 1181 1143 1227 ἀπὸ
1186 1192 1269 1227 τῶν
1302 1184 1551 1239 κυλιομένων
1585 1185 1654 1227 καὶ
1690 1199 1764 1226 πα-

178 1243 384 1295 λαιόντων,
407 1243 506 1285 ὅταν
526 1240 761 1297 περιβάντες
783 1249 865 1293 τοῖς
897 1243 1050 1286 σκέλεσι
1080 1243 1313 1297 κατέχωσιν.
1349 1247 1391 1285 et
1409 1241 1764 1297 περιπεπλιγμένα·

180 1300 520 1356 περιπεπλεγμένα
553 1305 635 1350 τοῖς
667 1300 964 1342 σκέλεσιν.οί
987 1301 1064 1356 γὰρ
1093 1299 1276 1343 ἀλεῖπται
1306 1300 1349 1342 τὸ
1378 1302 1489 1354 βῆμα
1517 1300 1667 1355 πλὺγμα
1697 1314 1764 1340 κα-

182 1362 333 1400 λοῦσιν.
366 1362 416 1400 cf.
451 1361 641 1400 Strattid.
675 1362 742 1399 63
833 1363 872 1399 5.
903 1355 1149 1413 αποβήσεται
1169 1360 1344 1412 Bergkio
1365 1360 1509 1400 merito
1531 1361 1764 1411 suspectum

180 1420 269 1458 fuit.
331 1414 630 1469 αποθήσεται1
618 1418 745 1467 Mosq.
769 1420 902 1457 ortum
934 1418 1095 1458 videtur
1113 1431 1160 1458 ex
1181 1414 1487 1469 ἀποτεθήσεται,
1519 1417 1626 1468 quod
1656 1417 1764 1469 glos

180 1489 289 1516 sema
321 1476 396 1515 fuit
425 1476 510 1514 eius
540 1476 648 1526 quod
679 1478 837 1526 poetam
870 1476 1076 1542 scripsisse
1108 1476 1284 1515 arbitror
1320 1470 1652 1513 ἆποκείσεταί
1685 1482 1767 1512 σοι

181 1530 333 1572 ταῦτά
370 1546 454 1571 ποι
492 1546 525 1570 τ.
561 1531 620 1584 5.‚
661 1532 686 1571 i.
727 1545 761 1570 e.
806 1535 969 1573 ‘memori
1005 1536 1131 1572 ‘mente
1167 1533 1397 1582 recondam,
1441 1544 1523 1571 mm
1559 1531 1767 1572 obuvisoar

182 1662 278 1688 esse.
341 1647 488 1686 similia
518 1651 612 1687 sunt
641 1605 855 1685 απόκειταί
881 1661 949 1697 μοι
979 1645 1211 1700 συγγνώμη,
1243 1644 1766 1693 εύνοια.Χο11.Α11811.7,

184 1708 222 1751 7,
244 1706 313 1751 46,
345 1705 413 1743 ubi
446 1706 496 1743 cf.
521 1718 623 1755 quae
654 1704 884 1756 Kruegerus
916 1705 1139 1746 adnotavit.
1217 1706 1256 1743 7.
1289 1704 1403 1753 ‘qaid
1432 1705 1581 1744 cwriose
1581 1705 1768 1799 Squaeris

182 1764 250 1812 qui
279 1764 358 1801 sim
399 1762 603 1801 verborum
639 1774 814 1802 meorum
852 1764 1044 1802 auctores’
1050 1791 1059 1799 .
1099 1762 1149 1801 cf.
1180 1761 1288 1802 Nub.
1322 1762 1418 1801 834.
1453 1761 1491 1799 5.
1581 1762 1620 1799 8.
1653 1761 1765 1800 καλο-

183 1815 383 1871 κᾶγαθεῖν
413 1821 521 1858 recte
551 1818 774 1870 Bergkius:
808 1832 908 1871 opus
929 1820 1036 1859 enim
1057 1821 1144 1858 erat
1164 1819 1287 1859 verbo
1308 1818 1496 1857 audacter
1519 1819 1679 1857 novato.
1711 1816 1768 1857 sic

185 1877 323 1927 Eur-ip.
357 1875 507 1915 Phoen.
534 1877 615 1916 337
646 1878 904 1925 συνασοφεῖν.
941 1877 1281 1927 Thrasymachum
1301 1875 1522 1926 sophistam
1542 1887 1629 1915 esse
1650 1874 1766 1915 Chal-

186 1934 397 1973 cedonium
429 1933 682 1972 arbitrantur
713 1933 904 1974 Suevern.
935 1934 996 1973 De
1025 1933 1136 1973 Nub.
1168 1933 1237 1973 27.
1269 1932 1314 1973 C.
1346 1933 1394 1971 F.
1425 1932 1645 1972 Hermann.
1676 1931 1766 1972 Ind.

187 1991 368 2041 Gotting.
406 1990 490 2029 hib
536 1990 724 2042 1848s49
762 2005 802 2042 p.
843 1993 892 2039 5,
932 1992 1056 2042 negat
1091 1990 1306 2043 Bergkius.
1367 1989 1418 2031 cf.
1453 1989 1560 2029 Plat.
1597 1989 1766 2029 Phaedr.

186 2050 310 2087 2610.
346 2048 471 2086 2660.
506 2048 790 2087 2670.271a.
834 2049 1005 2088 Aristot.
1046 2047 1243 2095 Rhet.3,
1284 2049 1327 2095 1,
1368 2047 1433 2086 20.
1479 2046 1767 2086 Schol.1socr.

189 2106 357 2151 13,19
398 2098 467 2149 τᾶς
506 2101 755 2168 καλουμένας
794 2102 935 2156 τέχνας
973 2102 1131 2157 γράψαι
1177 2099 1462 2156 τολμήσαντες·
1514 2101 1658 2142 Τισίαν
1701 2100 1768 2142 καὶ

186 2158 350 2212 Κόρακα
398 2157 500 2212 λέγει
554 2174 645 2207 τους
691 2161 994 2213 Συρακοσίους,
1053 2160 1227 2214 Γοργίαν
1272 2158 1341 2200 καὶ
1385 2158 1680 2213 Θρασύμαχον,
1727 2159 1769 2199 οἳ

186 2222 335 2270 πρῶτοι
365 2214 577 2269 ῥητορικὰς
618 2215 765 2283 τέχνας
797 2216 995 2270 εγραψαν.
1056 2219 1163 2259 filius
1204 2218 1422 2269 inprobus,
1460 2220 1507 2257 ut
1543 2217 1611 2257 alii
1650 2217 1768 2257 multi

188 2278 274 2314 tum
307 2275 596 2314 adulescentuli
635 2276 781 2315 novicii
813 2275 920 2327 quod
949 2275 1151 2326 sophistae
1178 2276 1412 2316 invexerant
1431 2275 1588 2327 generis
1609 2273 1767 2314 dicendi

192 2334 365 2371 sectator
395 2332 620 2371 doctrinam
650 2334 858 2372 ostentans
896 2333 1117 2384 singularia
1142 2333 1344 2383 'quaedam
1381 2332 1576 2372 vocabula
1613 2331 1768 2382 profert

195 2386 393 2443 (σορέλλη,
416 2384 714 2440 καταπλιγήσει,
735 2385 1002 2441 ἀποκείσεται,
1025 2385 1343 2444 καλοκάγαθεῐν)
1373 2389 1423 2428 ab
1444 2389 1542 2428 artis
1562 2387 1767 2440 magistris
1830 2437 1834 2440 ι

197 2451 266 2485 aut
295 2459 432 2485 recens
454 2447 619 2486 inventa
638 2448 708 2486 aut
726 2447 769 2486 in
790 2447 910 2486 aliam
934 2446 1267 2498 significationem
1289 2446 1453 2487 deflexa.
1513 2457 1632 2495 quem
1653 2447 1769 2496 pater

196 2505 254 2541 ita
285 2504 435 2542 inridet
465 2505 510 2542 ut
539 2503 575 2542 ei
606 2506 790 2543 auctores
820 2517 955 2543 eorum
995 2507 1038 2543 et
1077 2504 1193 2554 quasi
1230 2505 1417 2554 parentes
1451 2502 1634 2542 nominet
1666 2514 1768 2552 quae

192 2560 369 2609 proferat
408 2560 515 2599 filius
558 2561 692 2599 omnia
728 2561 778 2600 ab
816 2562 905 2601 aliis
942 2561 1109 2609 adscita,
1147 2560 1248 2600 nihil
1286 2559 1336 2599 ab
1370 2560 1463 2610 ipso
1499 2559 1768 2611 excogitatum

194 2629 279 2655 esse
310 2616 551 2667 significans.
583 2617 662 2656 iam
683 2613 980 2670 καλοκάγαθεῐν
1009 2631 1099 2657 011111
1134 2618 1183 2656 ad
1213 2629 1332 2668 quem
1363 2618 1565 2655 auctorem
1595 2616 1766 2656 referen-

192 2673 287 2711 dum
319 2673 372 2712 sit
400 2674 568 2724 nesciat,
601 2675 650 2713 ad
682 2675 1023 2727 Thrasymachum
1055 2677 1262 2724 tamquam
1291 2673 1465 2713 universi
1495 2673 1581 2713 eius
1610 2673 1768 2724 generis

194 2731 444 2770 inventorem
475 2743 516 2769 se
547 2733 760 2784 convertit,
790 2733 957 2772 ridicule
995 2732 1171 2772 absentis
1208 2730 1414 2781 inplorans
1452 2729 1658 2770 auxilium.
1718 2729 1766 2769 de

191 2784 442 2839 συνηγόροις,
475 2788 770 2829 accusatoribus
801 2790 867 2829 vel
886 2790 1161 2830 accusatorum
1184 2786 1283 2838 (non
1302 2785 1478 2837 reorum)
1499 2786 1765 2836 adiutoribus,

193 2844 244 2882 cf.
280 2843 539 2883 Schoemann.
571 2845 711 2896 Antiq.
744 2845 827 2898 gr.²
858 2846 898 2885 II
928 2847 1027 2887 403.
1058 2846 1154 2886 410.
1185 2845 1283 2886 422.
1314 2843 1435 2895 Vesp.
1468 2844 1706 2884 687—691.
