1872 3224
221 184 301 228 104
626 188 629 189 ν
857 165 1121 210 ΚΡΑΤΙΝΟΤ

954 274 1038 317 312

427 363 557 416 λόγος
585 375 651 409 τις
680 351 851 412 ὑπῆλθ’
883 353 999 411 ἡμᾶς
1029 350 1206 409 ἀμαθὴς
1235 350 1567 406 συοβαύβαλος.

328 455 557 497 Eustathius
588 454 709 505 1761,
738 453 789 491 28
821 463 869 490 ex
899 448 1167 499 Aristophane
1197 447 1413 498 Byzantio:
1444 442 1511 484 καὶ
1541 444 1708 498 βαυβᾶν
1736 441 1780 485 τὸ

216 517 434 567 κοιμᾶσθαι
465 541 473 550 .
497 542 506 551 .
531 545 539 554 .
571 509 671 550 ὅθεν
699 507 766 548 καὶ
794 504 902 559 παρὰ
931 503 1117 559 Κρατίνῳ
1155 502 1197 544 τὸ
1232 503 1346 556 λόγος
1384 504 1466 542 κτλ.
1497 500 1780 556 συοβαύβαλος
1860 505 1872 534 '-

218 566 399 625 Meinek]
423 566 686 621 συβαύβαλος.
716 565 889 616 Hesyeh.
913 561 1204 615 συοβαύβαλοι·
1237 566 1352 600 συῶν
1381 557 1630 613 αὖλιστήρια.
1660 559 1786 606 Phot,v
1864 565 1872 617 'j

219 624 504 681 συοβαύβαλοι·
538 623 581 664 ἐν
610 618 669 671 οἷς
700 623 740 662 οῖ
767 621 859 668 σύες
890 616 1132 668 εὐνάζονται.
1182 620 1230 659 ef.
1259 619 1359 658 Lob.
1391 618 1530 658 Rhem.
1564 619 1630 658 11.
1690 628 1781 658 oum
1868 622 1872 637 “

218 685 377 739 βαυβᾶν
406 685 459 724 sit
488 679 669 734 doronem,
702 677 981 732 συοβαύβαλον
1012 678 1089 717 dici
1118 677 1217 716 nibil
1247 677 1392 727 potest,
1416 675 1523 726 quod
1543 688 1626 716 non
1645 674 1781 729 aliquo
1860 651 1872 708 »Ι

217 743 335 782 modo
365 741 414 780 ad
443 752 530 781 sues
559 740 787 779 dormientes
815 737 880 777 vel
909 736 958 774 ad
988 736 1130 775 cubilia
1158 747 1296 774 eorum
1332 733 1545 784 pertineat.
1596 733 1783 791 quocirca

219 798 330 852 λόγος
360 811 440 838 non
468 798 602 848 potest
632 808 715 835 esse
745 790 1021 845 συοβαύβαλος
1053 790 1117 845 (ut
1146 791 1368 830 Meinekius
1399 790 1658 830 subulcorum
1694 801 1780 854 cas-

218 863 328 897 mina
347 852 714 905 interpretabatur).
745 850 997 891 scribendum
1026 851 1123 900 puto
1155 846 1384 900 φθόγγος
1415 861 1474 894 τις
1495 843 1654 900 ‘humb’
1676 843 1782 911 ἡμας

219 910 380 964 ἀμαθὴς
411 910 491 963 (vel
526 910 657 961 potius
694 905 871 958 ἀσαφὴς)
908 901 1183 959 συοβαύβαλος
1218 919 1326 938 -υυ
1344 933 1367 937 -
1385 913 1422 944 U.
1454 906 1665 957 ambiquus
1693 915 1782 956 qut-

222 972 313 1011 dam
343 981 463 1009 sonus
490 972 690 1016 tamquam
710 979 735 1006 a
754 966 846 1006 suili
864 966 1090 1014 necopinato
1111 965 1164 1004 ad
1183 975 1300 1003 aures
1324 966 1482 1003 nostras
1504 963 1684 1016 perlatus
1713 965 1783 1014 est,

957 1098 1040 1141 313

346 1187 442 1231 ταῖς
471 1180 687 1237 ῥαφανῖσι
717 1179 854 1233 δοκεῖ,
886 1185 977 1228 τοῖς
1007 1175 1049 1220 δ’
1083 1175 1238 1228 ἄλλοις
1267 1175 1324 1220 ού
1354 1175 1643 1233 λαχάνοισιν.-

334 1275 559 1314 Athenaeus
591 1276 629 1326 2,
661 1274 712 1313 56
731 1287 750 1312 e
781 1272 999 1323 ῥαφανίδες
1029 1270 1097 1311 καὶ
1135 1269 1398 1324 ἐκτεταμένως
1429 1269 1482 1327 (z)
1513 1269 1559 1312 δὲ
1587 1270 1656 1313 καὶ
1684 1269 1786 1313 κατὰ

225 1330 417 1383 συστολὴν
446 1329 497 1385 (ἴ)
527 1328 676 1383 λέγεται
712 1328 818 1383 παρὰ
851 1325 1052 1377 Ἀττικοῖς.
1112 1330 1310 1382 Κρατῖνος
1346 1333 1432 1378 ταῖς
1471 1329 1669 1384 ῥαφανῖσι
1703 1332 1786 1372 κτλ.

225 1390 351 1429 Draco
391 1389 565 1428 Straton.
603 1402 640 1436 p.
671 1389 745 1437 80,
787 1390 809 1427 5
849 1386 1042 1439 ῥαφανίς·
1080 1386 1303 1438 διφορεῖται
1340 1385 1382 1426 τὸ
1423 1389 1484 1438 ΐσ,
1518 1384 1704 1436 Ἀττικῶς
1741 1384 1787 1428 δὲ

228 1444 400 1496 ἐκτείνει,
430 1442 483 1492 ὡς
513 1442 618 1497 παρὰ
649 1444 831 1499 Κρατίνῳ
862 1443 1054 1495 ῥαφανῖσι
1092 1444 1205 1484 δοκεῖ
1231 1447 1312 1492 τοῖς
1342 1443 1476 1493 ἄλλοις
1506 1441 1554 1485 οὐ
1583 1442 1784 1504 λαχάνοις.

227 1503 455 1542 Eustathius
488 1503 607 1550 1220,
640 1503 705 1541 55.
737 1500 968 1553 λαχάνοισιν
997 1499 1235 1554 Meinekius]
1268 1500 1466 1553 λαχάνοις.
1507 1503 1688 1544 dativum
1717 1502 1786 1544 ad-

228 1562 340 1610 paret
367 1572 446 1598 non
475 1559 644 1609 pendere
674 1573 696 1598 a
726 1558 844 1609 δοκεῖ,
876 1560 945 1599 sed
977 1574 999 1598 a
1029 1560 1150 1599 verbo
1181 1560 1286 1610 quod
1327 1562 1396 1599 aut
1433 1561 1476 1600 in
1514 1559 1786 1616 superioribus

230 1618 298 1655 aut
325 1616 366 1655 in
395 1617 581 1666 proximis
612 1618 705 1665 erat,
737 1617 862 1656 veluti
892 1616 1043 1670 χαίρειν
1073 1617 1137 1657 vel
1166 1613 1350 1668 ἥδεσθαι.

956 1750 1041 1793 314

394 1827 520 1871 ταυτὶ
551 1830 624 1871 καὶ
654 1831 815 1887 τολμᾷς
845 1828 903 1872 σύ
933 1829 1080 1885 λέγειν
1112 1830 1446 1886 ῥοδοδάκτυλος
1475 1826 1614 1884 offam

340 1923 564 1980 Athenaeus
597 1925 660 1972 13,
693 1925 809 1964 566f
833 1923 945 1964 ταυτὶ
974 1923 1042 1964 καὶ
1071 1927 1216 1980 τολμᾷς
1255 1923 1306 1965 σὺ
1342 1923 1490 1979 λέγειν,
1529 1923 1577 1966 οὐ
1614 1923 1786 1980 ῥοδοδά-

228 1981 366 2026 κτυλος
397 1981 511 2030 οὐσα,
540 1978 638 2018 κατὰ
655 1978 738 2019 ,τὸν
768 1983 983 2033 Κρατῖνον,
1004 1980 1101 2021 ἀλλὰ
1132 1985 1213 2023 κτλ.
1274 1981 1389 2023 ταυτὶ
1417 1984 1541 2026 Dobr.
1573 1985 1782 2036 Aristoph.

228 2037 333 2075 Plut.
366 2036 462 2088 555]
494 2035 628 2091 ταύτῃ.
688 2039 885 2078 Auroram
915 2041 1047 2080 nescio
1078 2041 1169 2091 quis
1199 2041 1428 2092 adloquitur
1467 2042 1606 2082 eodem
1644 2042 1786 2094 opinor

229 2094 344 2132 modo
374 2107 451 2144 quo
481 2095 583 2144 apud
611 2095 814 2146 Aristoph.
845 2097 920 2137 Av.
957 2096 1063 2137 1243
1080 2111 1138 2148 sq.
1171 2098 1256 2138 Irin
1286 2098 1550 2142 Pithetaerus.

960 2220 1045 2262 315

420 2297 604 2350 χαλκίδα
634 2296 926 2353 κικλήσκουσι
954 2300 1069 2353 θεοί,
1102 2297 1266 2353 ἄνδρες
1295 2299 1346 2343 δὲ
1376 2300 1584 2357 κύβηλιν.

341 2389 506 2439 Hesych.
528 2388 711 2441 κύβηλις·
733 2389 835 2439 τινὲς
856 2390 929 2443 τὴν
944 2394 1205 2445 τυροκνῆστιν
1219 2393 1359 2445 φασίν.
1391 2392 1552 2444 ἔπαιξεν
1571 2393 1616 2436 δὲ
1636 2393 1658 2436 ὁ
1678 2398 1784 2450 Κρα-

232 2447 335 2491 τῖνος
364 2443 468 2497 παρὰ
498 2445 539 2485 τό
570 2447 749 2498 ςχαλκίδα
773 2448 1027 2501 κικλήσκουσι
1054 2450 1156 2504 θεοί,
1174 2449 1318 2504 ἄνδρες
1340 2449 1384 2490 δὲ
1404 2450 1613 2503 κύμινδιν’
1645 2451 1785 2506 (Hom.
1840 2478 1847 2483 ·

232 2501 278 2542 ΙΙ.
314 2502 376 2552 14,
407 2499 519 2556 291).
549 2504 640 2543 θεοί
665 2504 831 2559 Musur.]
863 2505 975 2549 θεόν.
1021 2506 1192 2560 κύβηλιν
1221 2509 1319 2549 Lob.
1350 2509 1550 2561 Aglaoph.
1581 2509 1684 2563 863]
1715 2509 1786 2551 κύ·

234 2556 376 2608 βινδιν.
397 2556 570 2609 κύβηλις,
591 2575 671 2601 non
692 2562 855 2614 κυβηλίς
876 2565 1129 2605 scribendum
1142 2579 1228 2606 esse
1243 2566 1467 2607 Lobeekius
1488 2567 1605 2608 docet
1622 2568 1784 2609 Pathol.

234 2614 335 2663 prol.
370 2616 456 2654 110.
486 2616 590 2656 idem
620 2619 816 2670 Aglaoph.
847 2622 928 2661 863
960 2620 1146 2672 εκύβηλιν
1175 2623 1386 2663 substituit
1422 2626 1553 2664 cetera
1589 2625 1782 2675 retinens,

235 2670 326 2721 quia
355 2670 501 2721 χαλκίς’
533 2670 652 2724 (apud
681 2677 898 2717 Homerum
928 2676 1031 2731 avis)
1062 2679 1151 2729 ‘pro
1182 2681 1308 2731 etymi
1346 2682 1499 2721 ratione
1529 2684 1576 2722 ut
1604 2678 1784 2735 ἆργυρίς,

234 2725 366 2778 χρυσίς
396 2740 462 2766 vas
491 2730 553 2768 vel
582 2731 887 2774 instrumentum
908 2748 1074 2774 aeneum
1095 2737 1316 2786 significare
1337 2739 1500 2788 potest'.
1538 2739 1786 2791 Lamponem

237 2782 448 2833 significari
486 2789 647 2836 propter
682 2790 730 2831 fr.
763 2792 814 2830 62
854 2795 990 2831 censet
1027 2792 1223 2844 Bergkius
1261 2794 1308 2832 R.
1341 2807 1373 2834 c.
1406 2794 1492 2835 Att.
1524 2797 1592 2836 47.
1629 2798 1676 2846 8,
1715 2796 1786 2848 qui

237 2852 335 2892 quae
363 2843 564 2892 praeterea
593 2845 638 2884 de
668 2846 739 2886 hoc
770 2848 993 2901 fragmento
1032 2850 1236 2901 disputat,
1273 2864 1318 2890 ea
1346 2853 1529 2893 consulto
1564 2855 1785 2904 praetereo.
