1872 3224
266 211 278 226 s
320 182 550 217 ΔΡΑΜΑΤΑ
579 186 612 219 H
637 187 936 224 ΚΕΝΤΑΤΡΟΣ
984 194 1215 246 APAMATA
1245 199 1279 231 ΙΙ
1306 200 1489 240 ΝΙΟΒΟΣ
1607 203 1691 245 463

869 293 954 337 275

324 339 548 387 ἀπόκινον

33 497 35 499 ¹
86 468 87 471 Ἰ
118 472 121 488 :
229 425 465 495 Athenaeus
500 429 564 498 194,
597 425 814 498 62901τήν
843 430 885 472 δ’
918 431 1112 476 ἀπόκινον
1142 438 1392 493 καλουμένην
1423 439 1607 495 ὄρχησιν,
1639 439 1688 497 ἧς

23 512 33 553 3
80 540 83 541 ⁷
113 496 360 554 μ’νημονευει
392 515 401 525 .
437 517 445 525 .
480 516 488 525 .
521 487 807 556 ιΑριιξτοφανης
845 488 881 529 τ’
922 490 965 531 ἐν
994 494 1209 551 Κενταύρῳ
1246 497 1313 537 καὶ
1349 498 1464 539 ἄλλοι
1494 502 1687 554 πλείονες,

116 551 287 593 υστερον
314 553 563 596 μακτρισμον
592 558 821 598 ωνομασαν.
855 549 906 590 ef.
938 551 1011 602 Eq.
1043 553 1109 594 20.
1141 554 1289 596 Cratin.
1325 558 1416 600 120.

0 693 32 767 {a
93 771 95 774 v
322 714 455 765 λίθος
484 714 817 769 δεκατάλαντος
863 662 947 705 276

0 788 26 877 ἓ
66 861 71 865 ⁹
229 791 252 836 ὃ
280 792 575 851 Ἀριστοφάνης
605 797 650 840 ἐν
685 799 897 854 Δράμασιν
924 800 952 855 ἢ
982 803 1207 860 Κενταύρῳ.
1260 807 1402 848 Pollux
1434 812 1471 863 9,
1505 813 1570 852 53.

0 887 30 974 3}
151 961 153 963 .
869 916 952 960 277

319 970 621 1028 κλιμακτῆρες

15 1103 28 1109 ..
227 1052 276 1120 οἱ,
295 1049 525 1107 ἀναβασμοὶ
562 1059 633 1107 τῆς
671 1055 861 1109 κλίμακος
901 1053 955 1106 ὦς
994 1056 1039 1098 ἐν
1072 1055 1383 1112 Ἀριστοφάνους
1422 1060 1632 1116 Δράμασιν
1660 1061 1688 1116 ἢ

8 1120 43 1146 ι
111 1111 345 1167 Κενταύρῳ.
375 1113 522 1153 Pollux
556 1115 620 1163 10,
656 1116 750 1158 171.
784 1116 838 1156 ef.
868 1116 964 1156 Eur.
996 1117 1136 1158 Helen.
1170 1120 1293 1160 1570.

657 1252 885 1286 APAMATA
909 1254 944 1287 H
968 1253 1152 1289 ΝῙοΒοΣ

864 1333 948 1376 278

319 1411 446 1454 ἔστιν
475 1409 563 1468 γάρ
594 1409 704 1468 ἡμῖν
734 1419 828 1464 τοῖς
858 1413 979 1456 κάτω
1011 1414 1124 1470 πρὸς
1153 1412 1258 1465 τοὺς
1287 1413 1382 1458 ἅνω

318 1478 407 1524 ἀπὸ
439 1479 710 1537 συμβόλων,
742 1483 818 1524 καὶ
848 1481 940 1539 μὴν
971 1481 994 1526 ὁ
1025 1482 1389 1540 μαιμακτηριών,

319 1549 372 1593 ἐν
403 1542 440 1608 ᾦ
470 1552 694 1606 ποιοῦμεν
724 1549 802 1602 τὰς
832 1551 962 1602 δίκας
991 1554 1064 1595 καὶ
1093 1551 1172 1604 τοὶς
1201 1554 1391 1609 γραφάς.

220 1629 512 1687 Ἀριστοφάνης
533 1633 694 1689 Νιόβῳ·
716 1637 796 1675 κτλ.
827 1636 963 1690 Etym.
984 1651 1039 1676 m.
1061 1637 1208 1676 Milleri
1229 1637 1452 1690 (Melanges
1469 1637 1567 1687 210)
1587 1651 1680 1688 μαι-

107 1687 352 1746 μακτηριών.
390 1690 499 1732 ἔστιν
529 1693 679 1745 Miller]
712 1690 806 1733 ἔστι.
845 1692 988 1748 Νιόβῳ
1018 1691 1167 1747 Miller]
1201 1690 1349 1748 Νιόβῃ.
1387 1694 1681 1745 Harpocration

98 1747 414 1803 μαιμακτηριών
443 1747 464 1789 ὁ
496 1748 526 1790 ε’
555 1747 638 1802 μὴν
674 1746 770 1803 παρ’
791 1750 1019 1802 Αθηναίοις
1053 1784 1060 1792 .
1085 1781 1094 1790 .
1116 1782 1126 1791 .
1157 1747 1381 1803 ὠνόμασται
1410 1748 1454 1790 δὲ
1482 1748 1560 1789 άπὸ
1583 1749 1680 1797 Διὸς

106 1805 348 1860 μαιμάκτου,
378 1803 604 1860 μαιμάκτης
636 1804 676 1846 δ’
710 1806 818 1847 ἐστὶν
848 1804 869 1847 ὃ
907 1804 1184 1858 ἐνθουσιώδης
1220 1806 1287 1848 καὶ
1323 1805 1550 1860 ταρακτικός
1584 1840 1593 1848 .
1626 1838 1636 1847 .

106 1860 237 1918 ἀρχὴν
268 1863 313 1905 δὲ
342 1863 621 1919 λαμβάνοντος
652 1871 723 1905 τοῦ
752 1867 941 1917 χειμῶνος
972 1864 1016 1905 ἐν
1045 1864 1168 1920 τούτῳ
1201 1865 1250 1921 τῷ
1280 1864 1376 1917 μηνὶ
1395 1861 1416 1904 ὅ
1437 1860 1514 1916 ἀὴρ
1535 1864 1675 1917 ταράτ-

107 1936 214 1962 τεται
248 1921 317 1963 καὶ
353 1921 580 1977 μεταβολὴν
616 1921 731 1974 ἴσχει.
782 1924 918 1974 itaque
956 1924 1186 1974 aptissimus
1225 1926 1310 1963 erat
1346 1924 1492 1962 mensis
1530 1922 1621 1974 ficto
1653 1935 1676 1961 a

106 1983 228 2031 poeta
258 1983 501 2022 commercio
532 1983 712 2021 mortuos
743 1982 848 2021 inter
877 1981 1080 2031 vivosque.
1120 1981 1289 2020 faciatne
1317 1980 1393 2020 huc
1431 1980 1553 2019 etiam
1583 1979 1673 2018 Phi-

105 2038 245 2082 letaer.
278 2042 330 2078 11
370 2038 431 2087 τίς
469 2037 550 2078 ἐστι
588 2034 907 2091 μαιμακτηριών;
945 2039 990 2078 Β.
1029 2030 1110 2090 μὴν
1146 2032 1351 2089 δικάσιμος
1389 2038 1543 2076 nescio:
1582 2049 1676 2075 nam

107 2109 200 2136 eum
229 2110 393 2147 versum
423 2099 492 2149 qui
522 2098 860 2147 interpretaretur
889 2096 1018 2135 adhue
1050 2096 1237 2136 inventus
1269 2098 1330 2135 est
1368 2107 1503 2141 nemo,
1541 2107 1676 2145 quam-

106 2167 229 2205 quam
259 2157 459 2195 certarum
501 2167 708 2195 causarum
746 2155 876 2193 certos
917 2153 1039 2193 fuisse
1068 2165 1222 2192 menses
1254 2154 1425 2192 constat.
1471 2163 1542 2202 pro
1573 2148 1678 2189 ἔστιν

106 2212 366 2253 scribendum
396 2213 557 2254 videtur
586 2210 794 2264 κρίσεις.
826 2211 874 2250 de
904 2211 1107 2251 locutione
1136 2204 1219 2248 άπὸ
1238 2207 1451 2262 συμβόλων
1486 2209 1537 2250 ef.
1558 2208 1679 2247 Meier

105 2271 148 2309 et
185 2270 367 2311 Schoem.
399 2271 491 2311 Att.
530 2270 644 2324 Broc.
677 2270 771 2308 773.
813 2268 1023 2319 Antiphon
1053 2269 1093 2317 5,
1126 2269 1178 2307 78
1219 2265 1332 2314 δίκας
1361 2259 1439 2304 ἀπὸ
1471 2263 1678 2316 ξυμβόλων

103 2323 205 2379 ὑμῖν
235 2325 535 2380 δικαζομένους.
568 2323 805 2380 [Andocid.]
837 2327 878 2375 4,
903 2327 954 2365 18
984 2318 1081 2378 πρὸς
1111 2322 1180 2372 τὰς
1210 2322 1330 2371 ἄλλας
1360 2321 1492 2369 πόλεις
1524 2319 1568 2360 ἐν
1596 2323 1676 2367 τοῖς

107 2384 324 2439 συμβόλοις
353 2383 629 2437 συντιθέμεθα
658 2381 713 2435 μὴ
745 2379 893 2432 ἐξεῖναι
922 2378 1026 2434 μήθ’
1059 2375 1182 2434 εἷρξαι
1212 2385 1292 2420 κτλ.

857 2495 941 2538 279

313 2583 434 2636 οἴμοι
464 2577 774 2632 κακοδαίμων·
808 2573 831 2617 ὁ
862 2573 1026 2630 λύχνος
1054 2570 1163 2630 ἡμῖν
1193 2575 1370 2627 οἴχεται.

221 2664 451 2703 Athenaeus
494 2663 565 2712 15,
590 2661 707 2700 —1561
748 2659 867 2699 Dind.
909 2671 955 2698 ex
992 2657 1077 2696 eod.
1115 2656 1150 2695 A
1190 2651 1250 2694 ὅτι
1292 2651 1336 2692 δὲ
1385 2652 1593 2704 λυχνοῦχοι
1637 2651 1678 2691 οἶ

103 2725 185 2760 νύν
212 2718 453 2772 καλούμενοι
483 2716 607 2772 φανοὶ
638 2713 886 2770 ὠνομάζοντο
903 2711 1188 2767 Ἀριστοφάνης
1210 2710 1255 2751 ἐν
1284 2709 1548 2750 Αἰολοσίκωνι
1576 2722 1673 2760 παρ-

103 2776 237 2831 ίστησι
267 2809 277 2820 .
311 2808 321 2818 .
358 2809 367 2819 .
407 2776 452 2818 ἐν
481 2775 526 2817 δὲ
556 2781 610 2832 τῷ
641 2772 814 2828 δευτέρῳ
851 2787 974 2812 νιουω
1015 2766 1171 2824 (Νιόβῳ
1203 2766 1544 2820 Schweighaeus.)
1576 2779 1669 2818 προ-

103 2834 231 2876 ειπών
261 2836 483 2889 λυχνοῦχον
523 2833 692 2890 (λύχνον
720 2832 888 2883 Bergk.)
925 2843 1026 2881 οιμοι
1063 2825 1318 2878 κακοδαίμων
1353 2822 1480 2875 φησὶν
1508 2826 1673 2875 λυχνου-

102 2907 171 2945 χος
201 2890 242 2948 (ὅ
273 2893 418 2946 λύχνος
448 2891 614 2945 Bergk.)
647 2887 747 2942 ἡμῖν
775 2888 932 2940 οἴχεται.
963 2881 1034 2926 εἶτ’
1067 2881 1243 2936 ἐπιφέρει
1263 2881 1330 2922 καὶ
1350 2896 1434 2929 πως
1456 2890 1671 2933 επιρρασας
