1872 3224
193 181 278 224 374
849 170 1109 207 ΦΡΤΝΙΧΟΤ

198 287 253 325 70
283 288 323 325 et
353 284 457 336 apud
488 281 680 322 Fritzsch.
714 279 761 327 Q.
795 278 866 318 Ar.
900 278 981 316 322
1014 288 1135 315 unam
1166 288 1254 314 esse
1285 274 1456 314 coniecit
1485 272 1780 314 Gemina-‚toron

197 344 440 383 comoediam
473 339 701 390 Phryniebi‚
736 337 803 376 sed
826 337 919 387 quia
945 335 1035 385 lege
1057 333 1319 372 interdictum
1340 334 1428 371 erat
1446 344 1498 371 ne
1513 331 1604 383 quis
1625 330 1782 372 dutbnfl
1827 364 1830 371 .

196 402 313 439 simul
346 398 493 438 fabulis
525 398 725 436 certamen
755 394 889 441 iniret,
919 391 1195 443 Phrynichum
1218 390 1427 441 Amipsiae
1448 390 1576 429 amieo
1597 387 1784 429 commit-

196 458 358 496 tendam
398 454 625 495 tradidisse.
683 453 822 502 itaque
866 451 909 490 in
963 448 1192 489 didascaliis
1246 448 1451 498 Amipsiae
1495 446 1657 487 nomine
1694 456 1782 487 eon·
1858 455 1859 458 ’

198 516 409 565 signatam,
441 512 669 563 fragmenta
700 512 834 548 autem
865 522 887 547 a
918 506 1194 559 grammaticis
1216 517 1311 545 vero
1333 504 1486 545 auctori
1507 505 1662 544 tributa
1683 514 1783 557 esee.
1864 512 1872 555 1

202 573 482 622 argumentum
529 569 579 608 ad
626 566 1011 617 Hermocopidarum
1063 576 1223 604 causam
1271 566 1475 614 spectasse
1514 561 1787 613 probabilita-
1863 556 1872 603 l

203 642 293 668 cum
323 629 533 679 Droyseno
563 625 789 665 Meinekius
820 624 1036 671 existimat,
1068 622 1190 662 simul
1220 634 1310 661 cum
1341 620 1518 672 Bergkio
1548 619 1596 660 R.
1628 631 1663 660 ο.
1695 619 1784 660 Att.
1864 616 1872 655 ἶ

202 688 285 726 370
315 686 365 725 fr.
399 686 452 725 58
485 684 536 723 ad
567 683 859 724 Comissatores
889 681 1078 720 referens.

407 863 495 920 ἐγώ
528 863 577 906 δὲ
609 865 704 919 νῷν
735 861 789 918 δὴ
822 867 1008 917 τερετιεό
1038 876 1081 903 τι
1111 858 1363 903 πτιστικόν.

314 949 458 989 Pollux
488 950 527 996 4,
560 950 613 987 55
645 946 716 985 καί
744 961 779 986 τι
809 944 876 985 καὶ
908 940 1116 997 ἐπιλήνιον
1145 941 1306 996 αὔλημα
1338 940 1402 983 ἐπὶ
1432 939 1616 997 βοτρύων
1643 927 1788 996 θλιβο-

200 1005 346 1060 μένων.
407 1003 473 1044 καὶ
507 1003 640 1058 ἕτερον
669 1002 894 1052 πτιστικόν,
935 999 989 1050 ὥς
1021 998 1223 1055 Φρύνιχος
1263 999 1308 1040 ἐν
1338 1002 1579 1053 Κωμασταῖς
1609 998 1738 1054 φησὶν
1763 997 1787 1042 ὃ

202 1062 374 1116 κωμικός
405 1066 485 1103 κτλ.
518 1062 619 1118 νῷν]
654 1067 733 1102 νῦν
760 1061 1039 1102 Hemsterhus.
1063 1060 1214 1100 Anecd.
1235 1059 1255 1099 I
1276 1060 1341 1099 32.
1375 1073 1412 1098 τι
1432 1059 1523 1099 add.
1556 1058 1788 1100 Salmasius.

202 1122 456 1163 scribendum
487 1122 622 1172 potius
654 1117 712 1171 τὸ,
744 1119 942 1171 siquidem
974 1120 1092 1170 plura
1121 1114 1306 1157 πτιστικά
1338 1117 1463 1157 fuisse
1492 1129 1575 1158 non
1605 1117 1668 1158 est
1696 1129 1788 1169 pro·

201 1180 347 1219 babile.
977 1232 1028 1273 15

319 1310 412 1356 εἶτα
445 1312 712 1367 κεραμεύων
743 1310 802 1354 ἄν
833 1315 951 1354 οἴκοι
983 1310 1235 1366 σωφρόνως
1266 1309 1599 1367 Χαιρέστρατος

320 1380 482 1426 ἑκατὸν
513 1377 572 1423 ἂν
602 1383 681 1437 τῆς
711 1378 881 1438 ἡμέρας
912 1381 1095 1423 ἔκλαιεν
1126 1382 1258 1423 οἴνου
1289 1378 1565 1435 κανθάρους.

319 1466 551 1506 Athenaeus
586 1467 650 1513 11,
684 1466 803 1505 474b
837 1460 1039 1517 Φρύνιχος
1079 1465 1335 1515 Κωμασταῖς.
1427 1465 1466 1505 1.
1496 1458 1552 1502 ἄν
1580 1460 1684 1503 οἴκοι
1715 1462 1790 1504 Le·

206 1525 390 1564 tronnius
412 1524 472 1563 De
502 1523 732 1563 nominibus
763 1535 845 1564 vas.
876 1535 1009 1573 graec.
1043 1519 1117 1574 36]
1150 1535 1202 1560 αν
1232 1519 1329 1575 οἴκῳ
1361 1520 1410 1560 Α.
1443 1519 1715 1562 Grotefendus
1746 1517 1792 1561 ἓν

206 1580 316 1635 οἴκῳ.
409 1582 448 1620 2.
479 1576 534 1619 ἄν
555 1581 712 1620 addidit
732 1580 964 1620 Erfurdtus.
986 1576 1157 1632 ἔκλαιεν]
1182 1576 1298 1618 ἔκαεν
1324 1579 1570 1618 Letronnius
1598 1581 1640 1618 et
1667 1577 1790 1631 Berg-

205 1640 295 1679 kius
317 1639 363 1678 R.
387 1651 420 1678 c.
444 1639 530 1678 Att.
554 1639 650 1678 366.
687 1635 827 1676 ἔκλαεν
856 1636 1103 1685 Dindorfius‚
1127 1636 1235 1687 quod
1265 1636 1363 1687 quid
1394 1636 1473 1675 sibi
1502 1636 1603 1676 velit
1632 1636 1789 1676 neseio:

205 1710 299 1736 nam
332 1710 354 1735 a
385 1691 492 1735 κλείω
535 1696 681 1746 franyo
726 1695 994 1746 inperfectum
1032 1695 1230 1734 formatur
1269 1691 1416 1743 ἕκλων,
1455 1690 1563 1732 ἔκλα.
1604 1690 1793 1734 ἔπλαττεν

209 1754 351 1794 Cobet.
382 1754 434 1793 N.
464 1753 491 1792 1.
526 1754 607 1793 162
639 1755 680 1793 et
708 1752 915 1792 Herwerd.
948 1750 1042 1793 obs.
1073 1752 1161 1791 orit.
1194 1752 1261 1791 28.
1295 1751 1492 1790 falluntur
1529 1762 1689 1791 omnes:
1718 1763 1790 1803 po·

209 1812 296 1851 cula
326 1811 432 1850 enim
463 1811 596 1863 multi,
626 1811 710 1850 vim*
739 1810 883 1861 poeula
912 1822 1029 1849 nemo
1060 1822 1249 1860 umquam
1280 1808 1429 1859 figulus
1459 1808 1567 1850 feeit.
1615 1809 1791 1851 seriben-

209 1869 303 1907 dum
335 1871 397 1908 est
427 1865 639 1906 ἕλαπτεν
670 1866 785 1906 οἴνου
815 1881 851 1906 κ.
884 1880 1026 1917 nempe
1056 1867 1098 1906 in
1129 1868 1215 1906 arte
1243 1866 1384 1918 figlina
1414 1866 1655 1914 exercenda,
1694 1878 1792 1918 quo·

208 1926 315 1965 niam
336 1926 422 1976 igni
443 1938 586 1975 eorpus
608 1926 791 1972 siccatur,
806 1926 1024 1974 ,prudenter
1040 1921 1293 1978 (σωφρόνως,
1310 1923 1416 1974 quod
1433 1936 1523 1962 cum
1540 1923 1670 1963 ironia
1683 1923 1792 1962 addi-

209 1981 295 2031 tur)
351 1983 444 2022 vino
497 1995 538 2021 se
583 1982 876 2033 ingurgitabat.
936 1982 1106 2021 fortasse
1152 1981 1332 2021 eiusdem
1376 1979 1641 2021 Ghaeroetmti
1683 1979 1792 2020 filius

212 2039 517 2080 charmantides
562 2039 738 2079 Boeekh.
780 2039 821 2079 C.
852 2039 884 2078 1.
915 2039 935 2078 I
977 2039 1059 2078 213
1105 2040 1444 2079 commemoratur
1482 2034 1647 2091 (Bergk.
1677 2037 1725 2078 B.
1756 2050 1790 2078 c.

211 2098 300 2136 Att.
332 2097 385 2136 82
408 2093 542 2149 adn.);
576 2109 621 2136 ac
644 2096 970 2136 Chaerestratum
992 2096 1161 2147 figulum
1182 2095 1407 2135 Adrianum
1430 2096 1472 2135 in
1493 2095 1655 2136 vasculo
1685 2094 1792 2146 apud

212 2154 407 2193 Lanzium
459 2150 619 2207 (Giorn.
661 2154 699 2192 d.
741 2154 829 2193 lett.
874 2154 959 2193 ital.
992 2154 1089 2195 Pad.
1123 2154 1196 2193 XX
1237 2150 1339 2206 181)
1385 2165 1612 2204 comparere
1658 2154 1795 2193 monet

213 2211 446 2251 Meinekius.
1751 2214 1774 2231 ³*
1788 2228 1797 2237 2

988 2300 1039 2341 16

329 2382 462 2422 Schol.
496 2383 702 2433 Aristoph.
745 2382 822 2422 Av.
858 2383 964 2422 1569
1012 2380 1206 2434 μέμνηται
1248 2379 1376 2422 αὐτοῦ
1425 2379 1793 2436 (Λαισποδίου)

218 2438 421 2492 Φρύνιχος
452 2438 495 2479 ἐν
526 2441 765 2491 Κωμασταῖς
797 2436 850 2488 ὡς
880 2442 1098 2492 πολεμικοῦ
1120 2435 1339 2494 γεγονότος.
1373 2441 1421 2481 ef.
1452 2441 1598 2492 Eupol.
1633 2441 1728 2482 102.

982 2553 1031 2595 17

329 2634 552 2685 Hesychius
596 2637 697 2675 Κολ
706 2651 731 2674 α
742 2649 766 2674 κ
775 2650 796 2674 ο
805 2650 836 2686 φ
847 2650 878 2674 ω
889 2650 911 2687 ρ
920 2649 941 2675 ο
950 2637 1003 2674 κλ
1013 2649 1031 2675 ε
1041 2634 1088 2675 ίδ
1097 2651 1123 2687 η
1134 2651 1153 2683 ς
1164 2647 1173 2656 ·
1209 2632 1490 2688 Ἱεροκλείδης,
1528 2631 1582 2674 ὃν
1618 2633 1683 2675 ἐπὶ
1725 2648 1795 2674 πο-

218 2689 337 2745 νηρία
366 2691 631 2745 κωμῳδοῦσιν
649 2691 753 2744 ΓΈρμ
761 2706 880 2739 ιππος
910 2689 985 2744 μὲν
1014 2691 1059 2732 ἕν
1093 2690 1294 2744 Κέρκωψι,
1329 2690 1532 2745 Φρύνιχος
1563 2690 1608 2731 δὲ
1640 2690 1685 2732 ἐν
1705 2694 1794 2732 Κω-

217 2750 395 2798 μασταῖς.
428 2750 477 2788 ef.
510 2750 718 2801 Hermipp.
751 2752 819 2790 38.

239 2862 259 2900 f
298 2805 728 2902 fAd58Comissatores
767 2808 818 2847 fr.
859 2808 913 2847 64
952 2807 1077 2847 refert
1115 2807 1315 2858 Bergkius
1353 2807 1401 2846 R.
1432 2819 1465 2847 e.
1496 2807 1585 2847 Att.
1625 2808 1720 2848 366.
1754 2808 1792 2847 7.

216 2874 266 2901 e.
315 2875 346 2901 r.
439 2894 446 2902 .
