1872 3224
227 207 312 250 582
820 199 1209 236 ΑΡΙΣΤΟΦΑΝΟΤΣ

439 346 441 349 ,
976 303 1060 346 836

434 362 746 418 Παμβωτάδαι

349 448 473 499 δῆμος
514 445 708 497 Ἀττικῆς,
750 442 1011 497 Ἐρεχθηίδος
1051 442 1195 494 φυλῆς.
1238 439 1259 480 ὅ
1297 440 1472 493 δημότης
1513 437 1810 494 Παμβωτάδης.
1867 427 1869 430 ⁴

235 504 280 545 τοὶ
328 503 470 544 τοπικὰ
517 502 560 543 ἐκ
600 501 916 555 Παμβωταδων,
961 501 1017 549 εἰς
1062 497 1377 554 Παμβωταδων,
1424 497 1467 538 ἕν
1506 498 1810 551 Παμβωταδῶν.

229 557 527 615 Ἀριστοφάνης.
563 562 754 612 Stephan.
776 560 946 611 Byzanlz.
1834 558 1840 564 ”

977 670 1059 713 837

438 730 589 773 πέδων

349 814 536 854 Eustath.
573 813 695 862 1542,
728 813 782 852 48
814 810 960 864 στίγων
988 809 1056 850 καὶ
1085 807 1221 849 πέδων
1251 808 1394 857 δοῦλος
1434 805 1455 848 ὅ
1487 807 1715 861 στιγματίας
1746 806 1814 849 καὶ

234 870 407 923 πεδήτης
437 868 546 923 παρὰ
575 866 866 922 Ἀριστοφάνει.
898 869 947 909 cf.
980 869 1030 908 fr.
1066 869 1132 908 65.
1167 869 1234 907 97.

982 980 1066 1022 838

439 1039 620 1094 περίζυξ

349 1123 518 1162 Bekker.
551 1122 703 1161 Aneod.
735 1123 803 1170 58,
838 1123 891 1161 10
920 1118 1081 1172 περίζυξ
1113 1118 1180 1158 καὶ
1209 1116 1307 1167 ἄζυξ
1337 1116 1520 1166 Εὔπολις
1550 1116 1618 1158 καὶ
1645 1115 1813 1171 Ἀριστο-

235 1178 380 1230 φάνης.
412 1178 539 1230 ἄζυγα
568 1180 730 1218 Thesm.
757 1180 878 1217 1139.
909 1191 1036 1228 neque
1067 1191 1161 1217 vero
1191 1177 1276 1218 veri
1308 1177 1438 1216 simile
1468 1178 1531 1217 est
1560 1175 1720 1228 περίζυξ
1739 1176 1815 1216 soli

237 1237 439 1288 Eupolidi,
470 1233 571 1284 ἄζυξ
603 1237 677 1276 soli
710 1236 971 1286 Aristophani
1001 1235 1139 1276 tribui.

984 1357 1068 1400 839

442 1415 663 1470 πέτευρον

352 1493 403 1538 οὗ
433 1492 500 1545 τοὶς
533 1496 746 1545 ἕνοικιδίας
777 1496 946 1549 ὄρνιθας
979 1495 1244 1550 ἐγκαθεύδειν
1274 1493 1549 1548 συμβέβηκεν,
1580 1492 1814 1560 Ἀριστοφά-

240 1571 310 1607 νης
349 1553 464 1608 λέγει
516 1556 660 1595 Pollux
694 1556 887 1604 10,156.
939 1555 1102 1595 Photius
1131 1551 1345 1606 πέτευρον·
1379 1558 1463 1592 πᾶν
1492 1550 1535 1592 τὸ
1567 1547 1721 1605 μακρὸν
1749 1553 1817 1594 καὶ

238 1610 451 1653 ὑπόπλατυ
482 1611 547 1651 καὶ
577 1610 776 1663 μετέωρον
797 1608 928 1660 ξύλον.
957 1606 1250 1664 Ἀριστοφάνης
1283 1609 1327 1650 ἐν
1347 1616 1399 1665 τῷ
1421 1625 1450 1650 ε.
1504 1608 1548 1650 ἐν
1577 1615 1634 1650 τῶ
1663 1613 1702 1658 ἓ,
1732 1612 1758 1654 i.
1781 1625 1815 1651 e.

239 1684 319 1710 non
351 1668 396 1709 ἐν
425 1674 480 1724 τῷ
508 1673 534 1708 ἆ
564 1665 814 1723 (πέταυρον).
847 1671 1022 1709 ceterum
1054 1669 1104 1710 cf
1137 1669 1329 1709 Fritzsch
1363 1651 1409 1716 Q.
1440 1668 1700 1711 Arist.179.

986 1791 1071 1834 840

445 1848 778 1905 πλεισταχόθεν

353 1929 645 1984 Ἀριστοφάνης
676 1930 765 1983 ἔφη.
813 1933 957 1971 Pollux
989 1933 1028 1982 4,
1063 1933 1156 1971 163.

931 2043 939 2052 '
987 2055 1068 2098 841

447 2112 670 2167 πλυντριδ
675 2126 718 2161 ες

358 2196 526 2235 Photius
536 2193 787 2265 λουτρίδες·
827 2193 903 2234 δύο
941 2191 1054 2247 κόραι
1094 2193 1183 2247 περὶ
1214 2192 1256 2234 τὸ
1287 2192 1376 2242 ἕδος
1408 2199 1476 2246 τῆς
1505 2192 1698 2246 Ἀθήνας.
1731 2191 1816 2234 ἔκα-

247 2254 391 2292 λοῦντο
422 2251 465 2291 δὲ
495 2267 617 2292 αυται
647 2250 714 2291 καὶ
743 2252 994 2305 πλυντρίδες.
1041 2249 1167 2300 οὕτως
1195 2248 1494 2305 Ἀριστοφάνης.

991 2364 1076 2406 842

448 2421 760 2477 προσχίσματα

359 2498 463 2551 εἶδος
484 2499 751 2555 ὑποδήματος.
781 2499 1084 2556 Ἀριστοφάνης.
1117 2505 1295 2544 Photius.
1326 2504 1497 2555 Hesyoh.
1524 2501 1815 2555 προσχίσματα·

244 2554 347 2607 εἶδος
390 2557 668 2612 ὑποδήματος,
707 2558 936 2612 ἐσχισμένον
972 2560 1015 2600 ἐκ
1054 2576 1134 2600 των
1172 2559 1408 2613 ἔμπροσθεν.
1457 2562 1817 2600 commemorantur

245 2619 365 2657 etiam
396 2619 445 2657 ab
479 2618 697 2658 Aristotele
726 2619 842 2659 Rhet.
875 2620 914 2668 2,
948 2621 1014 2658 19.
1046 2619 1182 2658 Probl.
1215 2620 1282 2668 30,
1306 2620 1344 2658 8.

989 2740 1073 2782 843

450 2795 707 2851 πρόσχορον

355 2873 644 2930 Ἀριστοφάνης
676 2876 750 2930 τὴν
779 2875 1099 2932 συγχορεύουσαν
1127 2875 1301 2930 κέκληκε.
1347 2879 1491 2918 Pollux
1521 2879 1560 2927 4,
1598 2880 1690 2918 106.
