1872 3224
78 241 134 257 st
608 194 822 231 ΣΑΤΤΡΟῙ
870 198 1137 236 ΤΡΑΓΩΙΔΟΙ
1582 212 1665 254 333

68 349 162 359 .
855 301 912 345 49

1 389 2 394 ’
196 377 432 449 ᾼὼθωθιὲε
465 381 512 430 3,
545 381 644 421 8710.
673 377 966 437 Ἀριστώνυμος
987 386 1121 439 Θησεῖ.
1137 386 1204 444 (fr.
1230 388 1269 444 1)
1290 390 1445 445 ’κόγχος
1476 387 1528 445 ἦν
1557 396 1659 447 βαπ-

57 437 167 486 ων
198 436 343 480 «κλῶν’.
386 436 532 487 ομοίως
569 437 636 478 καὶ
666 442 948 494 παραπλησίως
988 441 1027 482 δ’
1070 445 1201 498 εἴρηκε
1238 446 1304 488 καὶ
1342 449 1543 503 Φρύνιχος
1579 453 1663 492 Σα-

27 491 440 564 Ᾰἒξξρρι-ς.βαπτῶν.
462 492 574 535 ἆλῶν
603 496 771 552 Porson]
802 498 968 552 βάπτων
997 499 1141 543 ἄλλων.

517 645 784 686 ΤΡΑΓῼῘΔΟΙ
811 649 844 681 Η
869 649 1230 687 ΑΠΕΛΕΤΘΕΡΟΙ

31 795 54 820 ¹.-
102 782 127 800 .<
201 761 366 801 Titulus
397 762 544 814 duplex
575 764 624 803 ab
655 778 735 804 uno
759 765 882 805 Suida
912 771 1254 809 commemoratur.
1315 771 1487 812 alterum
1516 786 1662 815 nomen

79 815 254 863 tortasse
284 819 336 859 ad
365 820 556 860 iteratam
587 821 745 862 fabulae
775 825 1044 865 recensionem
1066 829 1245 877 spectare
1267 828 1493 869 Meinekius
1514 831 1662 872 iudicat

38 888 43 897 '·
80 877 106 917 1-
128 878 216 925 1158
246 877 352 918 conl.
382 877 533 919 Athen.
573 880 621 929 3,
654 881 783 921 115b.
822 882 992 923 Bekker.
1034 884 1182 924 Anecd.
1215 885 1316 934 421,
1359 887 1396 926 3.
1460 888 1660 929 Musarum

32 937 43 983 J
81 935 227 976 similis
258 935 419 976 videtur
447 937 585 977 fuisse.
618 938 666 978 cf.
698 939 749 978 fr.
782 940 849 979 55.

854 1076 910 1118 50

285 1146 324 1195 οἷ
355 1152 692 1217 χρυσοκέφαλοι
722 1154 974 1211 βεμβράδες
1004 1157 1253 1200 θαλάσσιαι

11 1274 23 1279 .,
184 1235 427 1293 Athenaeus
460 1239 499 1289 7,
532 1238 650 1277 287b
681 1234 915 1290 βεμβράδες.
946 1237 1145 1292 Φρύνιχος
1180 1240 1404 1295 Τραγῳδοῖς
1435 1244 1515 1282 κτλ.
1548 1246 1652 1283 utra-

77 1307 156 1346 que
186 1294 316 1334 forma
347 1298 387 1335 et
416 1293 642 1348 μεμβράδες
673 1298 714 1335 et
742 1295 964 1349 βεμβράδες
994 1298 1072 1336 iam
1093 1298 1185 1337 inde
1207 1299 1255 1338 ab
1277 1299 1473 1349 Eupolide
1494 1302 1652 1341 comicis

0 1362 12 1406 ξ
76 1352 240 1392 usitata.
301 1355 364 1392 est
395 1366 587 1404 apuarum
618 1367 756 1405 genus.
800 1355 943 1396 Athen.
976 1357 1012 1404 7,
1046 1356 1165 1394 287b
1187 1369 1245 1406 sq.
1286 1356 1426 1406 Eupol.
1459 1358 1525 1397 28.
1564 1359 1651 1397 Ari-

0 1418 5 1444 ῑ
66 1410 264 1461 stophan-
303 1411 354 1449 fr.
392 1412 483 1450 137.
517 1411 636 1462 Vesp.
670 1412 768 1451 493.
813 1413 847 1452 si
890 1410 1110 1451 θαλάσσιαι
1155 1411 1251 1464 (non
1295 1411 1481 1468 θαλάττ.)
1525 1415 1648 1466 Phry·
1684 1430 1689 1435 ·

0 1514 3 1518 Δ
75 1468 219 1508 nichus
249 1469 422 1520 scripsit,
455 1469 620 1519 parodia
651 1470 863 1509 statuenda
893 1472 971 1510 est.

850 1605 898 1647 51

283 1685 572 1741 περιστέριον
604 1680 645 1726 δ’
681 1682 803 1742 αὐτῷ
834 1701 875 1726 τι
907 1684 1015 1740 λαβὲ
1048 1686 1317 1740 τριωβόλου.

190 1779 425 1820 Athenaeus
474 1781 552 1830 14,
587 1780 703 1820 654b
734 1776 933 1831 Φρύνιχος
975 1778 1199 1833 Τραγῳδοῖς
1236 1781 1317 1818 κτλ.
1363 1776 1499 1831 λαβέ,
1548 1780 1572 1818 i.
1612 1794 1644 1819 e.

75 1849 156 1877 eme
185 1851 232 1877 ex
263 1838 365 1877 foro.
396 1837 580 1877 Pherecr.
612 1839 679 1878 81.
712 1838 917 1888 Aristoph.
950 1837 998 1876 fr.
1031 1838 1126 1875 247.
1157 1836 1376 1886 Antiphan.
1409 1838 1473 1884 26,
1508 1838 1547 1874 4.
1581 1839 1645 1876 13.

73 1895 224 1935 Eubul.
257 1895 408 1935 Athen.
441 1896 478 1945 2,
512 1896 611 1934 652.
652 1895 827 1946 Ephipp.
861 1895 935 1945 15,
969 1894 1008 1932 5.
1040 1894 1197 1932 Alexid.
1234 1894 1334 1943 108,
1367 1894 1406 1932 3.
1439 1894 1477 1932 9.
1500 1894 1645 1933 Athen.

74 1953 115 2002 4,
139 1954 264 2002 170a,
299 1950 359 2004 (2.
393 1949 454 2005 3).
485 1954 558 1992 cet.
591 1953 764 1992 dubitari
794 1954 928 2002 potest
957 1953 1092 1989 utrum
1122 1951 1228 1990 dicat
1258 1952 1354 1990 ‘eme
1383 1950 1432 1989 ei'
1464 1963 1514 1989 an
1556 1951 1650 1990 ‘eme

73 2010 125 2050 ab
155 2010 229 2050 co'.
273 2010 322 2049 cf.
363 2009 571 2060 Aristoph.
610 2009 709 2050 Rau.
752 2010 859 2048 1227
894 2007 1000 2060 (cum
1038 2009 1094 2048 eis
1129 2020 1231 2058 quae
1270 2007 1479 2048 adnotavit
1522 2008 1645 2046 Fritz-

75 2063 243 2120 sebius).
278 2067 401 2106 1229.

845 2200 902 2244 52

281 2279 339 2324 σύ
369 2282 419 2324 δὲ
450 2279 724 2338 τιμιοπώλης
754 2277 815 2330 ὥς
839 2278 1065 2335 Ἀχιλλεύς
1095 2276 1203 2322 οὐδὲ
1235 2272 1311 2328 εἷς.

189 2377 333 2418 Pollux
364 2379 404 2427 7,
438 2378 518 2417 195
550 2370 631 2416 εἶεν
661 2372 701 2414 δ’
733 2373 787 2415 ἄν
816 2389 919 2423 τινες
949 2372 1016 2414 καὶ
1045 2372 1280 2426 νεκροφόροι
1308 2370 1374 2411 καὶ
1404 2374 1553 2422 ταφεῖς.
1600 2369 1645 2410 τὰ

75 2430 116 2473 δ’
151 2432 215 2474 ἐπὶ
246 2433 399 2482 τούτοις
429 2430 510 2473 ἀπὸ
541 2439 613 2473 τοῦ
641 2432 895 2487 πιπράσκειν.
942 2430 1049 2471 ἔστιν
1080 2428 1122 2470 δ’
1164 2430 1290 2470 εἰπεῖν
1327 2425 1390 2467 ἐπ’
1428 2425 1565 2467 αὐτῶν
1603 2426 1645 2466 τὸ

68 2494 325 2545 stammam,
354 2489 554 2544 εἰρηκότος
584 2491 791 2545 Φρυνίχου
822 2487 866 2529 ἐν
899 2488 1122 2543 Τραγῳδοῖς
1153 2489 1231 2526 κτλ.
1265 2489 1370 2527 recte
1399 2487 1495 2525 haec
1525 2486 1645 2525 verba

73 2551 154 2590 iam
192 2549 452 2591 casaubonus
490 2551 775 2601 interpretatus
820 2551 904 2588 est:
950 2546 1206 2598 reprehendit
1241 2545 1348 2584 enim
1383 2544 1514 2582 nescio
1556 2543 1644 2593 quis

74 2608 279 2648 hominem
322 2609 366 2648 in
402 2609 491 2649 foro
529 2620 680 2647 merces
719 2619 809 2646 suas
848 2605 1085 2644 vendentem
1125 2603 1258 2642 dicens
1295 2602 1354 2640 ‘tu
1388 2612 1476 2640 vero
1504 2612 1645 2639 merces

75 2669 167 2706 tuas
195 2667 320 2706 ‘nimio
345 2668 473 2715 pretio
502 2666 638 2705 vendis
667 2668 710 2704 ut
740 2676 789 2703 ne
817 2662 986 2702 Achilles
1014 2661 1168 2711 quidem
1196 2658 1329 2710 udus',
1360 2658 1428 2707 qui
1460 2657 1643 2696 Hectoris

78 2735 223 2774 corpus
254 2724 410 2775 ingenti
440 2724 572 2774 pretio
602 2722 707 2774 patri
738 2720 976 2760 reddiderat.
1008 2718 1057 2757 cf.
1089 2717 1237 2766 Diphil.
1262 2717 1327 2763 33,
1354 2716 1390 2753 7.
1422 2716 1446 2753 8
1477 2711 1645 2765 γόγγρον

73 2777 164 2831 μέν,
195 2778 331 2834 ὥσπερ
361 2777 381 2819 ὁ
417 2779 599 2831 Πρίαμος
629 2777 698 2818 τὸν
716 2776 891 2829 ’Ἕκτορα
922 2807 930 2815 .
958 2807 966 2815 .
992 2807 1000 2815 .
1032 2772 1239 2826 ἐπριάμην.
1299 2773 1421 2811 miror
1451 2772 1575 2821 igitur
1604 2773 1644 2808 et

76 2837 323 2878 Meinekium
368 2841 409 2878 et
450 2838 501 2878 H.
532 2837 735 2877 Iacobium
775 2834 1092 2875 commendantes
1129 2826 1295 2876 οὐδενός
1334 2841 1405 2879 pro
1448 2824 1543 2867 οὐδὲ
1586 2821 1643 2873 εἷς

77 2894 170 2947 (wei
198 2897 349 2936 wulh‘us
370 2894 540 2947 pretii').
572 2894 782 2934 dicendum
812 2894 917 2931 certe
948 2891 1033 2929 erat
1062 2892 1131 2927 τοῦ
1160 2883 1344 2939 μηδενός.
