1872 3224
556 209 764 257 -ΠοΛΕΙΣ
827 213 1178 251 ΠΡΟΣΠΑΛΤΙΟῙ
1210 225 1212 228 v
1570 221 1652 265 323

91 303 108 351 “J
135 325 156 341 ν
177 308 368 364 ργίνων
397 307 452 359 ὦς
483 310 552 352 καὶ
580 310 869 370 Ἀριστοφάνης
892 318 1152 376 Λυσιστράτῃ
1179 320 1245 362 καὶ
1266 321 1444 371 Εὔπολις
1468 324 1649 367 Πόλεσιν.

76 366 375 421 umqum
405 370 600 423 insulam,
638 388 760 415 unam
790 390 837 416 ex
868 376 1129 429 Cycladibus,
1170 381 1264 421 haec
1295 383 1455 423 rettulit
1483 384 1652 436 Raspius

72 433 144 461 ὐἱ
171 439 224 468 ae
250 429 388 480 potest
418 428 461 468 in
493 430 822 474 adnominatione
861 438 979 485 poeta
1017 437 1179 478 lusisse:
1219 452 1312 478 nam
1352 444 1483 481 vestes
1523 455 1651 483 amor·

25 486 29 488 ’
141 502 183 521 «1,—
217 484 272 526 ab
308 487 489 538 Amorgo
525 501 672 529 nomen
712 493 909 543 accepisse
945 506 1027 533 non
1065 497 1330 536 necessarium
1366 501 1427 538 est
1462 501 1650 540 statuere.

54 541 316 595 stez-atin-
348 545 417 584 96.

49 607 101 628 :w

355 712 366 727 ,
825 661 910 704 242

276 726 448 770 PQoeGOS

185 795 341 854 εἴρηται
371 795 546 851 ἀλλαχοῦ
575 798 643 840 καὶ
676 799 721 840 ἐν
750 801 925 842 Πόλεσιν
962 800 1188 853 Εὐπόλιδος
1228 803 1268 859 (ἡ
1301 805 1345 847 ἐν
1380 811 1460 856 τοῖς
1490 808 1650 863 τράγοις

35 852 291 909 «δὺσωδία).
324 856 469 896 Pollux
501 860 537 908 2,
563 861 629 898 77.
661 860 837 912 Hesych.
869 859 1035 915 φράσος·
1067 862 1274 915 δυσοσμία.

87 958 89 960 ,
143 959 145 961 ,
185 912 254 954 Ad
284 912 482 956 Civitates
511 917 695 957 referunt
715 919 940 960 Meinekius
963 921 1012 959 fr.
1032 921 1129 971 392,
1151 922 1198 969 fr,
1223 924 1304 962 312
1327 923 1380 962 M.
1406 923 1650 965 Schmidtius

47 994 52 998 2
70 970 247 1023 Hesyeh.
279 969 451 1012 ἄπλυτοι
481 972 707 1026 ραφανῖδες
731 975 769 1030 (Ι
791 976 909 1031 242).
941 979 990 1017 cf.
1013 979 1134 1018 etiam
1160 979 1209 1019 fr.
1231 980 1313 1020 457
1343 984 1384 1020 et
1402 981 1562 1032 Philyll.
1588 983 1651 1024 17.

691 1125 1039 1161 ΠΡΟΣΠΑΛΤΙΟΙ

20 1228 29 1268 j
75 1257 80 1261 ,
183 1215 321 1267 Etym.
346 1229 397 1255 m.
419 1217 514 1265 288,
537 1218 587 1257 15
620 1215 907 1273 ἐκωμῳδοῦντο
929 1249 937 1258 .
963 1251 971 1259 .
997 1250 1005 1259 .
1031 1219 1301 1272 Προσπαλτιοι
1331 1217 1384 1268 ὡς
1415 1221 1650 1261 δικαστικοί.

15 1314 19 1322 Α
68 1271 164 1313 hinc
202 1273 428 1314 Meinekius
459 1274 480 1313 I
513 1276 608 1315 141.
641 1277 664 1314 2
705 1279 747 1316 et
786 1277 983 1328 Bergkius
1020 1279 1068 1317 R.
1103 1292 1135 1318 c.
1167 1279 1253 1318 Att.
1288 1281 1368 1318 357
1386 1293 1444 1330 sq.
1485 1279 1557 1319 hac
1594 1279 1651 1319 fa-

68 1330 168 1373 bula
197 1330 333 1371 litium
364 1332 630 1383 cupiditatem
661 1334 904 1385 exagitatam
944 1348 1029 1375 esse
1060 1337 1324 1377 coniecerunt.
1364 1337 1491 1376 multo
1523 1338 1652 1387 magis

11 1390 26 1412 2'
69 1386 238 1428 dubium
277 1390 341 1429 e'st
371 1390 479 1440 quod
517 1387 1088 1444 Bergkius'Euthyphronem
1125 1396 1171 1432 ut
1211 1393 1482 1444 Prospaltium
1526 1395 1649 1444 potis-

13 1497 15 1499 ι
69 1446 218 1487 simum
262 1446 313 1486 ab
357 1447 556 1498 Eupolide
597 1449 826 1489 traductum
871 1463 957 1490 esse
996 1451 1198 1491 existimat
1241 1449 1308 1502 (cf.
1340 1451 1388 1491 fr.
1420 1450 1539 1503 245):
1588 1452 1651 1490 cui

0 1486 17 1556 ζ
69 1503 254 1554 opinioni
284 1504 593 1556 Euthyphronis
622 1507 819 1547 Platonici
851 1510 960 1548 aetas
999 1521 1081 1548 non
1121 1509 1332 1548 admodum
1372 1508 1491 1548 favet.
1551 1508 1651 1548 Her-

0 1568 15 1602 ῑμ
69 1561 202 1601 aulem
231 1562 344 1602 inter
373 1563 697 1614 Pro'spaltiorum
727 1578 919 1615 personas
949 1566 1073 1605 fuisse
1104 1566 1344 1606 Fritzschius
1375 1566 1517 1605 statuit
1546 1566 1651 1616 apud

70 1618 336 1672 Toeppelium
357 1621 437 1660 -De
467 1621 632 1661 Adulat.
665 1636 703 1673 p.
738 1624 790 1661 62
822 1623 912 1662 adn.
945 1625 1034 1663 acta
1071 1625 1132 1663 est
1171 1626 1262 1662 ante
1299 1623 1478 1662 Nubium
1515 1622 1556 1662 II
1586 1637 1651 1674 pa-

67 1676 231 1717 rabasin
262 1677 313 1717 ab
344 1677 616 1731 Aristophane
657 1680 870 1730 scriptam,
911 1682 938 1720 i.
970 1694 1004 1720 e.
1036 1683 1128 1720 ante
1168 1680 1230 1720 Ol.
1263 1681 1329 1729 90,
1363 1681 1400 1719 2.
1448 1680 1651 1730 Aristoph.

66 1733 175 1774 Nub.
208 1734 287 1774 541
335 1730 432 1774 οὐδὲ
468 1732 695 1789 πρεσβύτης
726 1733 746 1776 ὅ
777 1735 902 1790 λέγων
939 1740 1043 1787 κτλ.,
1083 1738 1151 1776 ubi
1191 1739 1341 1777 scholia
1377 1733 1432 1783 ὥς
1472 1734 1651 1783 Εὔπολις

68 1788 114 1830 ἕν
151 1794 232 1839 τοῖς
272 1793 581 1842 Προσπαλτίοις.
652 1795 702 1834 cf.
742 1809 828 1834 mea
865 1796 1044 1835 Nubium
1083 1795 1144 1834 ed.
1175 1794 1214 1846 ξ.
1249 1796 1314 1834 29.
1363 1794 1509 1844 Bergk.
1551 1795 1647 1833 359.

68 1848 356 1893 Wilamowitz.
389 1850 485 1891 Obs.
517 1852 605 1891 crit.
639 1853 691 1892 31
726 1856 767 1891 et
797 1853 846 1891 fr.
881 1853 974 1892 249.
1168 1847 1182 1860 '

823 1975 908 2017 243

274 2051 420 2110 μήτηρ
451 2069 518 2104 τις
548 2051 669 2110 αὐτῷ
703 2057 883 2111 Θρᾷττα
914 2053 1205 2104 ταινιόπωλις
1233 2046 1308 2108 ἦν.

184 2149 415 2188 Athenaeus
448 2150 490 2196 7,
524 2149 637 2188 3263,
675 2145 775 2188 ὅταν
812 2145 853 2187 δ’
897 2145 1083 2195 Εὔπολις
1123 2145 1166 2187 ἐν
1205 2145 1496 2200 Προσπαλτίοις
1534 2144 1646 2201 λέγῃ·

67 2204 197 2259 μήτηρ
238 2228 290 2234 -
322 2200 395 2257 ἧν,
419 2203 499 2245 ’ἐπὶ
535 2210 616 2245 τῶν
652 2202 903 2258 ὑφασμάτων
939 2203 1041 2258 λέγει
1077 2203 1145 2244 καὶ
1183 2210 1264 2243 τῶν
1310 2205 1468 2255 ζωνῶν,
1506 2198 1570 2251 αἷς
1607 2203 1654 2243 αἱ

66 2260 258 2317 γυναῖκες
293 2260 554 2316 περιδέονται.
614 2264 851 2304 Eustathius
884 2265 1013 2312 1934,
1048 2264 1101 2303 33
1133 2258 1188 2310 ὡς
1218 2258 1239 2301 ὁ
1276 2258 1493 2313 Ἀθήναιος
1531 2258 1647 2314 λέγει,

0 2343 4 2349 ·
69 2320 257 2377 Θρᾷτταν
292 2319 568 2360 ταινιόπωλιν·
606 2321 654 2360 αἵ
684 2314 759 2374 γὰρ
798 2319 945 2374 ταύτης
984 2319 1133 2360 ταινίαι
1169 2315 1243 2358 οὐκ
1282 2318 1404 2370 ἰχθῦς
1447 2318 1648 2370 δηλοῦσιν,

66 2374 154 2418 ἀλλ’
180 2376 245 2418 ἐπὶ
264 2374 518 2430 ὑφασμάτων
537 2379 635 2430 ml„
656 2382 703 2419 ut
724 2379 874 2419 Athen.
906 2401 960 2409 -
982 2372 1035 2430 ἥν
1057 2374 1298 2428 Schweigh]
1324 2374 1397 2427 τὴν
1417 2376 1501 2415 sine
1522 2377 1646 2415 inter·

51 2438 288 2487 'punct10ne
319 2437 577 2476 coniunctum
608 2450 699 2477 cum
731 2435 795 2476 ἐπὶ
825 2441 908 2476 τῶν
936 2438 1015 2476 κτλ.
1053 2435 1258 2475 Demosth.
1292 2434 1365 2482 57,
1399 2433 1453 2472 34
1491 2433 1645 2472 confert

68 2494 307 2535 Meinekius.
369 2494 438 2534 sed
469 2507 569 2545 quae
608 2497 648 2534 et
676 2495 763 2545 ipse
798 2497 839 2534 et
874 2494 1070 2545 Bergkius
1107 2493 1155 2531 R.
1189 2504 1220 2530 c.
1253 2490 1341 2530 Att.
1375 2491 1456 2529 357
1496 2502 1544 2528 ex
1582 2489 1644 2528 his

68 2551 204 2592 verbis
235 2552 403 2592 eliciunt
432 2565 628 2603 perquam
658 2552 848 2592 videntur
877 2552 1028 2591 incerta
1059 2562 1160 2590 esse.

819 2686 905 2728 244

241 2764 293 2809 τὸ
324 2767 478 2823 δεινῆς
507 2764 712 2817 ἀκούεις;
738 2763 990 2821 Ἡράκλεις,
1021 2759 1145 2805 τοῦτ’
1178 2762 1271 2804 ἔστι
1301 2771 1374 2804 σοι

243 2833 294 2878 τὸ
325 2833 503 2891 σκῶμμ’
535 2833 723 2890 ἀσελγὲς
753 2833 828 2877 καὶ
859 2829 1124 2887 Μεγαρικὸν
1155 2830 1230 2872 καὶ
1261 2829 1442 2884 σφόδρα

243 2904 436 2961 ψυχρόν.
497 2905 646 2960 γελᾷς,
679 2900 739 2953 ὥς
769 2900 893 2958 ὁρᾷς,
925 2898 978 2942 τοὶ
1010 2900 1181 2942 παιδία.
1355 2965 1375 2986 *

1299 2969 1339 3000 21
