1872 3224
182 174 267 217 458
778 173 1170 207 ΑΡΙΣΤΟΦΑΝΟΤΣ

185 279 310 331 μνοῦς
341 275 414 331 ἔρι’
447 276 608 333 Bergk]
641 283 784 331 χειρῶν
824 276 917 331 ἔργα
954 277 1095 330 μνοῦς.
1157 279 1381 328 ‘porcorwm
1416 279 1563 330 lamma
1599 281 1655 320 est
1690 278 1771 322 1000

184 338 331 378 lanae?
365 339 426 377 est
457 349 592 378 versus
622 337 896 387 paroemiacus
926 337 993 377 vel
1023 336 1154 376 exitus
1183 335 1424 377 tetrametri.
1685 372 1687 374 .

933 447 1019 492 259

388 506 694 558 Δαναώτατος

295 591 535 642 Apollonius
567 590 626 629 De
656 603 771 642 pron.
796 591 863 643 64,
890 591 939 629 11
973 589 1160 630 Schneid.
1193 587 1310 629 ἕνεκα
1340 588 1495 642 γελοίου
1525 585 1551 641 ἡ
1581 602 1640 629 κω
1669 586 1772 645 quota
1851 592 1854 594 ’

183 646 361 699 σχήματά
394 662 481 687 τινα
512 645 706 697 ἔπλασεν,
737 644 839 687 ὥστε
871 643 919 686 οὗ
957 643 1163 700 κριτήριον
1193 652 1263 699 τῆς
1295 645 1433 696 λέξεως
1470 643 1514 686 τὸ
1543 602 1770 700 animasque,

181 703 265 745 ἐπεὶ
294 704 361 745 καὶ
393 703 726 752 Δαναώτατος
755 701 1019 758 ὑπερτίθεται
1047 703 1158 753 παρὰ
1188 701 1481 755 Ἀριστοφάνει,
1508 708 1590 744 τῶν
1617 702 1772 758 κυρῶν
1855 711 1857 714 “

181 760 229 802 οὐ
261 758 597 816 συγκρινομένων.
657 776 899 814 quamquam
928 776 1077 803 nomen
1107 763 1268 803 fabulae
1297 775 1380 803 non
1409 762 1584 816 additur,
1623 761 1770 814 proba·
1862 779 1872 802 ι

180 822 317 862 biliter
347 821 399 860 ad
428 820 631 861 Danaides
661 820 862 872 Bergkius
892 821 1065 861 rettulit.
1397 858 1399 861 ,
1685 850 1689 855 -
1855 806 1872 882 ἒ

932 932 1020 976 260

299 1017 429 1057 Schol.
470 1016 579 1056 Plut.
613 1017 696 1057 210
735 1012 924 1069 ὀξύτερον
961 1019 1032 1055 τοῦ
1069 1013 1286 1069 Λυγκέως·
1333 1011 1395 1064 ὥς
1434 1006 1475 1054 δ’
1521 1010 1672 1064 αὐτὸς
1718 1011 1773 1055 ἐν

182 1074 400 1114 Δαναΐσι
430 1072 606 1126 φησίν,
639 1071 748 1122 υίὸς
779 1071 1053 1127 Αἰγύπτου.
1116 1071 1284 1126 ἐροῦμεν
1313 1069 1353 1112 δ’
1388 1070 1474 1112 ἐκεῖ
1499 1070 1547 1112 τὰ
1577 1069 1667 1127 περὶ
1694 1067 1770 1112 αὐ-

181 1137 266 1182 τοῦ,
298 1128 382 1171 ἐπεὶ
412 1130 527 1171 δοκεῖ
551 1127 645 1184 παρ’
681 1130 859 1184 ἱστορίαν
888 1128 1029 1184 λέγειν.
1092 1131 1236 1172 Suidas
1259 1127 1454 1184 Λυγκέως
1475 1126 1772 1184 ὀξυωπέστερον

180 1187 361 1241 βλέπεις·
393 1182 511 1237 οὗτος
543 1186 696 1242 ἐγένετο
726 1185 903 1241 ἀδελφὸς
925 1187 1033 1239 Ἴδα,
1055 1185 1110 1237 ὥς
1131 1186 1176 1228 δὲ
1202 1185 1569 1241 Ἀριστοφάνης
1599 1184 1644 1228 ἔν
1674 1189 1770 1228 Aa·

183 1248 377 1298 ναΐσιν,
410 1245 517 1295 υίὸς
549 1245 836 1300 Αἰγύπτου.
883 1247 1099 1287 seholiasssa
1135 1247 1257 1287 simul
1293 1246 1496 1287 Danaides
1534 1260 1558 1286 a
1593 1259 1636 1286 se
1666 1246 1770 1287 inlu-

182 1307 329 1345 stratas
360 1318 445 1345 esse
476 1305 658 1345 indicans
691 1305 741 1344 ab
772 1305 1044 1356 Aristophane
1064 1304 1273 1356 Lynceum
1306 1304 1487 1357 Aegypti
1514 1303 1656 1355 filium,
1686 1303 1772 1356 Hy·

180 1365 453 1414 permnestrae
494 1364 707 1411 maritum,
748 1376 837 1403 cum
874 1363 1038 1415 Lynceo
1074 1362 1253 1414 Apharei
1288 1362 1393 1411 filio,
1440 1362 1650 1403 oculorum
1686 1361 1771 1403 acio

181 1421 346 1473 insigni,
379 1420 572 1460 confundi
603 1421 716 1461 dicit.

935 1520 1017 1563 261

258 1655 261 1657 μ
300 1604 430 1644 Schol.
464 1604 560 1656 Lys.
603 1605 712 1644 1237
753 1601 1072 1657 Κλειταγόρα
1117 1599 1301 1656 ποιήτρια
1339 1596 1393 1655 ἦν
1433 1599 1680 1655 Λακωνική,
1717 1595 1769 1656 ἧς

182 1659 379 1714 μέμνηται
409 1660 476 1701 καὶ
506 1659 551 1701 ἐν
584 1661 788 1702 Δαναΐσιν
813 1657 1116 1715 Ἀριστοφάνης.
1149 1662 1198 1702 cf.
1231 1660 1387 1702 Cratin.
1420 1662 1518 1702 236.

935 1773 1022 1817 262

390 1829 614 1887 ἀργύριον

298 1913 366 1954 καὶ
408 1912 452 1954 τὸ
488 1907 634 1954 λεπτὸν
671 1910 842 1966 νόμισμα
883 1915 1097 1967 καλοῦσιν,
1134 1910 1190 1962 ὥς
1222 1897 1513 1967 Ἀριστοφάνης
1554 1912 1770 1954 Δαναΐσιν.

183 1973 354 2015 Bekker.
387 1973 542 2013 Aneod.
573 1974 670 2023 442,
706 1975 759 2013 10
787 1975 829 2013 et
859 1972 1002 2013 Suidas
1030 1967 1250 2025 άργύρειος.

937 2083 1022 2127 263

390 2140 540 2196 ἐχῖνος

299 2221 380 2262 ἔστι
408 2220 484 2275 μὲν
512 2220 633 2276 ἄγγος
664 2238 714 2274 τι,
745 2223 802 2271 εἰς
831 2220 856 2262 ὃ
885 2218 932 2263 τά
960 2227 1207 2277 γραμματεῖα
1237 2221 1283 2263 τὰ
1313 2221 1412 2277 πρὸς
1442 2221 1512 2271 τὰς
1542 2221 1657 2271 δίκας
1689 2219 1766 2262 ἐτί-

183 2284 307 2321 θεντο
339 2314 347 2322 .
372 2313 380 2321 .
405 2311 415 2320 .
446 2279 688 2333 μνημονεύει
718 2281 788 2320 τοῦ
817 2279 969 2334 ά’γγους
1000 2278 1143 2321 τούτου
1173 2280 1240 2322 καὶ
1263 2313 1272 2322 .
1299 2313 1309 2322 .
1334 2312 1344 2322 .
1362 2276 1653 2335 Ἀριστοφάνης
1685 2281 1766 2326 Δα-

185 2339 335 2382 ναίσιν,
369 2339 673 2390 Harpocration.
705 2340 755 2379 cf.
785 2339 966 2381 Photius.
1430 2366 1438 2373 ·

933 2450 1020 2494 264

392 2507 708 2564 προσωπίδιον

302 2587 357 2638 ὡς
389 2589 434 2630 ἐν
465 2591 669 2631 Δαναΐσιν
695 2588 999 2645 Ἀριστοφάνης.
1031 2592 1174 2632 Pollux
1200 2593 1272 2641 10,
1308 2592 1403 2632 127.
1450 2571 1462 2578 ⁴

932 2702 1020 2746 265

394 2785 740 2837 συρμαιοπῶλαι
772 2783 859 2840 (καὶ
889 2781 1262 2840 ἐγκριδοπώλαι).

303 2861 347 2904 ἐν
370 2857 683 2919 Ἀριστοφάνους
726 2866 915 2906 Δαναίσι.
973 2865 1118 2905 Pollux
1150 2867 1195 2915 7,
1232 2867 1326 2906 199.
1377 2862 1674 2918 ἐγκριδοπώλην
1701 2866 1764 2905 est
