1872 3224
203 220 258 262 42
738 191 740 193 ’
846 210 1097 246 KPATINOT

205 327 362 366 Brunck
391 325 410 362 Ι
442 324 532 362 164.
571 316 652 359 τόδ’
685 313 752 371 αὖ]
797 313 882 356 τόδε
914 314 1073 354 Grotius
1113 312 1298 361 Excerpt.
1329 310 1425 348 461.
1458 306 1681 347 Meinekius
1709 305 1757 346 in‘

205 385 266 423 ed.
298 383 388 421 min.
419 381 512 418 haec
540 378 722 417 adnotat:
753 375 1004 424 ‘scriptorum
1033 371 1127 418 loci,
1159 381 1258 419 quos
1290 368 1331 406 in
1361 366 1431 405 illa
1461 365 1510 403 de
1541 364 1752 414 poetarum
1828 376 1830 378 ’

206 440 322 479 furtis
366 438 478 476 affert
521 435 700 476 Clemens
745 430 1032 482 disputatione,
1079 427 1290 466 maximam
1330 424 1484 474 partem
1529 422 1624 462 sunt
1669 431 1753 460 oot-

205 494 422 545 ruptissimi
450 505 523 531 nec
552 492 635 531 sine
664 490 870 529 meliorum
899 487 1092 526 librorum
1114 496 1186 534 ope
1217 481 1395 522 sanandi.
1426 480 1468 519 in
1488 479 1614 519 altero
1633 489 1755 526 versu

206 552 303 592 nihil
332 553 391 590 est
419 549 521 600 quod
550 561 631 588 non
661 548 809 597 optimo
846 556 1001 595 quoque
1039 544 1157 592 poeta
1194 540 1359 591 dignum
1397 538 1463 578 sit.
1514 535 1684 586 poeticis
1713 533 1756 575 et

206 609 333 649 verbis
363 609 403 646 et
433 606 569 645 formis
598 617 678 644 non
707 616 794 642 raro
825 615 918 640 usus
958 602 1018 639 est
1049 598 1255 647 Cratinus;
1296 598 1338 635 at
1366 595 1575 634 Laconum
1603 603 1770 644 nomen¹

206 678 297 705 sane
327 663 540 703 dubitabile
571 664 642 702 est.
674 660 809 700 monui
829 658 1106 708 haec'propter
1130 654 1325 694 Cobetum
1355 652 1524 692 Observ.
1544 649 1648 689 Plat.
1668 648 1771 701 772,-

207 722 273 772 qui
293 720 565 760 Aristobulum
588 718 748 757 Cratino
779 730 863 756 eam
883 715 1059 754 fabulam
1083 712 1292 751 adfinxisse
1317 710 1550 749 arbitratur.
1582 707 1632 747 cf.
1654 717 1756 758 quac

210 779 258 817 ad
273 773 637 827 Ἐμπιμπραμένους
659 774 946 814 adnotavimus.
983 792 1028 798 -
1052 766 1272 821 κταμένοις]
1305 768 1353 806 (18
1375 766 1513 806 formis
1533 763 1756 806 vocabulis-

210 848 282 885 que
312 835 430 884 epicis
462 846 559 883 quae
589 833 693 882 apud
729 831 895 871 comicos
933 828 1191 868 inveniuntur
1228 826 1277 865 cf.
1310 837 1410 875 quae
1441 824 1633 874 congesta
1661 821 1758 862 sunt

207 892 327 930 Arist.
360 891 429 940 Eq.
463 891 567 928 1296
598 891 638 927 et
667 888 787 938 Vesp.
820 887 913 926 662.
944 885 1018 925 Av.
1053 885 1146 923 567.
1179 882 1327 924 Cratin.
1359 883 1426 930 98,
1461 882 1496 919 1.
1529 880 1624 920 100.
1659 877 1756 918 126.

212 950 300 987 137.
349 947 552 996 Hermipp.
585 946 649 986 55.
693 945 831 995 Eupol.
867 944 939 991 14,
973 943 1010 981 3.
1056 937 1158 982 Plat.
1192 941 1293 991 153,
1326 942 1364 980 5.
1414 936 1574 978 Anaxil.
1605 935 1756 976 Athen.

211 1006 274 1053 12,
306 1004 384 1043 548
397 1002 420 1042 c
445 1000 520 1057 (7).
553 1003 728 1044 Axionic.
760 1002 906 1041 Athen.
935 1002 972 1048 8,
1006 999 1122 1038 3421)
1153 994 1232 1051 (7).

840 1110 1099 1146 ΜΑΑΘΑΚΟΙ

319 1198 528 1237 Mollitiem
557 1198 827 1246 luxuriamque
848 1194 1154 1236 Atheniensium
1185 1194 1288 1233 circa
1307 1190 1404 1231 belli
1425 1185 1759 1240 Peloponnesiaci

208 1254 365 1292 initium
408 1255 743 1304 ingravescentem
786 1254 858 1292 hac
900 1252 1032 1291 fabula
1075 1251 1356 1302 reprehensam
1400 1261 1486 1288 esse
1533 1245 1759 1297 suspicatur

210 1311 402 1361 Bergkius
433 1312 478 1351 R.
510 1324 541 1350 c.
572 1312 658 1350 Att.
691 1311 782 1349 124.
815 1311 853 1349 5.

952 1396 1005 1439 96

502 1476 704 1534 ἀμοργόν
735 1478 868 1521 ἔνδον
897 1477 1120 1532 βρυτίνην
1150 1474 1314 1531 νήθειν
1345 1475 1463 1517 τινά.

320 1572 537 1623 Hesychius
575 1571 756 1624 βρυτίνη·
803 1569 846 1610 ἐν
881 1572 1144 1617 Μαλθακοῖς·
1184 1565 1360 1621 ἆμοργὸν
1404 1565 1522 1607 ἔνδον
1566 1563 1762 1620 βρυτίνην

211 1627 354 1678 νήθειν
385 1624 482 1668 τινα.
534 1627 662 1678 ἔπαιξε
704 1626 800 1682 πρὸς
840 1626 881 1667 τὸ
910 1622 1016 1679 πόμα
1052 1624 1094 1666 τὸ
1124 1625 1329 1679 βρύτινον·
1370 1623 1451 1664 ἔστι
1489 1622 1534 1664 δὲ
1564 1622 1630 1663 καὶ
1659 1622 1763 1671 ζῶον

211 1686 367 1751 βρυτον,
398 1683 531 1736 ’ὅμοιον
559 1684 768 1740 κανθάρῳ,
800 1684 866 1724 καὶ
895 1683 938 1724 τὸ
967 1681 1037 1723 ἀπ’
1071 1679 1194 1723 αὐτοῦ
1224 1681 1413 1735 βρύτινον
1441 1678 1634 1733 πήνισμα,
1665 1663 1763 1733 ἄτερ

211 1738 268 1780 ὑπ
315 1739 430 1781 ἐνίων
459 1741 701 1794 βομβύκινον
729 1740 890 1795 λέγεται.
922 1743 971 1781 ad
1002 1741 1154 1781 Cratini
1184 1741 1401 1780 Malthacos
1431 1740 1631 1790 pertinere
1660 1737 1764 1779 vidit

213 1798 423 1838 Salmasius
446 1800 606 1838 Tertull.
629 1801 724 1842 Pau,
753 1802 830 1839 197
863 1800 950 1839 cod.
973 1796 1091 1838 ἔνδον
1112 1797 1126 1852 ΙΙ
1150 1797 1351 1850 Βρυτίνην
1379 1795 1513 1836 νίθειν
1533 1810 1622 1835 τινα
1644 1793 1759 1848 (si0);
1781 1798 1787 1803 '
1865 1830 1872 1842 ,

212 1857 343 1920 utrum
371 1852 542 1923 αμοςγὸν
570 1858 755 1907 praebeat
784 1870 835 1895 an
865 1854 1054 1908 α’μοργιν,
1088 1855 1299 1895 Schmidtii
1329 1854 1535 1894 adnotatio
1565 1854 1764 1893 incertum

215 1912 412 1962 relinquit.
443 1912 600 1965 αμοργίς
631 1916 691 1953 est
720 1911 838 1964 χιτών
867 1910 1100 1964 ἀμόργινος,
1130 1910 1297 1964 ἅμοργις
1318 1913 1379 1951 est
1397 1909 1470 1951 olei
1490 1908 1763 1951 sedv'smcntmn.

214 1968 356 2036 H'erod'.
387 1969 406 2007 I
437 1971 501 2019 87,
535 1972 583 2008 18
614 1971 751 2010 Lentz.
785 1968 830 2008 τὰ
861 1969 916 2017 εἰς
945 1971 1007 2020 W
1028 1967 1333 2022 πολυσύλλαβα,
1364 1966 1593 2020 στρατηγίς,
1613 1963 1762 2015 ἁλουρ-

215 2039 295 2091 γις,
325 2025 502 2093 ,αμοργίᾳ
540 2024 581 2064 τὸ
619 2024 662 2065 δὲ
690 2024 895 2079 ἅμοργις
932 2023 957 2078 ἡ
989 2022 1290 2077 ὑποστάθμη
1320 2023 1548 2077 βαρύνεται.
1587 2026 1765 2064 ceterum

218 2095 287 2147 την
302 2095 479 2148 ἀριοργιν
499 2080 570 2133 τὴν
588 2081 747 2132 ἄλοπον,
780 2086 806 2124 i.
825 2097 857 2123 8.
881 2085 1047 2134 byssum,
1069 2085 1196 2124 Arist.
1219 2084 1421 2134 Lys.737.
1444 2083 1546 2122 Poll.
1572 2084 1609 2131 7,
1633 2081 1687 2120 74
1717 2076 1765 2120 τὰ

218 2136 261 2174 δε
279 2152 476 2202 Ιαμοργινα
496 2139 676 2191 γίνεσθαι
703 2138 775 2191 μὲν
805 2133 850 2178 τα
880 2138 1017 2193 ἄριστα
1049 2137 1092 2193 ἕν
1113 2146 1158 2195 τῇ
1176 2137 1372 2193 Ἀμοργῷ,
1406 2137 1516 2178 λίνου
1537 2135 1578 2178 δ’
1601 2131 1676 2178 οὖν
1696 2133 1764 2176 καὶ

218 2207 356 2240 ταυτας
388 2196 485 2262 εἶναι
516 2194 712 2248 λέγουσιν·
745 2194 765 2235 ὁ
796 2195 839 2235 δὲ
868 2193 1082 2249 ἆμόργινος
1119 2195 1236 2249 χιτών
1274 2195 1339 2235 καὶ
1375 2192 1538 2248 ἆμοργὶς
1576 2186 1764 2236 guandiu.
1835 2208 1837 2211 '

218 2263 351 2289 rursus
382 2251 560 2315 βρυτινος
591 2256 651 2293 est
680 2256 748 2293 aut
779 2253 960 2304 byssinus
988 2257 1058 2294 aut
1086 2256 1331 2295 hordeaceus.
1363 2254 1538 2305 Hesych.
1562 2249 1772 2305 βρυτιγγοί

221 2306 449 2376 (Salmasius
478 2309 688 2361 βρύτινοι)·
720 2316 890 2361 χιτῶνες.
923 2311 1195 2363 οϊβρυτίνην·
1226 2309 1437 2364 βυσσίνην.
1469 2311 1573 2350 idem
1593 2309 1765 2363 βρῦτον·

219 2374 299 2424 παν
335 2377 375 2402 το
406 2377 446 2402 εκ
482 2368 623 2432 πἰριθῆς
652 2364 771 2406 ποτόν
808 2365 895 2421 (ubi
925 2369 1010 2408 cod.
1041 2373 1216 2420 τρυφῆς,
1253 2367 1400 2419 κριθῆς
1440 2364 1687 2419 Schrewel.).
1727 2367 1774 2406 ot*

219 2417 417 2488 βουτῖιον·
448 2434 552 2472 πομα
583 2422 623 2461 ἐκ
644 2423 786 2475 κριθῆς
816 2426 951 2475 Etym.
974 2439 1026 2463 111.
1050 2427 1144 2475 216,
1168 2427 1222 2465 20
1251 2423 1420 2477 βρύτια,
1451 2421 1478 2462 δι’
1507 2421 1575 2463 καὶ
1603 2417 1767 2476 βρύτεα,

220 2488 265 2512 τα
297 2489 364 2526 της
395 2481 591 2530 σταφυλῆς
626 2478 836 2533 πιέσματα,
865 2479 892 2519 ἅ
923 2495 1024 2529 τινες
1056 2480 1260 2534 στέμφυλα
1292 2482 1436 2535 (Arist.
1467 2481 1576 2521 Nub.
1599 2476 1674 2535 45)
1703 2475 1767 2520 λέ-

220 2541 359 2582 γουσιν
393 2563 401 2571 .
431 2563 439 2571 .
463 2564 471 2571 .
501 2535 540 2573 οἵ
571 2533 614 2574 δὲ
638 2534 823 2587 Ἀττικοί,
864 2536 908 2576 τὰ
946 2543 1025 2577 τῶν
1055 2537 1195 2578 ἐλαιῶν
1231 2536 1428 2590 ἀλέσματα
1460 2535 1672 2591 (πιέσματα
1703 2536 1791 2577 voi>
1860 2556 1867 2565 =

221 2586 413 2655 ztu'opwcw
434 2590 685 2658 Hemsterh.)
719 2595 911 2645 Theophr.
935 2596 1039 2635 Hist.
1062 2598 1114 2647 pl.
1138 2598 1176 2646 4,
1200 2599 1238 2645 8,
1263 2598 1313 2635 12
1345 2600 1470 2635 ταῦτα
1492 2629 1501 2637 .
1522 2625 1532 2636 .
1555 2625 1565 2636 .
1595 2592 1770 2645 ἓψοῦαιν
1848 2612 1851 2613 ’

223 2657 266 2681 εν
295 2645 425 2714 βρυτςὶξ
454 2652 504 2699 τῷ
533 2646 609 2687 απὸ
638 2655 716 2688 τῶν
744 2651 912 2703 κριθῶν.
946 2653 1170 2693 Athenaeus
1195 2655 1258 2702 10,
1282 2654 1401 2693 4471)
1423 2650 1493 2692 τὸν
1513 2649 1558 2691 δὲ
1579 2650 1770 2705 κρύθινον

223 2693 331 2738 οἶνον
359 2715 425 2766 και
453 2703 596 2752 βρῦτον
626 2705 725 2753 τινὲς
755 2710 963 2760 καλοῦσιν,
997 2711 1226 2750 testimonia
1263 2710 1481 2760 Sophoclis,
1521 2707 1767 2758 Archilochi,

226 2757 426 2807 Aeschyh,
457 2759 668 2810 Hellanici,
700 2765 886 2804 Hecataei
916 2766 1035 2805 simul
1064 2768 1257 2806 adferens.
1290 2768 1424 2818 itaque
1455 2779 1621 2818 prorsus
1641 2765 1767 2806 ambi·

225 2824 356 2861 guum,
389 2816 529 2880 utrum·
558 2819 804 2859 scribendum
841 2822 894 2860 sit
929 2819 1098 2875 ἅμοργιν
1135 2822 1252 2862 ἔνδον
1288 2823 1483 2876 βρυτίνην
1519 2820 1644 2875 ἠθεῖν
1679 2835 1770 2862 τινα

227 2866 291 2921 (ut
321 2869 366 2908 de
395 2884 532 2922 pmgui
562 2877 601 2913 et
631 2888 756 2916 crasso
776 2878 982 2918 hordeacei
1011 2883 1130 2930 potus
1159 2881 1324 2933 liquore,
1357 2867 1600 2922 Graecorum
1619 2879 1769 2920 iudicio
1849 2920 1851 2923 ,
