1872 3224
183 171 270 214 450
770 167 1166 202 ΑΡΙΣΤΟΦΑΝΟΤΣ

932 269 1019 312 224

265 351 342 396 καὶ
371 352 636 408 δελφακίων
666 347 857 393 ἁπαλῶν
888 352 1036 393 κωλαῖ
1063 350 1138 392 καὶ
1170 348 1424 406 χναυμάτια
1455 348 1706 406 πτερόεντα

298 437 531 475 Athenaeus
564 437 602 484 9,
636 435 750 474 3680
779 429 1067 487 Ἀριστοφάνης
1102 435 1385 473 Δαιταλεῦσιν.
1423 427 1646 486 χναυμάτια
1676 446 1771 474 πτε-
1843 433 1848 478 J

183 490 342 547 ρόεντα,
386 493 624 544 quibuscum
672 505 755 532 non
794 494 902 532 recte
940 491 1187 532 Fritzschius
1227 491 1381 531 Daetal.
1413 489 1593 544 χρησμὸν
1630 504 1771 545 πτερυ-

182 548 311 603 γωτόν
341 551 499 591 confert
527 551 603 601 Eq.
637 551 762 602 1086,
795 550 1019 590 Meinekius
1049 550 1211 590 delicias
1234 551 1433 600 pinnatae·
1461 550 1771 602 interpretatur,
1849 575 1850 578 =

184 609 235 650 H.
268 609 495 659 Stephanus
534 609 710 648 aviculas
749 607 951 648 delicatius
988 608 1221 658 adparatas.
1281 609 1473 647 neutrum
1507 619 1649 648 verum
1687 619 1774 648 esee

184 666 315 708 credo.
346 666 556 706 Herwerd.
586 666 692 706 Nov.
724 665 816 705 add.
849 666 934 706 crit.
960 667 1011 705 16
1043 659 1263 717 χναυμάτι’
1297 660 1384 703 ἅττ’
1421 661 1602 718 ἐρόεντα.
1633 666 1678 705 at
1704 677 1773 707 ne·
1848 667 1851 674 '

182 737 259 774 que
288 720 387 762 ἅττα
416 736 546 775 neque
577 719 738 775 ἐρόεντα
761 719 858 777 (Av.
876 721 980 792 2462
1012 723 1243 763 sententiae
1274 723 1372 763 satis
1403 722 1605 764 convenit.
1637 722 1773 774 itaque

183 781 401 821 videndum
431 794 482 821 an
502 782 647 820 melius
678 781 732 821 sit
760 778 960 832 χναυμάτι
1009 775 1293 834 ἱμερόεντα.
1325 780 1374 821 cf.
1396 779 1496 820 Rau.
1520 780 1588 823 59.
1619 779 1772 820 Eubul.

184 839 332 879 Athen.
370 839 434 889 15,
467 839 582 879 6850
613 834 700 892 (4).

940 950 1025 994 225

387 1029 532 1074 ἐθέλω
562 1029 712 1086 βάψας
743 1028 858 1086 πρὸς
887 1030 1163 1082 ναυτοδίκας
1192 1030 1325 1083 ξένον
1357 1028 1574 1087 ἐξαίφνης
1607 1055 1655 1064 -

298 1115 566 1167 Harpocratio
598 1112 853 1154 ναυτοδίκαι·
885 1110 989 1167 ἀρχή
1017 1128 1075 1162 τις
1105 1108 1160 1166 ἦν
1186 1110 1415 1166 Ἀθήνησιν
1443 1113 1486 1154 οἰ
1522 1111 1772 1155 ναυτοδίκαι.

185 1170 387 1226 Κρατερὸς
417 1172 519 1226 γοῦν
549 1169 594 1211 ἕν
624 1177 678 1227 τῷ
715 1171 740 1211 δ
749 1170 759 1183 '
800 1177 883 1212 τῶν
925 1170 1214 1224 Ψηφισμάτων
1251 1170 1393 1224 φησίν·
1434 1168 1506 1212 ἐὰν
1541 1169 1585 1211 δέ
1625 1185 1686 1220 τις
1722 1169 1773 1222 ἐξ
1842 1179 1850 1184 ’

184 1227 377 1282 ἀμφοῖν
407 1226 578 1279 ξένοιν
606 1227 828 1283 γεγονώς
859 1230 1077 1285 φρατρίζῃ,
1116 1228 1280 1269 διώκειν
1311 1222 1416 1269 εἶναι
1451 1234 1507 1269 τῶ
1543 1225 1774 1284 βουλομένῳ

180 1284 430 1339 Ἀθηναίων,
461 1282 522 1335 οἷς
553 1286 664 1326 δίκαι
693 1286 792 1338 εἰσί,
825 1283 1038 1339 λαγχάνειν
1068 1284 1113 1327 δὲ
1143 1292 1191 1342 τῇ
1223 1284 1294 1342 ἕνῃ
1333 1285 1400 1327 καὶ
1439 1270 1513 1342 νέᾳ
1549 1284 1650 1340 πρὸς
1679 1283 1774 1335 τοὺς

186 1344 440 1393 ναυτοδίκας.
497 1341 794 1397 Ἀριστοφάνης
835 1347 1105 1385 Δαιταλεῦσιν
1141 1346 1221 1386 κτλ.
1288 1341 1449 1399 βάψας]
1487 1338 1650 1398 βλάψας
1689 1340 1771 1386 BC.

183 1403 410 1455 Hesychius
440 1400 634 1455 βάψας·
667 1401 832 1453 δεύσας,
862 1401 1059 1455 πλεύσας,
1089 1398 1118 1454 ἢ
1148 1400 1222 1454 τὴν
1251 1400 1396 1454 κώπην
1423 1399 1580 1455 βάψας.
1627 1401 1772 1444 Suidas

184 1458 375 1512 βάψας·
414 1453 488 1511 τὴν
517 1458 680 1512 κώπην,
713 1457 742 1511 ἢ
771 1455 968 1512 πλεύσας,
1001 1457 1136 1499 ε’λθών
1166 1457 1263 1513 πρὸς
1294 1457 1389 1507 τοὺς
1430 1458 1694 1511 ναυτοδίκας,
1732 1457 1774 1499 οἳ

184 1515 231 1556 τὰ
262 1522 334 1569 τῆς
365 1515 497 1566 ξενίας
529 1515 725 1564 ἐδίκαζον.
774 1518 953 1558 Photius
986 1515 1238 1557 ναυτοδίκαι·
1273 1513 1501 1568 Ἀθήνησιν
1530 1516 1572 1557 οἷ
1597 1514 1669 1565 τὰς
1699 1520 1771 1569 τῆς

186 1574 319 1624 ξενίας
349 1573 465 1622 δίκας
503 1570 741 1628 εἰσάγοντες.
780 1575 958 1627 Hesych.
1000 1573 1252 1614 ναυτοδίκαι·
1297 1574 1339 1614 οἱ
1371 1572 1436 1614 ἐπὶ
1474 1579 1545 1614 τοῦ
1583 1571 1773 1626 ἐμπορίου

185 1631 386 1681 δικασταί,
417 1628 495 1683 ὑφ’
528 1626 588 1672 ὦν
617 1630 685 1672 καὶ
714 1631 762 1671 αἱ
787 1631 857 1682 τῆς
890 1631 1022 1682 ξενίας
1044 1630 1248 1683 ἐκρίνοντο
1269 1631 1390 1673 δίκαι.
1422 1633 1471 1672 cf.
1495 1631 1650 1673 Cratin.
1673 1632 1771 1672 233.

186 1690 362 1730 Boeckh.
395 1689 505 1730 Οειο.2
535 1690 555 1730 Ι
594 1691 662 1730 71.
694 1692 718 1730 2
758 1703 847 1730 cum
883 1704 925 1730 n.
958 1691 985 1730 i.
1024 1687 1140 1738 ξένον
1176 1690 1423 1730 Fritzschius
1466 1690 1623 1732 Daetal.
1668 1686 1769 1743 113]

186 1745 316 1799 ξένην.
377 1748 421 1787 in
450 1748 562 1787 exitu
592 1747 792 1799 Sauppius
824 1745 937 1802 (Lys.
961 1748 1012 1788 fr.
1036 1746 1106 1798 10)
1138 1747 1300 1799 supplet
1331 1742 1370 1785 σ’
1405 1744 1613 1798 ἐπιδεῖξαι,
1644 1746 1772 1787 Fritz-

185 1806 318 1846 schius
355 1801 614 1855 άποφαίνειν.
646 1808 740 1856 post
769 1802 962 1857 ἐξαίφνης
1000 1805 1193 1845 facillime
1231 1805 1413 1845 excidere
1451 1806 1614 1856 poterat
1649 1799 1771 1843 ἄπο-

185 1867 252 1914 φῆ
264 1876 355 1902 ναι.
418 1863 487 1902 alii
516 1863 735 1914 inprobum
765 1863 894 1903 filium
931 1863 1027 1904 haec
1062 1863 1187 1914 patri,
1226 1862 1295 1902 alii
1331 1862 1504 1913 probum
1541 1861 1659 1901 fratri
1699 1861 1772 1901 mi·

185 1921 274 1960 nari
305 1921 568 1960 arbitrantur.
629 1923 671 1961 at
700 1923 844 1960 neuter
872 1921 949 1960 hoc
987 1922 1073 1961 sine
1111 1933 1184 1960 suo
1221 1920 1343 1960 simul
1377 1919 1555 1971 periculo
1594 1919 1769 1972 poterat.

186 1990 257 2017 cur
286 1979 320 2018 is
349 1979 419 2028 qui
458 1978 642 2029 loquitur
676 1980 867 2029 naviyare
904 1990 947 2018 se
983 1977 1087 2018 velle
1125 1977 1173 2017 ad
1210 1977 1444 2017 nautodicas
1480 1977 1587 2016 dicat
1622 1977 1769 2026 neseio,

185 2035 266 2075 nisi
295 2035 398 2075 forte
429 2038 638 2076 accusator
668 2034 800 2084 ξενίας
831 2038 879 2075 ut
908 2033 954 2074 ἐν
981 2035 1181 2088 Φρεαττοῖ
1204 2047 1252 2075 ex
1281 2035 1376 2075 navi
1407 2047 1566 2074 eausam
1606 2034 1769 2086 agebat.

935 2169 1020 2213 226

393 2240 429 2291 ὦ
460 2250 688 2306 παρανοία
718 2249 794 2292 καὶ
823 2248 1033 2292 ἀναιδεία

301 2333 537 2373 Eustathius
561 2334 685 2381 1579,
708 2334 764 2373 30
783 2330 852 2371 καὶ
879 2328 906 2383 ἡ
935 2327 1122 2372 άναιδεία
1151 2330 1220 2372 καὶ
1248 2327 1274 2383 ἡ
1305 2331 1484 2385 προνοία,
1515 2325 1576 2372 οἷν
1603 2329 1770 2372 πάντων

187 2387 399 2430 ἐκτείνεται
427 2387 502 2442 μὲν
530 2386 556 2441 ἡ
587 2387 803 2441 τελευταία,
833 2385 859 2440 ἡ
890 2386 936 2428 δὲ
964 2387 1042 2442 πρὸ
1074 2385 1198 2441 αὐτῆς
1229 2385 1424 2438 ὀξύνεται.
1473 2386 1766 2442 Ἀριστοφάνης

188 2448 455 2487 Δαιταλεῦσιν
484 2449 566 2486 κτλ.
596 2445 801 2500 παρανοία
829 2444 985 2500 Dindf.]
1017 2445 1198 2501 προνοία,
1237 2446 1403 2499 πορνεία
1441 2447 1659 2498 Bergkius,
1697 2443 1767 2498 qui

188 2506 238 2544 ad
267 2506 396 2556 patris
425 2505 682 2556 filiorumque
712 2505 1049 2545 concertationem
1077 2505 1174 2544 haec
1202 2504 1340 2544 refert.

936 2640 1019 2683 227

396 2719 471 2762 καὶ
501 2718 720 2763 κόσκινον
749 2717 1015 2776 ἠπήσασθαι
1056 2727 1060 2731 ’

302 2803 519 2854 Phrynich.
553 2804 638 2843 Ecl.
670 2805 722 2844 91
761 2798 930 2855 άκεστὴς
967 2799 1152 2855 λέγουσιν
1189 2800 1231 2840 οἱ
1262 2798 1445 2852 παλαιοί,
1483 2797 1557 2841 οὐκ
1594 2797 1763 2854 ἠπητής.

188 2856 272 2898 ἔστι
299 2856 375 2911 μὲν
402 2856 642 2912 ἠπήσασθαι
662 2858 771 2909 ἅπαξ
800 2857 898 2912 παρ’
929 2856 1205 2913 Ἀριστοφάνει
1234 2855 1279 2898 ἐν
1299 2858 1555 2911 Δαιταλεῦσι,
1584 2858 1765 2907 παίζοντι
