1872 3224
688 824 1288 875 ΑΡΙΣΤΟΦΑΝΗΣ

831 925 1144 985 ΑῙοΛὸΣῙΚῼΝ

312 1047 552 1097 Argument.
585 1046 788 1095 Aristoph.
820 1045 926 1086 Plut.
964 1044 1005 1084 II
1045 1043 1276 1084 τελευταίαν
1305 1041 1350 1084 δὲ
1385 1042 1552 1110 διδάξας
1589 1041 1665 1098 τὴν
1700 1059 1780 1085 κω-

197 1102 352 1158 μῳδίαν
382 1101 532 1153 ταύτην
563 1101 784 1154 (Πλοῦτον)
817 1098 880 1141 ἐπὶ
910 1106 963 1157 τῷ
994 1100 1082 1155 ἰδίῳ
1111 1097 1282 1166 ὀνόματι
1311 1100 1379 1142 καὶ
1415 1094 1484 1142 τὸν
1521 1098 1617 1142 υἱὸν
1653 1098 1783 1144 αὑτοῦ
1833 1098 1840 1104 ’

199 1165 397 1212 συστῆσαι
424 1156 616 1212 Ἀραρότα
647 1162 728 1206 τοῖς
759 1161 926 1207 θεαταῖς
937 1142 1199 1211 βουλόμενος
1230 1173 1286 1198 τα
1316 1155 1563 1199 ὑπόλοιπα
1593 1156 1685 1200 δύο
1713 1154 1778 1200 δι’

200 1216 399 1257 ἐκεῖνον
430 1216 644 1268 καθῆκε,
685 1214 881 1255 Κώκαλον
911 1214 979 1255 καὶ
1018 1215 1385 1256 Αἰολοσίκωνα.
1446 1219 1534 1258 acta
1563 1218 1692 1270 igitur
1718 1220 1783 1259 est

199 1277 293 1326 post
323 1274 386 1315 Ol.
422 1275 488 1323 97,
520 1275 560 1323 4,
593 1277 684 1313 ante
716 1273 779 1314 Ol
813 1276 907 1315 101.
941 1274 993 1313 cf.
1017 1274 1165 1324 Bergk.
1188 1273 1395 1314 Platonius
1415 1275 1516 1314 XIII
1537 1276 1590 1316 28
1621 1274 1780 1319 Duebn.

201 1329 388 1371 ἐπέλιπον
418 1331 459 1370 οἱ
484 1329 710 1383 χορηγοὶ..
736 1360 743 1369 .
772 1328 843 1370 τὸν
861 1336 964 1397 γοῦν
994 1329 1348 1370 Λίολοσίκωνα
1375 1328 1668 1383 Ἀριστοφάνης
1698 1328 1780 1373 ἐδί-

200 1389 334 1441 δαξεν,
363 1383 407 1435 ὃς
437 1384 513 1427 οὐκ
543 1386 620 1439 ἔχει
651 1385 702 1426 τὰ
743 1383 914 1440 χορικά
952 1384 1085 1439 μέλη.
1137 1391 1178 1428 et
1207 1389 1260 1428 38
1293 1387 1482 1428 Αἴολον
1525 1386 1576 1429 τὸ
1619 1387 1783 1486 δρᾶμα

201 1443 242 1486 τὸ
279 1442 436 1498 γραφὲν
472 1448 553 1492 τοῖς
592 1444 808 1513 τραγῳδοῖς
854 1442 1100 1513 διασύρει.
1161 1450 1337 1494 τοιοῦτος
1385 1439 1461 1486 οὖν
1506 1444 1613 1487 ἔστιν
1709 1449 1782 1501 τῆς

110 1516 115 1520 ·
199 1501 323 1555 μέσης
357 1501 573 1571 κωμῳδίας
612 1499 756 1553 τύπος,
801 1497 887 1550 οἷός
920 1500 1026 1541 ἐστιν
1055 1497 1076 1541 ὁ
1108 1501 1430 1543 Αἰολοσίκων
1465 1499 1801 1557 Ἀριστοφάνους“

200 1559 267 1600 καὶ
296 1560 337 1599 οἱ
357 1542 562 1606 Ὀδυσσεῐς
594 1560 808 1612 Κρατίνου.
841 1561 984 1600 chorus
1014 1562 1100 1599 erat
1129 1560 1355 1601 mulierum.
1387 1562 1437 1603 cf.
1470 1563 1519 1601 fr.
1552 1563 1620 1603 10.

314 1617 459 1657 titulus
489 1617 715 1657 comoediae
746 1618 992 1668 compositus
1023 1619 1085 1657 est
1113 1630 1161 1657 ex
1180 1618 1412 1658 nominibus
1432 1618 1545 1659 Aeoli
1565 1618 1781 1670 Homerici,

201 1677 313 1716 cuius
329 1675 549 1714 liberorum
570 1675 766 1714 incestum
786 1674 1001 1725 Euripides
1020 1676 1263 1715 tractaverat
1287 1672 1358 1728 (cf.
1382 1676 1537 1716 Nauck.
1561 1676 1630 1717 Tr.
1650 1689 1711 1730 gr.
1730 1676 1784 1718 fr.

200 1748 240 1784 p.
264 1733 343 1772 291
377 1734 418 1771 et
447 1731 655 1782 Aristoph.
688 1731 795 1771 Nub.
830 1732 952 1771 1371.
984 1733 1085 1774 Ran.
1114 1731 1238 1784 850),
1277 1735 1318 1772 et
1352 1731 1527 1782 siconis,
1560 1746 1783 1785 coquorum

203 1790 316 1841 quasi
336 1782 526 1840 αρχηγοῦ.
559 1789 608 1827 cf.
629 1788 801 1839 Sosipat.
827 1790 877 1828 13
896 1802 956 1839 sq.
979 1802 1117 1829 eorum
1139 1789 1244 1828 enim
1265 1802 1362 1830 usus
1382 1792 1476 1841 post
1498 1791 1648 1830 bellum
1668 1790 1782 1832 Pelo-

202 1846 486 1898 ponnesiacum
523 1845 717 1894 invaluit3
758 1846 928 1896 primam
967 1859 1104 1886 eorum
1143 1846 1390 1886 mentionem
1430 1847 1528 1887 facit
1564 1847 1782 1900 Philyllius

203 1905 251 1944 fr.
287 1905 353 1943 10.
393 1902 443 1942 cf.
474 1902 621 1942 Athen.
657 1904 729 1952 14,
764 1903 845 1943 658
867 1903 1229 1944 f.Meinek.1111
1267 1904 1365 1943 514.
1407 1905 1454 1953 5,
1494 1907 1610 1944 erant
1647 1906 1783 1945 autem
1861 1900 1865 1913 ‘'

202 1962 318 2001 liberi
349 1962 390 1999 et
421 1973 441 1999 e
474 1960 641 1999 macello
673 1960 1010 2000 conducebantur.
1044 1960 1187 2000 Liban.
1220 1960 1350 2012 Epist.
1382 1962 1523 2013 4201)
1526 1962 1783 2016 ,ιρ215φρο-

204 2020 270 2057 νεῖ
292 2013 366 2069 μὲν
401 2017 536 2066 μεῖζον
569 2012 846 2083 Ἀλκιβιαδου,
884 2021 995 2057 ποιεῖ
1025 2014 1070 2058 δὲ
1114 2014 1160 2056 τὰ
1201 2016 1405 2061 Σίκωνος·
1446 2015 1468 2058 ὅ
1506 2033 1543 2058 τι
1583 2015 1630 2058 δὲ
1665 2012 1784 2070 οὗτος

204 2073 312 2126 ἕδρα,
343 2071 411 2112 τὸν
438 2069 734 2126 Ἀριστοφανην
763 2071 868 2126 ἐροῦ.
911 2075 1072 2115 videtur
1101 2076 1218 2126 poeta
1247 2082 1453 2127 antiquam
1490 2076 1539 2116 de
1569 2076 1698 2117 Aeolo
1727 2077 1784 2117 fa-

206 2132 342 2171 bulam
373 2132 432 2170 ita
463 2131 711 2180 tractavisse,
743 2134 789 2171 ut
818 2145 913 2171 suae
944 2133 1064 2172 simul
1094 2133 1239 2172 aetatis
1278 2133 1477 2173 luxuriam
1514 2133 1784 2186 libidinesque

203 2189 442 2228 traduceret.
509 2189 674 2227 nomina
710 2189 858 2228 similia
894 2191 990 2229 sunt
1028 2188 1098 2240 (cf.
1136 2189 1320 2229 Grauert.
1359 2191 1461 2232 Mus.
1498 2190 1625 2230 Rhen.
1664 2190 1784 2231 Nieb.

203 2246 245 2284 II
267 2247 323 2286 50
343 2247 385 2284 et
405 2245 488 2284 499
499 2244 577 2296 sq)
596 2241 998 2297 UHQanletogavfflocg
1023 2243 1430 2300 Διονυσαλέξανδρος,
1461 2243 1785 2299 Οἰδιποθυέστης

206 2299 281 2352 (M.
311 2302 490 2342 Terentii
511 2302 740 2354 Varronis),
773 2300 1075 2355 Θουριοπέρσαι,
1101 2302 1458 2357 Δημοτυνδᾶρεως,
1489 2302 1784 2358 Δημοσατυροι,

211 2356 496 2409 Τιτανόπανες,
531 2357 931 2412 Μυρμηκανθρωποι
961 2363 1036 2400 cet.
1068 2361 1118 2402 cf.
1150 2362 1273 2401 etiam
1303 2361 1441 2402 Cobet.
1472 2361 1570 2402 Obs.
1603 2362 1693 2402 crit.
1715 2358 1783 2403 53.

207 2419 254 2512 ld
286 2419 466 2513 fcetegum
506 2417 653 2467 duplex
692 2417 851 2457 fabulae
895 2418 1019 2458 editio
1058 2418 1237 2459 exstitit:
1277 2419 1326 2458 cf.
1364 2431 1466 2470 quae
1501 2419 1784 2460 adnotavimus

206 2488 228 2512 a
303 2488 323 2513 r
396 2505 406 2516 .

987 2564 1008 2605 1

618 2639 713 2696 ἥκω
747 2643 1008 2695 Θεαρίωνος
1038 2639 1326 2697 ἀρτοπώλιον

619 2709 780 2765 λιπών,
810 2707 873 2752 ἵν’
907 2708 1003 2753 ἐστὶ
1033 2710 1262 2767 κριβανων
1292 2710 1471 2754 ἑδώλια.

325 2803 555 2847 Athenaeus
586 2805 628 2853 3,
663 2805 775 2843 1120
805 2797 923 2851 οὗτός
955 2801 1037 2844 ἐστι
1074 2803 1255 2858 Θεαρίων
1283 2801 1305 2843 ὁ
1334 2800 1564 2857 ἅρτοποιός,
1600 2797 1651 2843 οὗ
1685 2819 1784 2857 μνη-

209 2852 401 2911 ffoveviet.
416 2856 755 2912 ..Ἀριστοφανης
780 2858 825 2900 ἐν
846 2857 1060 2917 Γηρυταδῃ
1079 2860 1147 2902 καὶ
1167 2860 1434 2902 Αἰολοσίκωνι
1448 2859 1514 2901 δια
1532 2856 1684 2902 τούτων
1701 2863 1784 2904 κτλ.
