1872 3224
219 195 273 237 34
414 155 416 157 V
853 179 1105 217 KPArmor

894 283 961 325 69.
1024 282 1078 324 70

643 370 798 420 Δωροῖ
824 362 1103 406 συκοπέδιλε.

639 434 841 482 τέκτονες
871 429 1142 484 εὐπαλάμων
1171 426 1343 483 ὕμνων.

329 533 610 582 Aristophanes
640 530 713 579 Eq.
746 529 839 567 529.
875 527 929 565 30
960 518 1056 579 ᾆσαι
1086 519 1125 561 δ’
1167 517 1240 560 οὐκ
1269 522 1323 572 ἠν
1353 517 1398 558 ἐν
1428 516 1635 572 ξυμποσίῳ
1663 513 1771 569 πλὴν
1840 533 1872 574 ι»,

222 594 375 643 (Δωροῖ
398 585 648 628 συκοπέδιλε’
681 583 746 623 καὶ
778 581 969 629 ετέκτονες
1001 577 1241 630 εὐπαλάμων
1269 576 1450 629 ὕμνων’·
1482 572 1611 623 οὕτως
1640 570 1773 626 ἤνθη-

220 660 288 688 σεν
316 646 477 692 ἐκεῖνος.
511 645 638 684 Schol.
670 640 869 693 Κρατίνου
889 637 1032 691 μέλους
1061 633 1175 688 ἀρχή.
1208 634 1405 674 σκώπτων
1435 631 1480 672 δέ
1509 646 1600 672 τινα
1620 627 1774 696 ἐκεῖνος

220 703 445 756 δωροδόκον
481 700 549 740 καὶ
585 697 842 749 συκοφάντην
871 701 985 735 τοῦτο
1015 689 1137 734 εἶπεν.
1184 693 1326 732 deinde
1364 692 1413 730 ad
1443 688 1621 736 τέκτονες
1650 690 1773 733 svau·
1847 698 1872 743 4ζ’,

220 759 348 812 λάμων
378 758 535 811 ὕμνων·
567 755 633 796 καὶ
662 761 775 794 τοῦτο
804 751 847 792 δὲ
882 751 925 792 ἐκ
955 757 1035 791 τῶν
1071 747 1284 790 Εὐνειδῶν
1313 747 1528 801 Κρατίνου.
1566 746 1675 802 unde
1705 745 1773 792 ad—
1850 739 1872 815 ᾗ

220 821 333 869 paret
369 820 582 866 utrumque
619 826 775 853 carmen
813 811 1058 850 Eunidarum
1096 809 1228 850 fuisse.
1274 806 1445 857 Hesyeh.
1480 806 1617 856 Δωροῖ
1648 813 1775 843 συκο-
1850 814 1872 871 33

221 873 370 913 πέδιλε’
400 871 634 926 παρῳδεῖται
662 874 775 909 τοῦτο
796 866 838 907 ἐκ
860 867 938 906 τῶν
958 863 1133 918 ἀρχαίων
1151 863 1393 916 ποιημάτων.
1427 863 1531 914 apud
1553 860 1776 917 Hesiodum
1856 880 1872 920 3¹.

223 933 368 982 Theog.
397 931 478 969 454
509 931 569 968 est
586 926 694 979 ‘'I-1927
724 922 1024 978 χρυσοπέδιλος,
1062 936 1160 973 quae
1199 937 1245 962 ex
1275 921 1447 961 Hesiodo
1487 919 1613 959 inlata
1641 919 1704 959 est
1731 917 1775 960 in

223 989 338 1028 Hom.
371 987 443 1027 Od.
478 989 540 1034 11,
574 986 664 1025 604.
695 996 838 1023 nomen
871 978 995 1033 Δωρώ
1024 981 1139 1019 finxit
1167 980 1215 1019 ad
1246 979 1473 1030 analogiam
1505 989 1644 1017 eorum
1672 986 1776 1038 qua?

222 1045 511 1095 usurpabantur
541 1042 588 1080 ab
618 1042 764 1080 Atticis
799 1037 955 1088 Θαλλώ,
987 1035 1152 1089 Καρπώ,
1182 1032 1313 1084 Αὐξώ.
1353 1035 1493 1075 eodem
1531 1033 1648 1073 modo
1679 1031 1785 1098 dic?
1854 1040 1872 1087 ³1}

222 1106 287 1141 tur
330 1113 533 1140 avarorum
576 1099 777 1137 hominum
822 1097 933 1135 deam
979 1095 1139 1135 finxisse
1190 1091 1316 1142 Δεξώ.
1369 1092 1545 1143 Hesych.
1598 1085 1777 1143 Ἐμβλω·
1814 1111 1815 1114 =
1854 1111 1872 1145 5

223 1155 438 1196 πέπλασται
466 1153 570 1206 παρὰ
592 1153 633 1193 τὸ
656 1151 879 1206 ἐμβλέπειν·
911 1149 1010 1203 ὥςὴ
1042 1149 1168 1203 Λωρώ
1195 1149 1262 1189 καὶ
1294 1148 1429 1201 Δεξώ,
1460 1149 1530 1188 ubi
1550 1147 1779 1188 Lobeckiufl
1856 1154 1872 1188 ῗ

224 1215 376 1254 Pathol.
406 1214 505 1264 prol.
538 1214 589 1251 36
620 1212 710 1250 adn.
743 1213 794 1250 36
833 1207 939 1261 παρὰ
977 1207 1018 1248 τὸ
1050 1207 1241 1260 ἕμβλῆναι
1277 1208 1412 1258 potius
1450 1206 1589 1246 fictum
1620 1202 1779 1245 esseid

224 1284 366 1310 nomen
404 1271 638 1316 arbitratur,
680 1269 771 1320 quia
808 1272 887 1305 τῶν
916 1260 1251 1318 δωροδοκούντων
1271 1277 1365 1316 “vox
1396 1264 1449 1303 sit
1478 1261 1622 1315 ἔμβαλε
1653 1258 1779 1316 κυλλῇ

226 1326 366 1378 (Arist.
401 1327 474 1377 Eq.
509 1325 646 1377 1083).
694 1326 743 1364 cf.
782 1325 901 1363 etiam
939 1324 1085 1375 Bergk.
1123 1323 1169 1362 R.
1207 1335 1238 1362 c.
1276 1322 1361 1362 Att.
1396 1323 1462 1361 69.
1503 1342 1559 1349 —
1597 1316 1777 1366 τέκτονες
1854 1323 1871 1375 ,ζ

224 1382 363 1432 ὕμνων
391 1385 526 1433 poetas
565 1383 659 1421 dicit
696 1382 744 1420 ad
784 1382 1084 1421 similitudinem
1122 1380 1285 1419 Pindari
1315 1379 1434 1430 Pyth.
1467 1379 1505 1427 3,
1539 1378 1620 1417 113
1653 1372 1776 1431 (200)
1859 1420 1872 1428 ,Ὗ

225 1439 466 1491 Σαρπηδόνα
497 1468 505 1477 .
538 1468 545 1475 .
579 1470 586 1478 .
619 1436 658 1486 ἐξ
698 1435 851 1477 ἐπέων
887 1436 1223 1488 κελαδεννῶν,
1265 1433 1496 1482 τέκτονες
1536 1428 1602 1474 οἷα
1631 1429 1779 1484 σοφοὶ

225 1495 420 1549 ἅρμοσαν,
450 1494 730 1548 γιγνώσκομεν.
761 1496 875 1536 Nem.
909 1496 947 1544 3,
979 1497 1002 1532 4
1036 1493 1099 1546 (7)
1130 1491 1377 1545 μελιγαρύων
1408 1491 1587 1539 τέκτονές
1617 1485 1777 1542 κώμων.
1860 1490 1862 1494 '

336 1554 543 1592 Praeterea
578 1553 667 1591 huic
707 1553 860 1591 fabulae
899 1552 1094 1602 Bergkius
1133 1552 1197 1603 (R.
1237 1564 1269 1590 c.
1309 1551 1392 1592 Att.
1432 1547 1505 1603 71)
1543 1549 1689 1588 tribuit
1726 1547 1789 1598 fr..

228 1612 320 1658 310,
351 1610 455 1660 quod
485 1610 720 1649 Fritzschius
750 1608 840 1660 (Qu.
872 1609 995 1647 Arist.
1029 1609 1127 1660 241)
1161 1609 1211 1647 ad
1241 1608 1500 1647 Archilochos
1529 1606 1664 1647 refert.

881 1743 1113 1777 ΘΡΑΙΤΤΑΙ

338 1826 545 1876 Inscriptio
566 1826 720 1864 fabulae
743 1825 918 1878 Θρᾷτται
939 1826 1059 1864 fuerit
1078 1839 1127 1863 an
1153 1824 1335 1879 Θρᾷσσαι
1362 1825 1505 1865 nescio.
1537 1824 1781 1875 antiquiores

231 1882 332 1920 enim
364 1882 487 1921 Attici
515 1879 730 1920 θάλασσαν
750 1882 951 1931 dicebant,
974 1895 1054 1921 non
1072 1880 1298 1932 θάλατταν,
1330 1883 1488 1922 similia.
1519 1882 1608 1921 Ael.
1629 1881 1782 1933 Diony-

232 1939 310 1977 sius
326 1940 427 1988 apud
440 1939 618 1978 Eustath.
637 1940 793 1987 813,42
806 1953 860 1989 sq.
882 1942 1019 1977 narrat
1033 1940 1207 1989 primum
1223 1939 1429 1987 Periclem,
1453 1939 1594 1978 deinde
1609 1939 1780 1980 comicos
1865 1968 1868 1972 ,

231 1996 590 2043 pronuntiationem
623 2009 760 2035 vocum
789 1997 845 2035 ita
874 1997 1100 2044 novavisse,
1134 1999 1179 2035 ut
1207 2006 1257 2034 σσ
1287 1998 1627 2035 transmutaretur
1653 1996 1696 2035 in
1725 2008 1780 2035 η’.
1855 2029 1859 2031 .

232 2053 346 2100 atque
375 2053 420 2089 ut
450 2053 549 2101 apud
579 2053 846 2102 Thucydidem
887 2053 1090 2103 antiquius
1127 2054 1326 2093 scribendi
1364 2066 1492 2104 genus
1531 2053 1693 2103 mansit,
1723 2053 1782 2096 ita

233 2108 334 2156 apud
369 2108 651 2158 Antiphontem
690 2119 734 2146 σσ
767 2111 893 2148 multo
930 2110 1177 2160 frequentius
1215 2113 1276 2150 est
1313 2124 1431 2161 quam
1470 2124 1525 2149 ττ.
1578 2110 1780 2160 Cratinus,

234 2165 266 2202 si
303 2165 500 2204 codicibus
535 2166 630 2205 fides
667 2169 744 2214 est,
783 2168 824 2204 in
861 2167 1054 2206 trimetris
1098 2181 1222 2217 paene
1259 2181 1416 2218 semper
1454 2181 1514 2216 ττ,
1552 2167 1595 2206 in
1625 2167 1782 2207 melicis
1838 2194 1872 2200 .-

234 2221 367 2258 metris
411 2222 684 2272 epicorumque
728 2237 913 2263 versuum
951 2224 1144 2273 parodiis,
1194 2229 1241 2264 ut
1277 2225 1566 2275 Aristophanes
1604 2233 1672 2273 σσ,
1711 2223 1783 2265 sod

234 2276 351 2314 etiam
389 2277 436 2316 fr.
478 2280 555 2316 175
591 2281 783 2331 γλῶσσαν,
829 2281 909 2319 344
937 2280 1230 2331 ,ναρκισσίνους
1262 2279 1341 2335 (‘?),
1388 2282 1471 2321 364
1507 2280 1782 2329 πισσοκωνίας

227 2330 345 2383 ’Ἀρης
376 2334 416 2371 in
446 2336 621 2375 versibus
651 2337 719 2385 qui
749 2339 818 2375 aut
847 2337 1006 2376 iambici
1036 2340 1106 2377 aut
1135 2339 1325 2378 trochaici
1353 2339 1556 2378 videntur.
1764 2366 1768 2376 ,.

346 2391 430 2427 acta
460 2393 657 2431 comoedia
688 2393 843 2432 videtur
873 2393 934 2433 Ol.
967 2395 1033 2443 84,
1059 2397 1103 2444 1,
1135 2395 1330 2445 siquidem
1363 2394 1425 2435 Ol.
1458 2397 1526 2445 83,
1549 2396 1575 2434 4
1605 2395 1783 2436 Pericles

238 2446 425 2483 testarum
455 2449 683 2499 suffragium
704 2451 906 2501 effugerat.
930 2454 1208 2501 argumentum
1230 2453 1279 2491 ad
1300 2453 1505 2499 Bendidis,
1537 2453 1634 2493 deae
1655 2453 1780 2492 Thra·

237 2502 330 2549 ciae,
361 2515 470 2541 sacra
489 2506 670 2554 pertinet,
702 2507 931 2557 videturque
964 2509 1104 2548 chorus
1136 2523 1182 2547 ex
1202 2509 1436 2549 mulieribus
1471 2510 1649 2551 Thraciis
1679 2510 1783 2550 Ben-

239 2557 318 2595 didi
348 2561 598 2607 operantibus
628 2564 866 2613 compositus
905 2565 1036 2604 fuisse.
1077 2565 1221 2616 Bergk.
1260 2567 1308 2608 R.
1341 2580 1373 2607 ο.
1414 2567 1499 2608 Att.
1538 2569 1604 2606 76.
1638 2568 1704 2607 78.
1743 2567 1783 2607 9.

239 2614 415 2652 87—91.
446 2615 612 2671 Boeckh.
635 2618 776 2668 Opusc.
798 2620 880 2659 IIII
901 2621 994 2659 449.
1026 2615 1123 2660 nam*
1147 2624 1268 2661 etiam
1299 2623 1333 2663 si
1362 2626 1459 2663 tunc
1478 2623 1670 2664 Bendidis
1701 2623 1783 2664 cul-

239 2672 301 2733 tus
331 2671 483 2719 publice
512 2675 684 2713 nondum
714 2679 896 2726 receptus
926 2679 1031 2729 erat,
1063 2680 1248 2728 privatim
1281 2694 1390 2719 sacra
1424 2682 1508 2721 eius
1536 2681 1784 2732 aliquamdiu
1823 2717 1826 2719 Α
1870 2678 1872 2722 ff

240 2726 425 2764 videntur
455 2729 647 2769 celebrata
676 2745 770 2774 esse.
808 2734 856 2772 cf.
895 2747 993 2783 quae
1023 2735 1071 2772 ad
1102 2736 1150 2776 fr.
1190 2737 1244 2775 30
1274 2738 1552 2778 adnotavimus
1584 2740 1625 2778 et
1639 2738 1780 2780 ·Arist.

239 2782 286 2819 fr.
318 2784 410 2838 365.
450 2787 639 2835 templum
681 2789 773 2828 deae
811 2791 852 2828 in
880 2790 1042 2830 Piraeeo
1072 2789 1238 2831 Euclide
1270 2794 1457 2834 archonte
1496 2797 1783 2835 commemorat

240 2838 336 2875 Xen.
367 2839 472 2879 Hell.
504 2843 540 2890 2,
571 2845 610 2892 4,
644 2848 705 2882 11.
