1872 3224
644 206 853 243 ΑΔΗΛΩΝ
879 210 1151 246 ΔΡΑΜΑΤῼΝ
1602 217 1688 260 219

41 317 58 371 ’ᾗ
105 308 204 353 Vita
233 309 444 360 Euripidis
475 310 617 351 Elmsl.
650 313 792 366 Eurip.
825 315 969 356 Bacch.
1000 331 1039 367 p.
1065 319 1287 370 172.Lips.
1319 319 1432 360 δοκεῖ
1458 317 1567 360 αὐτῶ
1598 322 1691 374 (Eu-

106 364 250 433 ripidi)
281 365 350 406 καὶ
389 366 610 421 Σωκράτης
650 366 671 409 ὁ
704 370 924 423 φιλόσοφος
963 372 1030 413 καὶ
1062 375 1321 429 Μνησίλοχος
1352 362 1692 430 συμπεποίηκέναι

29 419 42 461 :f
106 439 208 478 τινα,
238 422 294 490 ὥς
324 435 425 476 φησι
460 426 742 480 Τηλεκλείδης·
778 430 1106 483 Μνησίλοχος
1137 430 1188 472 δὲ
1219 432 1410 484 ἐκεῖνος
1432 436 1692 490 Φρυγικόν

105 497 151 523 τι
191 481 355 536 δραμα
401 482 584 523 καινὸν
628 482 886 542 Εὐριπίδῃ
927 487 1006 528 καὶ
1053 490 1322 544 Σωκράτης
1361 490 1688 547 ὑποτίθησιν.

10 547 25 589 J
107 541 367 593 transscripsi
397 541 630 593 fragmenta
660 546 706 584 ut
737 548 898 586 exstant
926 548 968 585 in
999 547 1141 587 Cobeti
1172 550 1362 593 editione.
1399 544 1599 607 Εὐριπίδῃ
1619 567 1690 605 pro

42 621 48 628 ·
104 594 335 651 Εὐριπίδης
374 597 566 640 Cobetus.
612 615 682 659 ⁶v.
717 604 753 642 2.
786 605 810 642 3
850 604 1016 644 Pierson
1053 619 1116 656 ap.
1158 607 1347 651 Valeken.
1386 610 1516 650 Diatr.
1561 612 1611 650 14
1650 615 1691 650 et

0 653 22 725 Ξῖ
102 660 196 697 ante
227 670 319 696 eum
351 657 564 709 Menagius
595 659 626 714 (ῥ
658 657 727 699 καὶ
757 657 803 699 τὰ
846 657 1024 714 φρύγαν’
1057 659 1279 714 ὑποτίθησι
1314 663 1541 719 Σωκράτης.
1593 669 1690 708 Din-

14 715 19 725 .
1400 721 1409 735 ι

105 714 255 756 dorfius
285 714 496 766 Aristoph.
527 716 578 755 fr.
612 730 652 768 p.
686 718 739 757 23
780 717 1039 771 Μνησίλοχός
1079 718 1158 759 ἔστ’
1192 720 1366 774 ἐκεῖνος,
1398 722 1441 771 ο“ς
1481 724 1623 778 φρύγει
1654 741 1689 764 τι

103 772 240 826 δρᾶμα
269 770 412 812 καινὸν
439 774 445 824 Ι
472 769 702 829 Εὐριπίδῃ,
734 774 802 815 καὶ
833 776 1051 829 Σωκράτης
1084 776 1130 817 τά
1162 773 1339 833 φρύγαν’
1373 778 1606 834 ὑποτίθησι,
1640 784 1688 822 de

14 835 18 839 ’
101 831 241 871 fabula
273 831 340 883 agi
363 844 532 872 monens
562 846 644 872 non
675 834 754 872 iam
787 835 980 884 confecta,
1012 836 1079 875 sed
1104 850 1206 888 quae
1229 852 1334 878 nunc
1366 839 1498 890 ipsum
1519 842 1689 881 fortasse

101 889 143 929 in
164 888 331 929 aedibus
353 889 560 941 Euripidis
581 894 851 942 praeparetur.
882 906 929 933 ex
945 883 1152 942 Ἡσιόδοις
1173 897 1321 946 petitos
1351 910 1435 937 esse
1456 898 1529 937 hos
1550 912 1688 938 versus

102 947 293 999 opinatur
322 960 364 998 p.
385 946 459 987 IV.
489 948 597 987 idem
629 949 803 989 alterum
834 964 993 1002 quoque
1023 952 1311 1003 fragmentum,
1345 968 1367 992 a
1396 955 1576 1006 Diogene
1598 957 1687 995 Ari·
1770 973 1772 975 >

101 1005 292 1056 stophani
321 1005 539 1054 tributum,
580 1006 773 1047 Teleelidi
813 1009 1017 1049 adiudicat
1052 1011 1231 1051 scribens
1271 1007 1499 1062 Εὐριπίδης
1531 1035 1584 1040 -—-
1616 1011 1686 1060 τὰς

103 1057 480 1115 σωκρατογόμφους.
514 1066 655 1104 contra
685 1065 868 1115 disputat
898 1067 1144 1108 Fritzschius
1178 1069 1252 1116 Qu.
1285 1070 1413 1109 Arist.
1440 1071 1519 1110 152
1530 1083 1600 1122 sq.‚
1621 1072 1686 1110 ad-

102 1121 279 1161 sentitur
309 1120 510 1172 Bergkius
542 1119 683 1172 (Mein.
715 1123 757 1161 Π
791 1123 935 1176 1106).
967 1125 1234 1176 Aristophani
1275 1127 1450 1166 alterum
1488 1128 1686 1179 fragmen-

103 1180 191 1218 tum
220 1178 357 1218 reddit
378 1178 514 1219 Meier.
538 1178 686 1231 Opusc.
708 1181 748 1219 Π
771 1183 852 1221 309
865 1182 924 1232 sq.
959 1183 1204 1224 Fritzschius
1237 1185 1413 1236 denique
1443 1186 1504 1224 De
1524 1189 1685 1226 retract.

102 1237 152 1276 ab
184 1236 311 1276 Arist.
345 1236 426 1276 fab.
458 1236 497 1275 V
522 1239 575 1277 10
610 1233 631 1276 ὁ
663 1237 923 1290 Μνησίλοχος
955 1236 996 1278 δ’
1027 1238 1196 1280 ἐκεινοσὶ
1226 1241 1429 1294 φρύγουσι
1458 1239 1689 1295 (φρύγοντι)

100 1293 236 1345 δρᾶμα
266 1291 411 1332 καινὸν
436 1294 443 1344 1
470 1291 688 1357 Εὐριπίδη
706 1294 774 1335 καὶ
804 1295 1012 1349 Σωκράτει
1050 1290 1097 1337 τά
1128 1296 1306 1351 φρύγαν’
1339 1295 1571 1350 ὑποτίθησι,
1621 1299 1687 1339 καὶ

36 1393 38 1395 ,
76 1349 226 1391 ’πάλιν
256 1350 317 1403 (p.
341 1348 386 1406 6)
418 1347 616 1407 (γνώμας)
648 1353 1196 1407 ευριπιδοσωκρατογόμφους
1230 1355 1484 1409 (sententias
1524 1359 1687 1408 Euripi-

100 1410 164 1450 dei
191 1410 364 1450 Socratis
393 1411 501 1451 clavo
531 1412 795 1466 compactas')
822 1441 831 1450 .
849 1443 857 1451 .
879 1443 888 1452 .
915 1411 983 1452 καὶ
1011 1409 1303 1466 Ἀριστοφάνης
1334 1413 1538 1465 Νεφέλαις
1559 1411 1618 1467 (p.
1644 1415 1685 1466 9)

100 1463 331 1523 Εὐριπίδου
353 1463 393 1506 δ’
417 1489 473 1495 —
495 1465 565 1516 τὰς
596 1465 885 1522 περιλαλούσας
916 1472 997 1511 κτλ.
1029 1472 1128 1511 mihi
1149 1472 1246 1512 haec
1275 1473 1456 1523 quaestio
1477 1486 1558 1512 non
1580 1473 1685 1513 vide-

101 1527 169 1565 tur
204 1525 253 1564 ad
291 1524 494 1577 liquidum
529 1527 694 1578 perduci
728 1541 860 1579 posse.

873 1653 926 1694 41

218 1731 471 1787 Χαρικλέης
500 1730 585 1786 μὲν
616 1726 704 1775 οὖν
734 1733 876 1776 ἔδωκε
906 1735 1050 1790 μνᾶν,
1082 1732 1147 1776 ἵν’
1180 1731 1323 1776 αὐτὸν
1352 1732 1411 1789 μή
1445 1733 1552 1790 λέγῃ

219 1797 279 1851 ὥς
310 1801 400 1855 ἔφυ
431 1801 486 1856 τῇ
516 1800 652 1856 μητρὶ
683 1802 862 1844 παίδων
893 1805 1070 1857 πρῶτος
1102 1803 1153 1846 ἐκ
1183 1804 1478 1858 βαλλαντίου.

217 1869 432 1925 τέτταρας
464 1867 514 1911 δὲ
545 1871 661 1926 μνᾶς
691 1871 834 1913 ἔδωκε
865 1873 1032 1922 Νικίας
1063 1871 1351 1927 Νικηράτου·

217 1931 285 1982 ὦν
315 1936 358 1981 δ’
391 1938 517 1982 ἕκατι
547 1936 670 1982 τοῦτ’
703 1939 868 1994 ἔδωκε,
900 1942 1064 1996 καίπερ
1097 1935 1149 1983 εὖ
1181 1939 1311 1991 εἰδώς
1342 1939 1429 1995 ἐγώ

166 2017 187 2048 5
219 2005 305 2051 οὐκ
338 2007 447 2062 ἐρῶ·
482 2009 617 2063 φίλος
645 2006 735 2062 γάρ
766 2006 909 2064 ἁνήρ,
943 2016 1207 2065 σωφρονεῖν
1237 2009 1289 2051 δέ
1316 2024 1390 2064 μοι
1421 2009 1559 2052 δοκεῖ.

215 2103 456 2143 Plutarchus
486 2103 575 2142 Nic.
607 2104 633 2141 4
666 2099 803 2142 ἐδίδου
840 2100 915 2155 γὰρ
949 2101 1137 2159 (Νικίας)
1177 2101 1248 2156 οὐχ
1287 2097 1408 2155 ἧττον
1438 2107 1519 2152 τοῖς
1550 2109 1684 2151 κακῶς

101 2163 234 2200 ποιεῖν
263 2157 505 2212 δυναμένοις
535 2156 563 2212 ἢ
583 2163 664 2208 τοῖς
696 2154 743 2199 εὖ
763 2159 934 2212 πάσχειν
962 2157 1101 2211 άξίοις.
1136 2191 1145 2202 .
1180 2193 1190 2202 .
1227 2160 1487 2212 Τηλεκλείδης
1516 2158 1591 2213 μὲν
1610 2154 1684 2214 γάρ

101 2217 161 2265 εἴς
192 2231 282 2257 τινα
312 2223 394 2257 τῶν
424 2223 696 2268 συκοφαντῶν
715 2217 828 2258 ταυτὶ
858 2218 1067 2269 πεποίηκε·
1099 2216 1325 2271 Χαρικλέης
1346 2221 1428 2259 κτλ.
1460 2217 1684 2269 Χαρικλέης

100 2276 253 2327 Reisig.
286 2275 467 2316 Oonieet.
501 2271 570 2331 63]
605 2275 821 2327 Χαρικλῆς.
855 2278 906 2316 ef.
942 2291 1043 2328 quae
1065 2278 1256 2317 adnotavi
1287 2278 1337 2317 ad
1360 2277 1565 2328 Aristoph.
1587 2274 1685 2327 Eq.²

103 2335 199 2373 ⁸283.
233 2326 310 2372 οὖν
339 2331 383 2386 x]
418 2329 504 2372 οὐκ.
584 2335 622 2372 2.
644 2334 885 2386 βαλλαντίου
918 2333 972 2387 Α]
1006 2334 1236 2386 βαλαντίου.
1312 2335 1351 2374 4.
1374 2331 1514 2386 ἔδωκε]
1547 2331 1684 2385 ἔδρασε

102 2390 279 2431 Cobetus
310 2391 363 2430 N.
395 2391 423 2434 1.
458 2393 551 2430 151.
584 2405 629 2431 ac
659 2391 824 2432 videtur
854 2389 976 2431 ἔδωκε
1007 2407 1054 2432 ex
1084 2392 1266 2432 versibus
1293 2391 1566 2443 superioribus
1596 2404 1683 2441 per-

102 2462 238 2500 peram
268 2449 487 2499 repetitum
519 2462 618 2490 esse.
651 2446 726 2502 ἐγώ
758 2462 834 2489 om.
868 2449 910 2489 O.

219 2504 415 2547 Charicles
452 2504 618 2558 ζητητὴς
664 2509 751 2547 erat
789 2508 1031 2547 constitutus
1069 2508 1110 2546 in
1150 2520 1215 2547 eos
1253 2507 1321 2557 qui
1359 2506 1406 2545 de
1446 2506 1604 2545 Hermis
1644 2507 1684 2545 et

102 2564 308 2616 mysteriis
339 2566 512 2604 accusati
543 2566 678 2604 essent
708 2564 882 2618 (Andoe.
918 2567 953 2612 1,
981 2564 1068 2615 36),
1101 2565 1164 2604 Ol.
1197 2567 1263 2612 91,
1287 2565 1313 2602 4
1343 2565 1508 2614 praetor
1536 2564 1682 2603 missus

101 2621 143 2660 in
174 2622 413 2661 Laconicam
447 2619 582 2674 (Diod.
618 2623 682 2671 13,
716 2624 754 2662 9.
789 2622 913 2662 Thue.
940 2624 975 2671 7,
1002 2623 1067 2661 20.
1092 2622 1179 2672 26).
1213 2622 1318 2660 inter
1347 2621 1518 2671 triginta
1547 2623 1681 2671 tyran-

102 2692 176 2719 nos
207 2681 392 2730 receptus
432 2693 499 2719 eos
531 2680 722 2731 acerrime
753 2680 912 2719 vexavit
949 2679 1018 2730 qui
1055 2679 1439 2729 quadringentorum
1470 2678 1682 2728 imperium

101 2749 183 2776 non
205 2737 468 2777 adiuvissent.
501 2738 655 2776 Andoc.
682 2739 717 2785 1,
744 2739 836 2776 101.
868 2737 968 2776 Xen.
986 2736 1092 2775 Hell.
1115 2737 1154 2784 2,
1176 2737 1214 2784 3,
1233 2737 1271 2774 2.
1305 2736 1470 2774 Memor.
1497 2737 1530 2784 1,
1556 2737 1593 2783 2,
1613 2736 1680 2773 31.

102 2793 199 2845 Lys.
233 2795 299 2842 12,
331 2796 400 2834 55.
430 2794 555 2834 Isocr.
591 2796 657 2843 16,
689 2795 757 2832 42.
790 2794 936 2845 Bergk.
969 2795 1016 2834 R.
1049 2807 1081 2833 c.
1114 2794 1200 2832 Att.
1233 2794 1331 2832 329.
1363 2794 1431 2832 30.
1481 2805 1561 2843 quo
1583 2795 1682 2831 tem-

102 2864 200 2901 pore
229 2851 326 2891 haec
356 2865 379 2890 a
408 2852 607 2892 Teleclide
638 2852 789 2902 scripta
820 2854 925 2899 sunt,
958 2849 1090 2899 ξενίας
1121 2848 1242 2899 δίκην
1278 2850 1442 2889 videtur
1479 2850 1680 2900 effugisse.

102 2908 261 2950 Niciam
306 2909 540 2962 Hyperbolo
583 2910 794 2962 pecuniam
841 2909 998 2949 dedisse
1043 2907 1374 2948 Wilamowitzius
1412 2909 1547 2947 censet
1585 2906 1679 2946 obs.
