1872 3224
247 210 325 252 186
833 193 1201 232 ΦΕΡΕΚΡΑΤΟΤΣ

985 296 1064 338 140

356 391 499 430 Athen.
534 388 596 436 15,
621 386 730 425 690f
755 377 975 434 ὠνομάσθη
1006 383 1122 418 τοῦτο
1153 373 1495 431 (Μεγάλλειον
1522 370 1700 426 μύρον)
1730 362 1823 427 ἇπῇν

245 446 457 501 Μεγάλλου
495 449 566 484 τοῦ
605 439 854 481 Σικελιώτου.
914 437 954 477 οἱ
979 435 1018 475 δ’
1053 431 1278 486 Ἀθηναῖόν
1314 441 1441 482 φασιν
1477 424 1582 470 εἶναι
1621 427 1692 470 τὸν
1721 426 1813 484 Ml-

243 507 396 560 γαλλον.
453 499 689 554 μνημονεύει
732 494 771 536 δ’
818 492 942 535 αὐτοῦ
977 490 1268 543 Ἀριστοφάνης
1313 487 1358 528 ἐν
1407 489 1698 540 Τελμησσεῦσι,
1735 481 1834 529 καὶ

242 557 486 614 Φερεκράτης
517 557 559 598 ἐν
591 551 763 610 Πετάλῃ.
806 553 978 604 Hesych.
1003 547 1249 589 Μετάλλειον
1279 545 1427 599 μύρον·
1461 575 1470 586 .
1495 575 1504 585 .
1529 577 1539 587 .
1569 535 1814 599 μνημονεύέὶ

244 617 287 659 δὲ
316 615 382 657 καὶ
412 611 658 668 Φερεκράτης
698 610 743 652 ἐν
772 610 818 666 τῇ
850 607 1020 663 Πετάλῃ.
1067 608 1186 647 Phot.
1223 599 1515 657 Μεγάλλ(ε)ιον
1551 598 1700 655 μύρον·
1728 593 1811 648 ἆπό

243 681 312 716 τοῦ
343 671 558 726 εὑρομένου
589 670 661 722 τὴν
691 665 944 718 κατασκευὴν
980 662 1106 704 αὐτοῦ
1146 659 1364 715 Μεγάλλου
1402 657 1672 700 Σικελιώτου·
1709 654 1814 713 λέγει’

243 730 289 772 δὲ
318 730 385 770 καὶ
415 730 665 782 Θεόφραστος
697 727 751 774 εἰς
783 723 824 764 τὸ
854 722 943 777 περὶ
972 718 1109 773 ὀσμῶν
1140 718 1213 772 τὴν
1243 715 1498 769 κατασκευὴν
1535 716 1607 757 τοῦ
1644 710 1811 770 Μεγαλὲ

242 789 346 829 λείου
369 785 470 842 (cod.
493 788 713 839 μεγαλοῖον,
735 782 921 835 μεγάλου,
943 775 1183 832 μεγαλοίου).
1219 776 1451 827 saepissime
1480 775 1581 816 falso
1602 770 1813 823 Μέταλλος

244 851 283 886 el:
314 842 607 896 Μετάλλ(ε)ιον.
638 842 807 892 Hesych.
833 836 1038 883 Μέταλλος
1068 831 1141 888 γάρ
1172 849 1229 882 τις
1253 830 1494 883 Σικελιώτης
1524 829 1600 884 τὴν
1627 836 1700 871 τσῦ
1720 832 1812 871 Με-

245 901 419 942 ταλλείου
448 900 575 952 μύρου
605 895 854 948 κατασκευὴν
884 889 1011 947 εὗρεν.
1070 894 1119 935 cf.
1153 892 1384 932 Schneider.
1418 889 1616 941 Theophr.
1636 890 1688 930 fr.
1706 889 1750 940 4,
1773 890 1812 939 6,
1843 894 1846 899 ’

246 964 312 1000 30.
343 959 545 1008 Aristoph.
576 959 626 996 fr.
660 957 754 995 535.
787 953 968 993 Stratffid.
1002 953 1067 990 33.
1779 990 1782 995 Ι
1858 971 1859 974 ,

359 1017 567 1055 Praeterea
606 1014 736 1053 Petale
774 1011 1104 1051 commemoratur
1142 1006 1253 1046 Suid.
1284 1005 1347 1045 III
1387 1006 1469 1045 592
1503 1001 1664 1056 (Mein.)
1693 1002 1813 1056 Φερε·
1862 1036 1872 1046 ,.

245 1073 391 1126 κράτης
424 1068 579 1125 Πετάλῃ
608 1068 762 1123 γράφει.
795 1069 865 1108 sed
893 1067 1016 1108 verba
1045 1068 1185 1116 poetae
1207 1064 1452 1104 exciderunt.
1493 1063 1536 1101 in
1556 1060 1808 1112 Bernhardyi
1864 1064 1872 1072 ²

250 1133 421 1172 editione
452 1130 600 1169 frustra
629 1126 819 1178 quaesivi.

903 1247 1152 1282 ΤΤΡΑΝΝῙΣ

362 1348 546 1386 Fortasse
573 1340 885 1396 ’γυναικοκρατία
917 1341 1108 1392 quaedam
1148 1340 1421 1391 intellegenda
1458 1340 1535 1387 est,
1576 1337 1749 1391 qualem
1772 1337 1815 1376 in

249 1404 526 1445 Ecclesiazusis
556 1402 672 1440 finxib
701 1400 999 1449 Aristophanes.
1039 1399 1088 1440 cf.
1119 1398 1169 1436 fr.
1205 1398 1297 1436 143.

989 1532 1067 1574 141

453 1612 635 1657 κᾶπειθ’
666 1614 741 1656 ἵνα
771 1611 828 1668 μὴ
862 1611 973 1669 πρὸς
1002 1618 1119 1654 τοῖσι
1148 1614 1318 1668 βωμοῖς
1348 1612 1583 1666 πανταχοῦ

454 1681 523 1725 ἀεὶ
553 1685 772 1738 λοχῶντες
801 1680 1054 1736 βωμολόχοι
1085 1681 1346 1738 καλεόμεθα,

455 1751 663 1805 ἐποίησεν
695 1747 717 1791 ὁ
748 1750 860 1800 Ζεὺς
890 1750 1182 1807 καπνοδόκην
1212 1748 1413 1806 μεγάλην
1443 1745 1580 1790 πάνυ.

364 1835 621 1885 Harpocratio
652 1828 1016 1885 βωμολοχεύεσθαι·
1049 1834 1196 1886 κυρίως
1228 1829 1407 1885 ἐλέγοντο
1435 1827 1654 1883 βωμολόχοι
1683 1829 1725 1870 οἱ
1748 1827 1812 1870 ἐπὶ

252 1898 331 1930 τῶν
360 1894 520 1930 θυσιῶν
548 1887 628 1930 ὑπὸ
659 1889 749 1937 τοὺς
779 1888 938 1941 βωμοὺς
968 1890 1200 1938 καθίζοντες
1231 1888 1298 1929 καὶ
1314 1885 1423 1942 ,μετὰ
1454 1887 1664 1935 κολακείας
1693 1897 1817 1940 προσ-

252 1953 467 1994 αιτοῦντες.
527 1945 581 1986 ἔτι
619 1944 661 1986 δὲ
699 1945 766 1986 καὶ
802 1947 842 1985 οἵ
875 1945 1279 2000 παραλαμβανόμενοι
1317 1949 1404 1994 ταῖς
1442 1943 1608 1992 θυσίαις
1647 1940 1820 1996 αὐληταί

253 2019 292 2043 τε
312 2003 378 2043 καὶ
397 2001 566 2055 μάντεις.
624 2002 871 2056 Φερεκράτης
896 2004 1138 2057 Τυραννίδι·
1169 2000 1338 2044 κᾶπειθ’
1372 2001 1442 2042 ἵνα
1461 2000 1515 2054 μὴ
1536 2003 1617 2043 κτλ.
1648 1996 1814 2041 κᾶπειθ’

254 2059 421 2114 Bekker]
453 2060 519 2100 καὶ
549 2059 690 2103 ἔπειτα.
749 2062 951 2102 Porsonus
980 2062 1129 2102 Phoen.
1162 2064 1271 2102 1422
1302 2056 1452 2100 ἔπειθ’.
1512 2061 1612 2099 τοῖσι
1643 2059 1818 2100 Maussa-

255 2116 338 2171 cus]
370 2121 464 2165 τοῖς.
522 2117 685 2171 βωμοῖς]
719 2121 829 2165 ναοῖς
864 2119 948 2158 BG.
1006 2117 1239 2173 καλώμεθα]
1276 2113 1511 2170 καλούμεθα
1546 2116 1592 2170 Ο,
1622 2116 1692 2168 qui
1719 2111 1820 2168 πρὸς

257 2178 357 2213 τοῖσι
386 2175 533 2226 βωμοῖς
554 2176 712 2215 omittit.
772 2176 889 2214 deum
926 2176 1098 2226 aliquem
1134 2177 1245 2228 loqui
1289 2174 1574 2215 animadvertit,
1610 2173 1820 2213 Dobraeus

256 2231 356 2270 Adv.
385 2232 404 2270 I
435 2234 527 2271 586.
558 2233 654 2271 dicit
683 2235 813 2272 autem
853 2233 947 2272 deos
987 2235 1153 2273 antehac
1191 2235 1301 2273 fumo
1340 2237 1544 2272 Sacrorum
1581 2230 1818 2270 insidiansses

257 2289 403 2327 circum
447 2302 530 2328 aras
575 2289 742 2340 sedisse3
794 2290 934 2328 deinde
977 2291 1114 2330 Iovem
1157 2292 1284 2330 famae
1335 2290 1500 2329 deorum
1548 2286 1820 2328 consulentem

257 2346 404 2383 caelum
434 2359 596 2384 aeneum
626 2348 672 2384 ut
700 2345 956 2396 καπνοδόκην
984 2349 1102 2387 terris
1133 2348 1469 2398 superstruxisse,
1499 2347 1546 2386 ut
1574 2345 1655 2384 iam
1686 2344 1819 2384 fumus
1843 2349 1865 2375 ’-

258 2402 454 2441 conlectus
484 2416 553 2452 per
582 2401 832 2453 καπνοδόκης
863 2404 1039 2443 foramen
1070 2406 1118 2444 ad
1151 2406 1316 2445 deorum
1347 2403 1459 2443 sedes
1490 2402 1730 2454 perveniret.

997 2538 1078 2580 142

460 2607 533 2669 ἆρ’
567 2612 743 2670 ἀράχνι’
776 2614 926 2672 ὥσπερ
957 2624 1054 2667 ταῖς
1084 2617 1289 2660 σιπύαισι
1317 2624 1415 2668 ταῖς
1444 2622 1615 2667 κεναῖς;

343 2748 352 2760 '
373 2695 515 2735 Suidas
553 2693 720 2748 άράχνη·
759 2696 1008 2751 Φερεκράτης
1053 2699 1290 2754 Τυραννίδι·
1330 2695 1522 2752 ἆράχνεια
1559 2695 1693 2750 ὥσπερ
1734 2700 1821 2746 ταῖς

262 2761 437 2819 σικυαισι
458 2755 562 2819 ”wig
607 2757 751 2801 κεναῖς.
802 2758 843 2795 et
891 2760 1088 2796 σικυαῖσι·
1146 2754 1399 2809 Φερεκράτης
1459 2753 1701 2809 Τυραννίδι·
1748 2747 1819 2807 ἆρ’

260 2821 404 2875 αραχνι
446 2818 577 2861 ωσπερ
611 2813 695 2857 ταῖς
723 2816 900 2851 σικυαῖσι
928 2816 1014 2860 ταῖς
1043 2817 1191 2861 κεναῖς.
1223 2814 1510 2854 Valckenarius
1538 2813 1666 2853 Diatr.
1706 2814 1822 2852 169³

262 2873 454 2914 σιπυαισι,
497 2867 601 2917 quod
637 2867 815 2907 σιπύαισι
843 2871 1095 2910 scribendum
1137 2873 1238 2911 erat.
1296 2871 1492 2922 Harpoor.
1525 2864 1667 2908 σιπύα·
1711 2879 1825 2920 omn-¹
