1872 3224
767 213 959 249 ΧΕΙΡΩΝ
1574 219 1654 263 189

55 322 100 344 '2'
155 317 246 374 imxi..
307 329 356 356 ex
386 315 559 357 Chirone
579 318 676 359 haec
697 319 878 360 derivata
899 334 985 360 esse
1008 323 1168 362 constat
1188 335 1235 362 ex
1255 323 1495 364 Nicomachi
1513 325 1651 367 Harm.

4 403 5 406 =
53 379 89 408 '¹²ss
135 374 189 415 35
219 374 342 415 Meib.
378 372 576 427 Τιμόθεος
608 373 628 416 ὁ
662 375 866 429 Μιλήσιος
898 371 971 430 τὴν
1002 376 1225 432 ἑνδεκάτην
1254 377 1423 436 (χορδὴν
1451 384 1652 436 προσῆψε)

6 446 8 450 ’
41 424 98 490 J
116 429 133 473 2*
160 429 307 484 ἐφεξῆς
337 429 460 476 ἄλλοι.
521 430 644 473 ἔπειτ’
679 434 735 482 εἰς
767 431 1116 488 ὀκτωκαιδεκάτην
1135 433 1300 489 ἀνήχθη
1321 437 1472 492 χορδὴν
1492 438 1534 480 τὸ
1555 444 1653 493 πλῆ-

8 490 42 547 Σ
164 486 270 540 παρ’
301 486 460 544 αὐτῶν,
492 488 629 545 ὥσπερ
666 491 734 532 καὶ
763 492 1016 546 Φερεκράτης
1047 491 1068 533 ὁ
1099 494 1274 546 κωμικὸς
1315 494 1360 535 έν
1399 503 1453 537 τῶ
1492 496 1653 552 ἐπιγρα-

3 543 226 607 ;,·ᾳφομένφ
255 547 434 601 Χείρωνι
463 549 820 602 καταμεμφόμενος
852 547 991 590 αὐτῶν
1021 556 1091 604 τῆς
1130 551 1220 605 περὶ
1257 551 1304 592 τὰ
1335 539 1435 607 μέλη
1463 554 1652 611 ῥᾳδιουρ-

14 602 153 676 Ὶρῥζῖγίας
182 604 382 656 φαίνεται.
443 609 537 658 post
566 621 605 649 v.
639 610 692 648 25
733 612 960 660 sequuntur
998 610 1104 660 apud
1138 610 1401 653 Plutarchum
1440 614 1555 653 haec:
1587 612 1655 653 καὶ

45 660 350 729 Ἀριστοφάνης
382 660 404 703 ὁ
433 663 607 716 κωμικὸς
637 665 882 718 μνημονεύει
912 664 1211 719 Φιλοξένου,
1255 668 1326 707 καί
1353 681 1479 721 φησιν
1509 668 1569 710 ὅτι
1599 672 1654 719 εἰς

8 732 156 780 ,τους
187 721 377 770 κυκλίους
408 721 552 775 χοροὺς
582 721 678 776 μέλη
710 722 978 777 εἰσηνέγκατο.
1038 720 1064 776 ἡ
1094 721 1138 764 δὲ
1170 721 1364 779 Μουσικὴ
1386 725 1489 780 λέγει
1509 734 1654 768 ταῦτα·

198 843 244 876 26
275 835 547 891 ἐξαρμονίους,
581 835 875 892 ’ὑπερβολαίους
907 836 943 878 τ’
975 836 1179 892 ἀνοσίους,

269 894 339 936 καὶ
369 895 604 951 νιγλάρους,
636 895 771 951 ὥσπερ
801 912 842 949 τε
872 891 940 946 τὰς
972 894 1182 950 ῥαφάνους
1212 896 1311 952 ὅλην

273 960 448 1006 καμπῶν
476 970 524 1007 με
554 953 838 1008 κατεμέστωσε.

14 771 23 790 ζ

21 1067 132 1113 ’,καὶ
160 1066 275 1110 ἄλλοι
304 1067 349 1110 δὲ
379 1069 658 1127 κωμῳδοποιοὶ
689 1070 845 1121 ἔδειξαν
874 1069 949 1124 τὴν
978 1067 1150 1110 ἀτοπίαν
1188 1076 1271 1110 τῶν
1299 1070 1396 1123 μετὰ
1427 1079 1552 1114 ταῦτα
1583 1073 1657 1127 τὴν

16 1158 19 1163 -
63 1126 266 1180 μουσικὴν
294 1126 747 1182 κατακεκερματικότων.
785 1136 787 1139 “
811 1132 849 1170 2.
882 1132 1022 1182 μῦθον
1052 1130 1099 1168 K.
1124 1130 1227 1169 Mus.
1251 1130 1323 1169 Rh.
1346 1131 1458 1170 XXX
1479 1134 1579 1184 400.
1611 1133 1652 1184 1]

65 1187 296 1298 rugat}
325 1187 539 1299 fflg'ffi·
561 1188 856 1299 &55⁷ss5
880 1188 991 1285 ftffi‘·
1010 1188 1656 1300 J?iz>5⁰{2ZE22223322236253

0 1324 10 1352 5-
69 1303 148 1342 alia
186 1316 345 1354 quoque
377 1305 558 1355 suppleri
587 1306 770 1355 possunt.
810 1304 966 1344 Hanov.
999 1303 1138 1343 Exere.
1170 1303 1258 1344 crit.
1291 1305 1357 1343 39.
1392 1305 1652 1346 Herwerden.

8 1392 11 1395 1
67 1359 163 1402 obs.
196 1362 285 1401 crit.
320 1363 385 1401 16.
447 1363 486 1401 8.
510 1359 555 1400 δέ
583 1358 628 1414 μ’
660 1358 850 1414 Meinek]
885 1359 942 1400 δέ.
1007 1362 1072 1401 10.
1093 1356 1315 1412 ἀπολώλεχ’
1339 1361 1527 1416 Meinek.]
1561 1360 1657 1402 ἄπο-

65 1414 210 1458 λεόλεκέ
239 1414 298 1471 μ’.
332 1416 462 1466 οὕτως
491 1416 533 1471 μ“
567 1415 788 1471 ἀπολώλεχ’
821 1419 1031 1459 Hanovius
1063 1419 1204 1459 Exere.
1238 1419 1325 1458 crit.
1351 1421 1418 1461 50.
1484 1424 1549 1462 13.
1581 1415 1657 1461 οὖν

66 1475 371 1530 Wyttenbach.]
414 1473 500 1518 οὐκ.
548 1474 714 1524 ἀνεκτὸς
753 1478 914 1528 Emper.
958 1477 1018 1516 De
1057 1476 1176 1516 Dion.
1210 1475 1351 1528 Chrys.
1387 1490 1444 1517 or.
1479 1479 1658 1522 Corinth.

68 1532 138 1587 25]
181 1530 237 1574 οἲν
267 1533 408 1582 εἴποις.
443 1532 620 1587 ἐπιεικὴς
658 1536 870 1586 Wyttenb.
914 1528 1030 1581 οὗτος
1068 1527 1122 1585 ἧν
1163 1531 1269 1585 ὅμως
1310 1532 1402 1585 ἐμοί
1427 1535 1654 1590 Wyttenb.]

30 1585 36 1591 ’
67 1586 388 1648 οὕτως,(οὗτος)
425 1586 479 1645 ἦν
508 1590 616 1645 ὅμως
648 1591 753 1645 ὅμως
789 1593 932 1645 (semel
966 1588 1072 1643 ὅμως
1094 1591 1162 1644 B).
1244 1593 1308 1633 14.
1348 1592 1504 1645 Φρῦνις
1537 1595 1657 1646 Wyt-

67 1648 198 1703 tenb.]
242 1649 448 1704 Φρύννις,
487 1647 667 1704 Φρύνις,
707 1646 886 1703 Φρύνης.
932 1645 1114 1701 Φρύννις
1152 1651 1213 1689 est
1251 1649 1448 1690 Lesbiaca
1483 1654 1658 1691 nominis

0 1723 3 1725 ’
68 1707 211 1748 forma.
296 1711 361 1748 16.
385 1706 483 1748 ἔπτὰ
504 1709 711 1750 Burettius
735 1709 957 1750 Comment.
985 1708 1111 1747 litter.
1135 1707 1262 1747 Acad.
1284 1707 1375 1747 Par.
1399 1708 1536 1748 XXIII
1560 1707 1656 1763 152]

67 1762 185 1805 πέντε
208 1765 511 1820 (πενταχόρδοις
533 1765 639 1821 BV).
716 1768 781 1806 18.
811 1763 861 1818 εἰ]
885 1759 939 1816 ἧν
957 1766 1006 1804 V.
1039 1759 1179 1817 αὖθις]
1212 1757 1327 1812 αὖτις
1351 1765 1400 1804 V.
1479 1769 1546 1806 20.
1569 1766 1659 1806 δια,-

67 1818 249 1862 κέκναικ’
282 1821 526 1877 Brunckius]
551 1820 820 1874 διακέκναιχ’.
883 1826 950 1862 21.
980 1820 1001 1862 ὁ
1033 1824 1125 1862 add.
1149 1823 1320 1864 Meinek.
1385 1824 1451 1862 22.
1473 1821 1660 1875 παρέχων

67 1878 251 1928 ἅπαντας
282 1875 399 1930 οὗτος
420 1880 490 1935 Κ.]
512 1879 710 1934 παρέσχεν
741 1876 859 1928 οὗτος
890 1878 1086 1927 ἅπαντας.
1149 1880 1216 1918 23.
1239 1876 1410 1930 ἀγαπῶν
1430 1879 1496 1934 Κ.]
1529 1879 1656 1934 ὄίγων.

68 1935 184 1995 ᾄδων
212 1940 408 1980 Fritzsch.
441 1940 568 1979 Arist.
602 1940 764 1980 Thesm.
800 1940 894 1979 100.
937 1941 978 1977 at
1007 1951 1087 1977 non
1119 1938 1166 1976 de
1198 1938 1307 1977 vocis
1338 1938 1556 1986 humanae,
1588 1940 1658 1979 sed

70 1998 120 2037 de
151 1997 326 2037 citharae
345 1998 509 2049 lyraeve
531 1999 653 2036 cantu
672 1998 865 2047 loquitur.
928 1997 995 2035 25.
1017 1991 1197 2033 ἀπέδυσε
1219 1993 1446 2048 Wyttenb.]
1469 1992 1657 2036 ἀπέλυσε.

69 2049 242 2107 δώδεκα]
276 2051 419 2094 ἕνδεκα
449 2055 645 2102 Meinek.,
677 2056 742 2094 cui
779 2056 987 2105 praeterea
1022 2067 1061 2093 v.
1097 2053 1262 2092 14—18
1294 2054 1387 2102 post
1420 2055 1442 2092 7
1475 2059 1656 2105 transpo—

69 2112 191 2152 nendi
221 2112 435 2163 videntur,
473 2113 568 2163 quia
606 2112 788 2162 Phrynin
817 2113 897 2151 iam
930 2111 994 2151 Ol.
1027 2112 1102 2159 81,
1138 2112 1159 2148 1
1193 2110 1485 2150 Panathenaeis
1516 2112 1658 2152 vicisse

70 2183 118 2209 ex
140 2170 272 2211 Schol.
294 2170 500 2221 Aristoph.
523 2170 630 2209 Nub.
654 2171 733 2208 971
758 2171 927 2222 constet,
951 2168 1129 2208 Cinesias
1151 2170 1286 2207 autem
1315 2169 1382 2207 vix
1410 2172 1502 2208 ante
1520 2168 1583 2209 01.
1603 2171 1654 2209 91

69 2228 252 2268 floruisse
281 2228 468 2268 videatur
500 2227 538 2279 (I
570 2226 689 2278 227).
741 2228 979 2268 adversatur
1007 2226 1208 2277 Bergkius
1241 2226 1282 2267 Z.
1304 2226 1333 2264 f.
1356 2226 1509 2265 Altert.
1535 2227 1657 2275 1848,

70 2287 167 2325 439.
229 2286 296 2325 28.
335 2290 508 2337 καμπῶν
545 2285 688 2324 Elmsl.
727 2285 936 2335 Aristoph.
977 2284 1078 2324 Ach.
1109 2280 1206 2335 559]
1254 2281 1459 2334 κάμπτων.
1500 2285 1543 2323 in
1579 2285 1658 2323 fine

71 2343 270 2394 Bergkius
302 2343 418 2383 addit
446 2339 723 2382 ποικιλώτατα.
755 2343 899 2393 quidni
928 2338 1217 2393 κᾶλυμήνατοῖ)

186 2414 326 2442 versus
368 2403 389 2440 1
433 2403 473 2440 et
513 2403 536 2439 2
575 2401 771 2452 tragicam
810 2400 1053 2452 gravitatem
1097 2400 1319 2439 imitantur.
1469 2399 1508 2438 8.
1554 2398 1657 2439 Atti-

72 2471 161 2499 cwm
190 2459 294 2498 dixit
323 2457 542 2507 Cinesiam,
575 2459 623 2498 de
666 2471 745 2509 quo
784 2458 834 2500 cf.
872 2458 1079 2507 Aristoph.
1115 2456 1213 2496 Ran.
1252 2456 1345 2495 153.
1386 2457 1506 2495 1437.
1548 2456 1655 2495 Nub.

74 2517 170 2556 333.
213 2516 290 2556 Av.
335 2518 443 2556 1372
490 2529 579 2555 cum
618 2517 786 2566 interpr.
834 2515 1007 2554 Meinek.
1048 2515 1068 2552 I
1109 2515 1191 2552 227
1210 2527 1284 2563 sq.‚
1335 2515 1380 2551 ut
1417 2526 1508 2552 eum
1547 2526 1658 2563 pere-

74 2574 201 2625 grinis
245 2574 344 2613 artis
388 2574 562 2613 musicae
606 2574 823 2624 magistris,
875 2572 1152 2622 Melanippidi,
1194 2570 1402 2620 Phrynidi‚
1446 2571 1657 2610 Timotheo

75 2633 295 2682 opponeret
327 2628 500 2686 (Mein.).
567 2631 671 2671 ictus
709 2632 752 2670 in
792 2630 1008 2669 articulum
1039 2625 1060 2667 ὅ
1091 2628 1209 2679 cadit,
1240 2632 1287 2666 ut
1315 2627 1523 2678 Aristoph.
1555 2628 1655 2667 Rau.

75 2689 172 2727 278.
213 2690 308 2728 623.
347 2689 438 2728 Pac.
478 2689 574 2728 546.
614 2689 662 2728 fr.
695 2689 797 2737 488,
833 2689 887 2727 10
925 2686 1103 2739 (Hanov.
1135 2684 1220 2736 48).
1258 2683 1382 2735 Vesp.
1417 2686 1484 2724 28.
1618 2687 1657 2725 9.

74 2746 327 2785 versionibus
365 2746 620 2797 stropharum
660 2743 906 2798 ἐξαρμονίοις
946 2743 1140 2783 declarari
1184 2742 1403 2781 arbitratur
1448 2742 1657 2783 Hanovius

76 2801 236 2855 (Exere.
268 2803 357 2843 crit.
395 2801 470 2857 49)
501 2804 756 2843 saltationem
787 2803 896 2842 chori
934 2802 1069 2852 cyclii,
1109 2813 1191 2858 non
1230 2801 1515 2850 congruentem
1545 2801 1658 2839 illam

75 2873 207 2911 neque
228 2873 318 2899 cum
338 2861 459 2900 modo
481 2861 673 2900 tibiarum
693 2861 758 2901 vel
777 2861 890 2911 lyrae
909 2872 1037 2909 neque
1060 2871 1151 2897 cum
1172 2859 1306 2896 cantu.
1344 2857 1478 2907 itaque
1507 2857 1656 2896 factum

78 2930 165 2957 esse
204 2919 246 2956 in
295 2917 476 2958 Cinesiae
516 2918 785 2968 dithyrambis
824 2919 870 2955 ut
913 2916 1056 2956 chorus
1095 2915 1299 2955 versiones
1356 2915 1503 2953 faceret
1548 2916 1657 2953 ante·
