1872 3224
232 192 311 235 158
820 185 1185 220 ΦΕΡΕΚΡΑΤΟΤΣ

228 297 398 336 bendum
429 294 583 335 videtur
618 288 716 343 μετ’
756 290 937 343 ἰτρίων.
981 290 1030 329 ef.
1061 289 1267 339 Aristoph.
1299 287 1400 327 Aah.
1436 288 1559 327 1092.
1589 286 1814 328 Archi

230 356 267 393 9.
306 353 439 392 Solon.
470 352 522 390 38
559 350 704 400 Bergk.
749 348 869 399 Soph.
907 348 956 386 fr.
991 349 1072 386 190
1101 346 1153 386 N.
1202 346 1350 385 Athen.
1393 345 1464 393 14,
1507 345 1625 385 646d
1661 342 1726 399 ἴτρ

228 405 442 461 πεμμάτιον
470 404 611 445 λεπτὸν
641 403 706 444 διὰ
729 401 905 456 σησάμου
935 401 1003 442 καὶ
1033 401 1199 455 μέλιτος,
1230 405 1271 442 et
1301 403 1350 441 de
1370 402 1672 452 praepositione
1692 392 1822 455 μεηέ

233 468 280 506 fr.
315 468 408 515 130,
443 467 478 506 7.
511 464 654 503 Te1201.
689 465 727 512 1,
761 465 826 502 12.
856 462 1062 512 Aristoph.
1093 462 1143 500 fr.
1177 461 1271 509 506,
1304 461 1345 499 5.
1804 473 1814 479 „

229 653 339 710 ταχὺ
369 656 460 697 τῶν
491 654 630 710 ἐρίων
652 653 727 696 καὶ
753 654 846 695 τῶν
867 650 1025 695 ἀνθῶν
1053 653 1145 694 τῶν
1173 651 1482 695 παντοδαπῶν
1513 647 1840 711 κατάγωμεν,.“ῥ

339 738 508 776 Bekker.
540 737 689 776 Anecd.
723 737 823 785 404,
857 738 910 774 24
952 732 1083 782 ἄνθος
1122 732 1165 774 τὸ
1203 739 1338 786 χρῶμα
1375 733 1444 774 καὶ
1483 732 1527 774 τὸ
1556 731 1697 788 βάμμα
1725 740 1801 777 τοῦ
1834 736 1839 749 ⁷

230 793 348 847 ἐρίου.
401 791 650 846 Φερεκράτης
691 788 1050 846 Δουλοδιδασκάλῳ
1087 795 1167 832 κτλ,
1218 788 1583 847 Δουλοδιδασκάλῳ
1607 790 1810 848 Bekkml
1835 821 1839 826 -

229 850 358 905 δούλῳ
393 849 618 904 διδασκάλῳ
656 851 742 890 eod.
796 851 926 890 Schol.
965 850 1102 900 Eurip.
1141 850 1237 890 Hee.
1278 851 1361 890 468
1394 848 1451 902 (p,
1485 851 1581 900 336,
1614 852 1640 892 3
1671 852 1798 891 eff—14

228 907 388 961 Dindf.)
419 905 466 946 οὐ
492 906 617 958 μόνον
643 903 716 960 γὰρ
743 905 938 958 παρθένοι
968 905 1159 959 ὕφαινον,
1189 905 1247 954 ὥς
1276 917 1402 958 φησιν
1430 903 1801 962 Ἀπολλόδωροςέν
1847 910 1852 927 ³

230 970 283 1019 τῷ
312 963 400 1016 περὶ
429 968 540 1003 θεῶν
569 961 717 1016 αὐλῆς,
748 961 845 1003 ἀλλὰ
876 963 944 1003 καὶ
972 967 1160 1016 γυναῖκες
1192 961 1347 1018 τέλειαι,
1379 960 1433 1012 ὦς
1468 961 1800 1018 Φερεκράτηςέν
1846 974 1849 978 '

232 1017 628 1068 Δουλοδιδασκάλοις.
661 1023 707 1060 de
727 1022 849 1062 verbo
870 1020 1055 1073 κατάγειν
1087 1022 1136 1061 cf.
1158 1022 1373 1064 Ruhnken.
1397 1022 1501 1062 Tim.
1527 1023 1621 1063 153.
1647 1035 1800 1064 ‘nomon
1857 1025 1858 1028 ’

231 1080 525 1119 substantivum
555 1079 658 1118 unde
695 1080 871 1130 genetivi
900 1079 1131 1129 pendebant
1167 1081 1209 1118 in
1240 1080 1295 1119 eis
1335 1092 1437 1130 quae
1473 1077 1682 1131 perierunt
1711 1093 1799 1122 esse
1855 1086 1859 1088 “

230 1138 406 1186 poterat:
438 1149 531 1175 nam
560 1137 766 1183 genetivus
796 1137 1010 1186 partitivus
1043 1135 1106 1187 (ut
1136 1141 1217 1175 τῶν
1247 1134 1365 1189 ἐρίων
1395 1135 1549 1186 ξαίνειν
1578 1137 1684 1189 apud
1703 1137 1796 1178 Ari·
1866 1161 1872 1195 '.

231 1191 482 1246 stophanem)
520 1194 583 1232 hie
620 1194 750 1232 locum
786 1206 869 1232 non
911 1195 1046 1234 habet.
1098 1207 1244 1233 nomen
1288 1198 1371 1233 τῶν
1415 1191 1534 1246 ἐρίων
1568 1207 1620 1235 ex
1664 1207 1797 1248 gram-

230 1251 364 1288 matici
391 1251 525 1290 verbis
554 1251 597 1289 in
625 1252 767 1300 poetae
794 1264 954 1290 versum
983 1252 1143 1292 videtur
1162 1252 1393 1302 inrepsisse.
1426 1251 1684 1294 Pherecrates
1714 1252 1795 1293 for·

231 1309 336 1346 tasse
366 1308 585 1357 (scripserat
623 1299 719 1357 ταχυ
750 1311 843 1346 τῶν
879 1304 1056 1347 ἀνθῶν
1091 1312 1187 1347 τῶν
1223 1308 1564 1348 παντοδαπῶν
1600 1305 1652 1349 τὸ
1689 1302 1800 1349 κάτ·
1839 1314 1843 1318 ’

231 1378 356 1415 αγμα
386 1366 545 1410 καλῶς
574 1360 816 1416 κατάγωμεν.
848 1366 955 1404 chori
984 1379 1122 1406 versus
1143 1379 1229 1406 esse
1260 1367 1439 1415 videtur,
1470 1367 1497 1406 i.
1515 1380 1549 1406 e.
1581 1367 1799 1407 mulierum

150 1426 159 1428 '
234 1433 387 1460 sacrum
424 1421 624 1469 Minervae
661 1422 822 1471 peplum
861 1424 1093 1463 texentium.
1137 1424 1178 1462 in
1209 1423 1370 1463 scholiis
1400 1424 1631 1475 Euripideis
1661 1424 1726 1464 Fl.
1759 1425 1796 1465 6.

235 1478 287 1516 10
316 1473 417 1531 αὐλῇ
446 1491 517 1527 pro
548 1474 687 1528 αὐλῆς.
718 1479 839 1518 verba
868 1481 1082 1520 manifesto
1113 1482 1303 1530 corrupta
1332 1483 1467 1520 tamen
1498 1481 1548 1520 ad
1586 1479 1797 1531 Pherecra-

232 1535 285 1572 tis
316 1534 489 1573 fabulam
508 1536 722 1584 pertinent.
755 1539 889 1575 errant
918 1538 983 1587 qui
1006 1551 1079 1588 pro
1100 1533 1204 1592 αὐλῇ
1234 1536 1300 1592 (ut
1321 1537 1563 1591 Meinekius)
1584 1551 1798 1579 numerum

236 1588 402 1645 (πρώτῃ)
434 1592 662 1644 requirunt,
700 1594 901 1643 tamquam
939 1595 1042 1634 liber
1081 1595 1321 1645 Apollodori
1357 1593 1448 1648 περὶ
1483 1597 1599 1635 θεῶν
1627 1608 1798 1637 eommo-

233 1650 425 1697 moretur,
448 1649 557 1687 cuius
577 1650 818 1689 mentionem
840 1651 991 1691 faciunt
1013 1652 1240 1692 Athenaeus
1265 1654 1329 1702 13,
1354 1654 1433 1692 571
1448 1665 1480 1702 c,
1504 1653 1674 1694 Photius
1695 1653 1792 1703 253,

236 1706 301 1744 25.
334 1705 582 1744 scribendum
612 1707 678 1745 est
710 1704 763 1752 ὥς
793 1722 837 1757 φ.
864 1704 973 1759 ’Am9
1013 1707 1064 1748 ἐν
1094 1714 1150 1763 τῇ
1179 1714 1266 1748 τοῦ
1296 1709 1628 1762 παρθενῶνος
1657 1706 1748 1750 αὖλ
1787 1742 1797 1751 .

235 1761 283 1800 ef.
305 1762 444 1811 Eurip.
466 1762 551 1801 Ion.
577 1764 669 1802 185.
701 1763 790 1813 Iph.
814 1765 858 1803 Τ.
893 1767 987 1806 128.
1020 1765 1063 1806 C.
1095 1767 1126 1808 I.
1159 1767 1179 1805 Ι
1200 1768 1333 1807 80711.
1369 1768 1491 1820 1688,
1523 1769 1577 1808 35
1607 1765 1680 1807 τὸν
1699 1781 1750 1808 να

234 1817 303 1856 τοῦ
329 1815 571 1865 ’Λπόλλωνος
600 1818 667 1858 καὶ
687 1818 761 1858 τὰν
781 1817 922 1861 αὐλάν.
952 1824 1093 1874 peplus
1124 1824 1329 1863 Minervae
1359 1825 1487 1876 igitur
1514 1838 1596 1865 non
1625 1825 1668 1865 in
1689 1825 1795 1865 aedi-

233 1874 307 1913 bus
337 1875 515 1927 privatis,
555 1877 622 1915 sed
660 1879 706 1915 ut
742 1877 904 1918 decebat
933 1881 1013 1919 tale
1043 1893 1142 1931 opus
1173 1881 1215 1920 in
1253 1894 1348 1922 area
1384 1882 1651 1923 Parthenom
1688 1883 1794 1923 texe-

234 1931 364 1980 batur,
387 1933 503 1971 sicuti
523 1932 738 1973 Pausanias
762 1937 799 1983 6,
823 1937 889 1985 24,
912 1937 936 1976 8
968 1938 1206 1978 mulieribus
1226 1938 1373 1978 Iunoni
1395 1938 1610 1991 Olympiae
1630 1939 1796 1991 peplum

234 1989 458 2028 texentibus
489 1987 634 2041 οἴκημα
665 1993 909 2032 exstructum
940 2007 1024 2035 esse
1054 1997 1193 2035 narrat
1223 1992 1268 2034 ἕν
1298 2000 1347 2049 τῇ
1377 1991 1518 2050 ἆγορᾷ.

986 2106 1041 2148 47

446 2176 816 2235 κᾶναψηφίσασθ’
849 2181 1103 2227 ἀποδοῦναι
1132 2187 1274 2229 πάλιν
1304 2184 1359 2229 τοὶ
1389 2188 1572 2243 χρυσία.

348 2259 487 2300 Suidas
531 2258 873 2314 ἆναψηφίσασθαι
922 2264 964 2305 τὸ
1006 2268 1381 2320 μεταψηφίσασθαι.
1433 2267 1796 2324 Δουλοδιδασκάλῳ

239 2314 486 2368 Φερεκράτης
523 2321 603 2358 κτλ.
659 2318 1001 2373 κάναψηφίσασθ’
1036 2323 1080 2378 C]
1121 2323 1414 2377 κάναψηφίσας
1453 2323 1509 2366 δ’.
1558 2340 1697 2369 versus
1733 2329 1796 2368 est

235 2371 493 2422 Eupohdeus,
534 2389 579 2414 ex
616 2379 798 2427 parabasi
827 2382 989 2431 petitus.
1042 2382 1199 2433 ‘ipsum
1227 2385 1420 2435 populum
1450 2385 1696 2436 coryphaeus
1726 2385 1795 2424 ad-

236 2428 435 2478 loquitur'.
479 2433 668 2473 Fritzseh.
708 2437 773 2475 Fr.
815 2451 853 2476 v.
884 2438 986 2488 Eup.
1021 2441 1086 2478 12.
1133 2440 1277 2492 χρυσία
1308 2444 1404 2481 sunt
1434 2443 1577 2482 ‘aurea
1611 2454 1708 2483 vasa
1745 2442 1795 2481 ab

237 2485 448 2535 Aegyptiis
477 2491 624 2539 populo
655 2492 958 2534 Atheniensium
989 2496 1093 2536 dono
1122 2499 1254 2547 missa,
1286 2499 1357 2538 sed
1393 2499 1442 2538 ab
1474 2499 1669 2550 improbis
1699 2498 1796 2539 'eivi-

238 2540 311 2580 bus
342 2547 551 2594 surrepta'.
583 2548 749 2588 Meinek.
784 2551 832 2588 ef.
866 2551 1017 2592 Cratin.
1053 2555 1117 2593 73.
1812 2608 1845 2633 ⁶

439 2708 721 2769 ἐγκεντρίδας
987 2663 1043 2705 48

303 2844 313 2856 Ι
351 2793 446 2860 τοῖς,
461 2792 552 2832 ποσὶ
581 2794 678 2834 κατὰ
709 2791 776 2845 τὰς
806 2797 976 2852 πτέρνας
1014 2801 1054 2840 οἰ
1080 2802 1316 2852 ἱππεύοντες
1354 2805 1628 2858 περιεδοῦντο·
1670 2807 1794 2859 Φερε-

239 2859 384 2897 κρατης
414 2850 571 2900 ει’ρηκεν
601 2850 644 2890 ἐν
675 2854 1044 2911 Δουλοδιδασκάλῳ.
1076 2860 1218 2900 Pollux
1253 2864 1323 2911 10.
1350 2864 1419 2901 54.
1450 2864 1499 2902 cf.
1531 2864 1636 2903 Plat.
1668 2865 1737 2904 40.
