1872 3224
486 182 694 220 ΑΔΗΛῼΝ
719 188 791 223 ΔΡ.
838 192 1252 235 ΑΜΦῙΣΒΗΤΗΣΙΜΑ
1563 210 1639 254 591

837 294 920 337 900

0 356 49 673 ξ
296 361 372 405 καὶ
403 362 491 420 γὰρ
522 367 748 423 πρότερον
778 372 845 423 δὶς
873 372 1166 431 ἀνθρακίδων
1195 381 1341 441 ἅλμην
1371 389 1501 431 πιών.

84 503 87 508 v
174 441 250 496 ,ἒν
277 445 439 498 Σφηξὶν
478 443 499 487 ὁ
535 445 655 498 αὐτός
693 464 789 505 φησι
824 455 987 510 ποιητής
1025 458 1363 521 (Ἀριστοφάνης).
1421 472 1564 514 Athen.
1604 477 1640 523 7,

33 510 37 525 ·-
88 502 171 542 329
191 502 230 542 b.
269 504 320 543 cf.
358 505 408 544 fr.
446 507 542 546 416.
574 507 694 560 Vesp.
735 514 841 552 1127
881 514 947 554 καὶ
990 516 1063 569 γὰρ
1106 520 1293 575 πρότερον
1337 523 1642 581 ἐπανθρακίδων

0 575 33 604 ,,-
68 555 350 613 1ἐμπλήμενος.
420 564 526 603 unde
570 566 637 605 alii
679 568 853 609 eiusdem
899 586 1034 612 versus
1078 580 1323 630 varietatem,
1368 583 1432 625 alii
1476 589 1639 628 alterius

84 616 254 658 alicuius
297 621 528 660 comoediae
562 637 730 664 versum
774 628 822 666 ab
868 628 1069 671 Athenaeo
1113 642 1404 680 commemorari
1440 645 1634 685 existima-

0 670 34 723 Εἷς
84 676 244 715 verunt.
283 674 630 730 δυσανθρακίὸων
661 681 702 724 C.
732 683 777 723 F.
810 685 1021 727 Hermann.

0 783 11 829 ’ἕ
91 802 95 806 ’
832 796 911 839 901

0 813 25 927 ἓ
85 876 88 879 ·
137 902 147 913 .
291 865 316 911 ὁ
347 870 519 926 λῷστος
548 864 680 924 οὗτος
709 875 784 917 καὶ
815 876 1164 934 φιλοξενώτατος

197 949 374 993 Cramer.
407 955 559 995 Anecd.
592 956 664 996 Ox,
696 958 736 997 II
767 960 861 1010 452,
896 963 946 1000 15
977 960 1140 1016 κέρχνη·
1171 965 1317 1023 δοτικῇ.
1353 966 1633 1024 Ἀριστοφάνης

0 1044 3 1046 ,
69 1004 255 1061 ’Όρνισιν
288 1010 391 1060 (cod.
424 1009 631 1065 ὄρνησιν)·
670 1012 854 1068 κέρχνης,
884 1018 1112 1072 πυρίορχος,
1142 1019 1248 1075 γύψ,
1278 1024 1480 1079 κύμινδις,
1509 1027 1633 1080 ἀετός,

7 1093 11 1100 .
79 1062 180 1112 ὅλως
210 1064 253 1106 τὸ
283 1072 425 1116 σοῦτος
456 1066 532 1120 (sic
561 1072 666 1123 cod.)
696 1071 764 1112 καὶ
792 1074 1115 1126 φιλοξενέστατος.
1166 1082 1274 1131 prior
1303 1097 1439 1124 versus
1469 1091 1528 1126 est
1557 1090 1631 1127 Av-

0 1166 19 1190 .·:
39 1146 52 1152 «ι
81 1124 212 1176 1181;
245 1125 348 1165 alter
377 1139 456 1176 quo
487 1130 684 1178 pertineat
713 1133 858 1174 nescio.
912 1136 1084 1174 ceterum
1115 1138 1164 1176 cf.
1197 1138 1380 1180 Teleclid.
1413 1144 1448 1182 2.

0 934 12 963 t

827 1255 910 1297 902

284 1326 342 1371 οὐ
372 1329 540 1382 παντὸς
570 1329 735 1388 ἀνδρὸς
766 1334 811 1384 ἐς
842 1334 1076 1390 Κόρινθόν
1107 1337 1204 1381 ἐσθ’
1236 1338 1260 1382 ὁ
1290 1345 1440 1393 πλοῦς.

20 1449 26 1451 .
188 1405 495 1466 Ἀριστοφάνης.
529 1415 702 1467 Hesych.
733 1419 867 1457 addita
897 1420 1220 1471 interpretatione
1240 1438 1262 1462 a
1282 1428 1497 1466 scortorum
1527 1430 1626 1468 frau—

76 1469 195 1510 dibus
225 1471 368 1521 petita.
429 1477 676 1524 quapropter
705 1475 754 1514 ad
776 1476 877 1518 Plut.
904 1479 981 1516 149
1002 1479 1123 1518 refert
1151 1480 1204 1519 M.
1226 1480 1478 1523 Schmidtius.
1508 1487 1625 1525 etiem

74 1528 383 1578 grammaticum
422 1530 636 1581 significari
675 1545 789 1582 posse
827 1536 962 1573 monet
997 1535 1232 1578 Dindorfins.
1293 1539 1341 1579 cf.
1382 1539 1543 1581 Photins
1580 1539 1626 1581 οὐ

0 1616 11 1638 .·
73 1582 228 1682 ξαντός
258 1586 340 1626 κτλ.
374 1587 523 1627 Zenob.
557 1590 594 1638 5,
628 1590 678 1629 37
711 1602 799 1629 cum
828 1591 884 1630 eis
921 1605 1020 1642 quae
1058 1593 1187 1632 editor
1227 1595 1362 1634 adnot.
1394 1596 1624 1648 Diogenian.

100 1672 114 1696 ‚
147 1645 215 1684 16.

815 1736 897 1779 903

275 1812 474 1865 Ἀκεσίας
501 1813 586 1858 τὸν
611 1811 820 1870 πρωκτὸν
851 1817 1019 1860 ἰάσατο.

186 1898 335 1939 Zenob.
369 1900 407 1950 1,
438 1900 491 1938 52
520 1895 698 1947 Ἀκεσίας
728 1898 883 1939 ἰάσατο·
916 1897 979 1939 ἐπὶ
1007 1904 1086 1940 τῶν
1115 1898 1178 1941 ἐπὶ
1206 1899 1248 1941 τὸ
1276 1904 1405 1952 χεῖρον
1433 1902 1620 1954 ἰωμένων.

3 1977 6 1979 Δ
70 1949 170 2006 ὅλην
199 1952 245 1994 δὲ
277 1949 568 2008 Ἀριστοφάνης
606 1954 649 1996 ἐν
683 1955 948 2009 τετραμέτροις
986 1955 1138 2010 ἐκφέρει
1173 1956 1296 2010 λέγων
1329 1955 1502 2008 Ἀκεσίας
1538 1964 1618 2002 κτλ.

70 2012 120 2052 cf.
151 2012 391 2065 Diogenian.
423 2012 624 2067 (Leutsch.
658 2012 714 2067 II)
751 2018 783 2063 1,
817 2016 882 2053 23.
915 2017 1094 2065 Apostol.
1127 2018 1162 2064 1,
1186 2018 1238 2055 94
1265 2008 1437 2064 Ἀκεσίας
1467 2014 1618 2057 ἰάσαιτο

0 2072 3 2074 ’
102 2099 111 2109 .
138 2099 147 2108 .
178 2068 247 2110 καὶ
273 2066 584 2123 Ἀριστοφάνης·
612 2067 788 2119 Ἀκεσίας
817 2073 896 2110 κτλ.
935 2072 1099 2111 Bekker.
1129 2073 1278 2112 Anecd.
1311 2073 1403 2121 371,
1440 2077 1487 2114 19
1516 2071 1618 2114 Ἀκε·

0 2156 9 2167 <
69 2124 160 2174 σίας
189 2123 281 2167 ἀντὶ
310 2133 383 2167 τοῦ
413 2125 557 2181 ἰατρός.
590 2131 774 2168 comicum
803 2130 1086 2179 interpretatur
1115 2130 1197 2168 Zell
1218 2130 1458 2170 Ferienschr.
1482 2131 1500 2169 I
1525 2134 1615 2171 116.

2 2183 11 2221 ;’
69 2196 117 2224 ex
146 2185 410 2236 epirrhemate
433 2188 575 2237 poetae
597 2188 824 2236 excerptum
845 2199 929 2225 esse
948 2188 1062 2235 putat
1081 2186 1326 2227 Leutschius.
1358 2189 1399 2226 at
1418 2187 1617 2228 Dobraeus

68 2237 114 2280 ἐν
142 2237 310 2297 τετάρτῳ
338 2239 518 2296 ἀμέτρων
548 2241 805 2296 (παροιμιῶν)
842 2256 913 2293 pro
949 2240 991 2281 ἐν
1027 2239 1307 2295 τετραμέτροις,
1345 2247 1389 2281 ut
1425 2257 1615 2294 gramma-

3 2296 8 2301 ”
65 2298 171 2339 tinus
200 2301 255 2340 sit
283 2301 589 2352 intellegendus.
622 2301 672 2340 cf.
703 2300 853 2339 Nauck.
885 2300 1086 2350 Aristoph.
1108 2300 1202 2351 Byz.
1226 2301 1316 2339 238.
1341 2302 1378 2338 9.
1410 2313 1612 2350 perperam

0 2407 2 2409 ‚
66 2355 115 2396 de
145 2357 385 2398 Archilocho
416 2357 647 2398 Gaisfordus
678 2358 888 2409 cogitabat.

806 2479 889 2523 904

269 2559 463 2617 ἔμπορός
494 2561 580 2615 εἰμι
611 2559 915 2616 σκηπτόμενος

173 2640 475 2696 Ἀριστοφάνης.
509 2642 573 2683 ἐπὶ
603 2643 680 2682 τών
709 2638 1057 2694 προφασιζομένων
1077 2639 1210 2692 ψευδῆ
1230 2638 1295 2708 δια
1315 2638 1475 2680 δειλίαν.
1508 2638 1612 2680 floci-

61 2713 169 2752 γεται
198 2699 274 2755 γὰρ
305 2716 363 2749 τις
393 2700 519 2754 λέγων
547 2699 607 2739 ὅτι
627 2698 689 2739 ὅτε
711 2698 910 2751 πέμπομαι
931 2698 985 2745 εἰς
1005 2697 1188 2749 πόλεμον,
1209 2707 1426 2748 σκηπτομαι
1447 2695 1609 2760 ἔμπορος

0 2763 10 2790 -4
61 2751 186 2797 εἶναι’
219 2755 274 2806 ὥς
305 2765 387 2798 τῶν
417 2757 600 2810 ἐμπόρων
628 2755 681 2809 μὴ
713 2754 895 2805 ἐξιόντων
924 2753 985 2794 ἐπὶ
1021 2753 1088 2800 τὰς
1125 2753 1324 2806 στρατείας
1363 2752 1428 2792 διὰ
1467 2752 1607 2825 τὸηευ-

60 2826 231 2867 χρηστον
260 2814 307 2855 τὰ
337 2814 436 2868 πρὸς
467 2808 620 2866 τροφὴν
649 2812 854 2865 φέροντας.
893 2813 1043 2851 Suidas.
1075 2825 1120 2850 ex
1156 2812 1260 2850 Plut.
1292 2812 1371 2851 904
1412 2811 1471 2850 vel
1504 2811 1605 2849 beel.

62 2874 172 2914 1027
204 2874 373 2914 conficta
402 2874 590 2914 videntur
627 2885 723 2912 esse.
770 2871 818 2913 cf.
851 2883 950 2920 quae
986 2869 1034 2908 ad
1070 2869 1175 2907 Plut.
1207 2869 1287 2908 904
1328 2867 1454 2906 Schol.
1486 2868 1605 2906 aduo-
