1872 3224
252 180 332 224 190
856 169 1220 206 ΦΕΡΕΚΡΑΤΟΤΣ

249 299 367 337 quam
396 284 505 323 tibiis
536 280 868 332 significarentur,
900 278 1020 327 atque
1050 275 1118 314 ubi
1150 274 1368 314 secundum
1409 273 1580 313 musices
1617 272 1832 326 rationem-j

250 344 386 382 dextra
417 340 575 379 deberet
603 339 716 388 parte
747 337 888 375 chorus
920 333 1150 374 conlocatus
1181 344 1289 384 esse,
1321 330 1483 370 sinistra
1512 330 1829 382 conspiceretur(

249 402 287 439 et
324 399 503 437 invicem.
548 391 712 441 ἀσπίδες
751 394 845 432 sunt
882 389 1039 431 ordines
1072 390 1253 429 militum.
1375 389 1440 427 12.
1472 388 1498 427 i.
1529 401 1565 428 e.
1605 383 1725 438 6612„
1746 390 1843 445 τῆς,ζ

248 454 440 506 ποιήσεως
469 457 548 491 τῶν
577 448 845 502 διθυράμβων
874 444 1014 499 αὐτοῦ,
1055 443 1243 496 καθάπερ
1275 442 1319 484 ἕν
1348 459 1381 484 τ.
1412 440 1524 499 dom,
1551 441 1599 484 τὰ
1620 443 1659 485 δ.
1681 459 1726 496 φ.
1746 438 1815 500 ἆρζ

251 514 314 551 14.
356 512 402 550 de
438 510 639 560 Phrynide
677 509 726 548 of.
767 506 976 556 Aristoph.
1016 504 1124 544 Nub.
1166 505 1246 543 971
1292 515 1382 542 cum
1424 503 1595 555 interpr.
1640 501 1815 544 Bekkcr.

249 568 398 608 Anecd.
423 568 487 616 63,
512 568 564 605 27
596 562 872 617 στρόβιλος·
907 561 1081 602 Πλάτων
1103 557 1223 614 (254)
1245 557 1312 599 καὶ
1332 564 1610 611 μεταφορικῶς
1628 555 1819 613 κέχρηταί

248 623 327 665 ἐπὶ
370 620 496 679 ᾠδῆς
541 621 889 676 κιθαρῳδικῆς
933 617 1061 659 πολὺν
1106 616 1273 669 ἐχούσης
1313 615 1500 669 τάραχον.
1561 618 1611 658 of.
1641 617 1765 659 Mein.
1793 616 1822 661 I

250 685 314 722 76.
391 684 454 721 16.
477 682 601 732 lyram
625 681 797 731 quinque
819 678 975 717 chordis
995 677 1236 717 instructam
1257 677 1388 715 aetate
1408 675 1659 716 Pherecratis
1677 675 1722 716 in
1741 686 1818 732 m

249 740 370 778 fuisse
398 741 520 789 negat
550 737 755 776 Hanovius
787 731 890 789 (51),
923 736 1111 786 quoniam
1143 733 1367 783 Terpandri
1406 732 1723 784 heptachordum
1750 744 1817 773 us-

250 811 324 847 que
368 797 416 835 ad
462 795 716 834 Timotheum
754 793 894 832 musici
931 792 1227 843 usurpaverint.
1260 791 1369 830 Plut.
1401 790 1506 830 Mor.
1541 790 1648 830 1141
1667 789 1708 830 d.
1769 786 1818 831 de

247 853 464 892 harmoniis
502 851 760 902 heptachordi
797 850 847 890 cf.
877 850 1051 889 Boeckh.
1090 849 1151 888 De
1182 850 1299 887 metr.
1330 847 1448 887 Pind.
1480 848 1577 888 212.
1609 845 1817 889 Thierseh.
1862 851 1872 924 i

248 911 403 960 Proleg.
434 910 550 948 Pind.
583 909 651 947 43.
784 908 849 947 18.
880 903 1130 957 ἀνέλαβεν
1167 906 1194 945 i.
1227 919 1259 946 e.
1289 917 1351 944 me
1388 903 1542 954 refecit,
1583 906 1685 946 vires
1719 904 1820 947 mhi
1865 934 1872 951 ,

248 968 424 1006 reddidit.
462 967 562 1005 Xen.
604 966 707 1004 Hell.
746 967 782 1013 6,
815 966 861 1012 5,
900 965 951 1002 21
995 961 1038 1002 ἐκ
1079 962 1148 1014 τῆς
1187 960 1372 1015 πρόσθεν
1409 958 1591 1014 ἀθυμίας
1622 958 1752 1002 ἐδόκει
1780 974 1818 1001 τι
1868 969 1872 984 *

249 1020 573 1074 ἀνειληφέναι
614 1020 701 1073 τὴν
742 1019 906 1060 πόλιν.
1028 1022 1093 1060 19.
1131 1015 1509 1073 κατορώρυχεν,
1546 1021 1694 1071 sepeliit
1720 1020 1818 1060 ise.

249 1082 391 1120 occidit.
551 1080 616 1118 20.
649 1079 696 1117 de
732 1092 807 1119 usu
842 1073 1269 1129 pronominis-oevooc
1303 1077 1354 1117 cf.
1395 1090 1498 1128 quae
1535 1077 1726 1119 adnotavi
1763 1075 1817 1118 nd

247 1138 449 1188 Aristoph.
479 1137 584 1176 Nub.
619 1137 726 1175 1427
758 1138 798 1175 et
826 1136 932 1176 Nub.
964 1136 1060 1174 424.
1179 1136 1247 1174 21.
1277 1134 1497 1185 πυρρίας
1527 1134 1577 1175 cf.
1609 1132 1817 1187 Aristoph-

247 1195 347 1233 Ran.
381 1196 461 1234 730
491 1207 579 1233 cum
607 1195 773 1244 interpr.
892 1194 958 1233 23.
989 1189 1193 1245 ἀγαπᾶν
1223 1195 1286 1232 est
1314 1194 1479 1242 mirifice
1506 1193 1583 1234 sibi
1611 1192 1656 1232 in
1684 1192 1819 1244 aliqua

249 1264 291 1290 re
313 1253 478 1300 plaeere.
536 1251 755 1301 Antiphan.
792 1251 938 1290 Athen.
979 1251 1022 1298 6,
1059 1251 1141 1290 323
1153 1263 1186 1290 e.
1237 1250 1344 1289 Plat.»
1377 1250 1492 1302 Reip.
1531 1252 1578 1300 1,
1621 1249 1707 1291 330
1723 1246 1817 1289 BC.

248 1308 423 1359 Euthyd.
467 1309 547 1348 303
565 1309 604 1346 d.
651 1308 803 1348 Phileb.
837 1309 888 1348 62
907 1308 942 1347 d.
982 1304 1294 1359 μυρμηκιάς,
1330 1309 1377 1347 ut
1414 1307 1624 1359 Aristoph.
1656 1306 1816 1348 Thesm.

253 1367 345 1405 100.
376 1365 530 1405 Aelian.
560 1365 610 1405 H.
643 1379 675 1404 a.
708 1367 746 1414 6,
767 1366 821 1404 43
851 1362 1073 1417 μυρμήκων
1103 1362 1148 1404 ἐν
1176 1363 1375 1420 γεωρυχία
1404 1362 1586 1412 ποικίλας
1623 1378 1665 1404 τε
1693 1360 1816 1416 ἄτρα-

248 1414 348 1468 ποῦς
368 1420 434 1460 καὶ
454 1414 634 1474 ἑλιγμοὺς
654 1419 721 1461 καὶ
741 1420 963 1474 περιόδους.
995 1423 1260 1463 translatione
1290 1435 1387 1462 usus
1417 1423 1479 1462 est
1508 1422 1558 1462 ad
1589 1421 1818 1475 significan·

250 1480 318 1518 dos
347 1492 530 1518 numeros
560 1479 741 1528 musicos,
773 1481 842 1530 qui
871 1482 1035 1531 propter
1064 1480 1339 1519 incredibilem
1361 1492 1551 1520 sonorum
1579 1479 1818 1520 varietatem

250 1538 291 1574 et
327 1536 570 1575 celeritatem
606 1537 859 1576 formicarum
897 1538 1004 1577 ultro
1036 1538 1212 1588 citroque
1243 1537 1555 1577 discurrentium
1586 1536 1817 1584 similitudi·

254 1605 345 1631 nem
386 1594 559 1632 referant
605 1589 830 1647 (Meinek.).
968 1595 1035 1636 25.
1067 1590 1279 1633 ἀνέλυσε
1323 1595 1430 1634 idem
1475 1597 1540 1634 est
1577 1592 1685 1645 quod
1718 1606 1758 1635 v.
1790 1593 1817 1633 5

251 1648 525 1700 χαλαρωτέραν
563 1647 732 1701 ἐποίησε.
791 1651 1019 1691 Nicomach.
1059 1651 1195 1691 Harm.
1236 1651 1277 1690 II
1309 1653 1361 1691 35
1401 1652 1520 1691 Meib.
1564 1649 1760 1703 Τιμόθεος
1794 1645 1817 1690 ὃ

252 1705 450 1756 Μιλήσιος
490 1701 562 1757 τὴν
597 1703 866 1759 ἑνδεκάτην
909 1701 1060 1761 χορδὴν
1097 1713 1296 1761 προσῆψε.
1341 1709 1445 1749 Plin.
1476 1709 1527 1748 N.
1566 1708 1606 1748 h.
1656 1710 1701 1758 7,
1733 1707 1821 1749 204

251 1760 473 1817 (chordam)
510 1768 683 1804 octavam
711 1765 930 1805 Simonides
958 1767 1121 1816 addidit,
1151 1779 1332 1807 ‘nonam
1365 1767 1599 1807 Timotheus.

361 1845 496 1871 versus
529 1834 693 1872 26—28
715 1834 963 1874 Pherecratis
991 1848 1077 1875 esse
1098 1835 1204 1874 inter
1228 1848 1366 1875 omnes
1387 1837 1559 1876 constat.
1589 1835 1683 1886 post
1701 1847 1740 1876 v.
1762 1834 1817 1875 23

250 1888 477 1928 inserendos
507 1903 590 1929 esse
611 1893 744 1930 censet
763 1891 973 1943 Bergkius.
1003 1888 1334 1944 ὑπερβόλαιοι
1364 1892 1453 1932 soni
1473 1894 1569 1933 sunt
1595 1891 1818 1933 acutissimi

251 1946 292 1984 in
322 1948 535 1996 systemate
564 1948 736 1997 quodam
766 1961 814 1987 ex
855 1951 1044 1999 quattuor
1081 1950 1146 1989 vel
1183 1950 1359 2001 quinque
1395 1949 1677 2001 heptachordis
1713 1961 1818 1990 oom-

251 2003 378 2051 posito
416 1999 629 2055 (Gaudent.
662 2005 854 2045 Harmon.
887 2006 1034 2046 introd.
1066 2008 1090 2046 9
1123 2006 1283 2058 Meib.),
1328 2008 1398 2058 qui
1428 2007 1517 2048 soni
1558 2006 1816 2058 antiquorum

254 2058 490 2099 Graecorum
504 2062 701 2101 sententia
716 2065 822 2102 recte
840 2064 1027 2103 dicuntur
1041 2059 1253 2106 ἀνόσιοι.
1285 2063 1519 2116 νίγλαροι
1535 2066 1670 2104 autem
1683 2076 1817 2104 merae

254 2118 346 2154 sunt
375 2129 501 2166 voces,
532 2119 676 2168 quibus
707 2122 815 2159 certa
844 2121 977 2171 aliqua
1006 2122 1246 2172 significatio
1276 2135 1359 2162 non
1388 2121 1568 2162 subiecta
1597 2123 1670 2170 est,
1700 2120 1817 2172 qualo

255 2172 442 2223 Aeschyli
472 2177 532 2213 est
561 2177 813 2226 φλαττοθρατ
836 2178 1008 2228 (Hanov.
1031 2176 1116 2230 56),
1139 2179 1420 2230 Aristophanis
1450 2176 1705 2231 θρεττανελό,
1737 2177 1817 2218 alia

253 2228 292 2266 id
323 2242 459 2279 genus.
491 2231 537 2269 cf.
560 2233 765 2283 Aristoph.
788 2234 887 2274 Ach.
911 2235 1005 2274 554.
1028 2235 1172 2286 Eupol.
1197 2237 1290 2275 110.
1314 2236 1532 2287 Phrynich.
1557 2237 1625 2276 69.
1645 2238 1818 2287 καμπῶν

253 2286 368 2323 simul
385 2288 564 2334 flexiones
582 2302 777 2340 sonorum,
801 2292 917 2330 simul
938 2305 1074 2332 erucas
1098 2294 1292 2333 brassicae
1308 2290 1547 2348 (ῥαφάνοις)
1565 2294 1819 2335 adhaerentes

255 2342 459 2392 significat.
489 2347 663 2386 ceterum
695 2348 741 2386 de
772 2351 858 2388 tota
887 2350 959 2388 hac
989 2350 1126 2401 ecloga
1155 2351 1204 2390 cf.
1226 2350 1467 2402 Westphalii
1498 2350 1592 2391 edit.
1615 2350 1724 2391 Plut.
1755 2350 1816 2390 De

258 2400 404 2438 musica
433 2414 473 2450 p.
505 2403 571 2441 22.
603 2405 640 2445 3.
672 2405 740 2443 53.
771 2406 810 2447 4.

995 2541 1075 2584 146

459 2636 555 2692 εἰκῆ
584 2635 630 2692 μ’
665 2639 832 2697 ἐπῆρας
864 2639 971 2685 ὄντα
1001 2645 1290 2699 τηλικουτονὶ

457 2707 637 2756 πολλοῖς
667 2708 861 2763 ἐμαυτὸν
893 2711 1129 2766 ἐγκυλῖσαι
1159 2713 1432 2770 πράγμασιν.

458 2769 542 2825 ἐγώ
573 2773 675 2831 γὰρ,
707 2769 891 2834 ὧνδρες,
920 2778 1041 2834 ἡνίκ’
1074 2775 1133 2836 ἦν
1163 2784 1398 2839 νεώτερος,

457 2839 646 2884 ἐδόκουν
674 2843 758 2898 μὲν
789 2845 1020 2902 ἐφρόνουν
1051 2847 1093 2890 δ’
1125 2847 1278 2905 οὐδέν,
1310 2848 1424 2892 ἀλλὰ
1456 2850 1605 2893 πάντα
1633 2865 1710 2906 μοι
1788 2904 1791 2905 ⁷
