1872 3224
204 188 290 230 466
801 186 1195 221 ΑΡΙΣΤΟΦΑΝΟΤΣ

958 288 1041 332 287

412 356 566 407 αὐτοῖς
596 359 814 413 σταθμοῖς
846 356 1027 413 ἐξέβαλε
1057 353 1137 407 τὰς
1168 355 1397 412 σιαγόνας.

320 442 488 482 Photius
511 438 737 491 σταθμούς·
758 437 1050 492 Ἀριστοφάνης
1069 438 1282 493 Δράμασιν
1302 442 1382 479 κτλ.
1415 434 1503 480 οἷον
1517 443 1600 489 τοῖς
1621 442 1788 492 φλειοις.

206 501 329 540 codex
358 501 572 549 σταθμοῐςε
614 495 771 550 ἐξέβαλε
810 496 879 545 τὰς
911 496 1103 550 σιαγόνας
1141 491 1230 536 οἷον
1267 501 1350 546 τοῖς
1390 500 1563 549 φλειοῖς·
1603 521 1660 528 -—
1695 509 1788 538 στα-

205 555 359 608 θμούς·
390 552 663 608 άριστοφάνης
701 554 902 608 δραμασιν
931 551 1083 602 αὐτοῖς.
1131 552 1304 596 correxit
1333 556 1550 597 Porsonus.
1580 557 1788 608 praeterea
1864 584 1872 591 -

206 617 292 661 ταῖς
324 607 460 664 φλιαῖς
493 613 736 653 Dindorfius.
770 614 940 654 confert
974 613 1174 665 Bergkius
1212 613 1500 664 Epicharmum
1539 614 1790 665 Athen.1o‚
1859 593 1872 676 1

206 671 326 710 411b
357 671 399 711 in
438 671 625 710 Busiride
667 671 716 711 de
754 671 927 711 Hercule
965 671 1062 710 haec
1101 671 1322 711 dicentem.
1359 675 1519 723 πρῶτον
1556 669 1631 723 μὲν
1665 669 1717 711 αἲ
1746 666 1789 711 π’

206 725 368 768 ἔσθοντ’
403 727 506 776 ἴδοις
537 742 616 780 νιν,
645 722 883 776 ἀποθάνοις.
920 725 1055 796 βρέμει
1096 724 1171 779 μὲν
1209 724 1229 767 ὃ
1269 726 1404 798 φάρυξ
1443 724 1601 780 ἔνδοθ’,
1645 725 1796 783 ἀραβεῖ
1862 741 1872 779 ξ

206 783 246 825 δ’
292 782 317 824 ἆ
342 784 533 855 γνάθος,
579 789 712 837 ψοφεῖ
745 781 853 825 δ’ὁ
891 781 1079 838 γόμφιος,
1119 782 1266 838 τέτριγε
1304 782 1407 824 δ’ὁ
1446 784 1656 836 κυνόδων,
1695 784 1792 835 σίζει

206 840 251 882 δὲ
288 846 375 890 ταῖς
412 842 585 896 ῥίνεσσι,
630 846 741 883 κινεῖ
775 840 816 882 δ’
866 840 1007 883 οὔατα.
1067 856 1208 884 verum
1251 844 1348 894 quid
1392 844 1434 884 in
1479 844 1554 884 tali
1592 844 1793 885 sententia
1867 862 1872 867 ·

205 902 331 941 verba
362 898 518 953 ἐξέβαλε
549 898 618 948 τὰς
660 898 849 953 σιαγόνας
890 902 967 942 sibi
1005 901 1133 940 velint
1170 902 1323 942 nescio:
1362 915 1455 941 nam
1495 914 1586 942 suas
1626 901 1792 953 quidem
1824 940 1830 942 ,
1866 907 1872 911 “

206 959 390 998 maxillas
420 960 489 1009 qui
519 959 604 998 edit
632 972 714 999 non
746 959 912 999 excutit.
955 959 1092 1009 itaque
1129 961 1200 998 aut
1238 959 1287 998 de
1327 959 1454 999 leonis
1493 960 1630 1010 aprive
1672 958 1792 1000 caede

208 1017 467 1068 cogitandum
513 1029 599 1055 esse
642 1029 803 1066 censeo,
850 1017 914 1056 cui
954 1016 1150 1056 Hercules
1195 1017 1320 1056 malas
1365 1017 1599 1068 excusserit,
1639 1018 1711 1057 aut
1754 1017 1790 1057 si
1870 1023 1872 1026 “

209 1074 258 1113 (10
278 1074 414 1124 ‘ipsius
445 1074 639 1113 edacitate
677 1075 796 1114 sicuti
834 1074 940 1125 apud
976 1074 1263 1124 Epicharmum
1307 1074 1404 1114 haec
1451 1074 1659 1127 dicunt-ur,
1697 1073 1792 1115 scri-

207 1131 382 1171 bendum
413 1131 596 1171 existimo
629 1128 856 1183 ἐπέβαλε.
900 1131 1044 1172 ‘malas
1064 1133 1182 1171 etiam
1203 1131 1385 1181 postibus
1413 1132 1584 1181 iniecit',
1615 1132 1644 1171 i.
1677 1144 1710 1172 e.
1739 1143 1792 1172 ne

207 1189 393 1239 postibus
423 1188 587 1239 quidem
625 1189 768 1229 domus
804 1190 1008 1240 pepercit:
1049 1189 1387 1240 quemadmodum
1417 1189 1491 1229 Ion
1521 1189 1563 1229 in
1595 1187 1791 1254 Omphale

209 1246 364 1285 dixerat
394 1243 561 1298 (Athen.
596 1247 659 1295 10,
692 1248 773 1285 411
788 1243 834 1300 b)
872 1242 953 1285 ὑπὸ
991 1242 1035 1285 δὲ
1067 1250 1138 1298 τῆς
1178 1244 1390 1298 βουλιμίας
1428 1243 1617 1286 κατέπινε
1646 1243 1715 1286 καὶ
1744 1238 1792 1286 τὰ

207 1305 310 1342 κᾶλα
339 1301 407 1342 καὶ
438 1301 531 1351 τοὺς
561 1300 788 1355 ἄνθρακας.
821 1305 958 1355 itaque
987 1305 1190 1355 pertinere
1220 1304 1318 1344 haee
1339 1304 1528 1345 videntur
1548 1305 1598 1359 ad
1621 1303 1792 1344 Centau-

208 1374 310 1400 rum.
344 1362 395 1401 ef.
428 1361 562 1401 Schol.
595 1361 716 1412 Vesp.
750 1363 804 1402 60
834 1358 906 1416 (fr.
941 1361 1056 1413 289).

964 1438 1048 1481 288

416 1506 582 1558 πάντες
611 1505 657 1549 δ’
689 1508 826 1550 ἔνδον
855 1508 1199 1563 πεταχνοῦνται.

325 1590 554 1630 Athenaeus
588 1593 652 1640 11,
675 1591 794 1631 4960
823 1587 1030 1642 πέταχνον.
1070 1588 1261 1655 ποτήριον
1299 1587 1516 1631 ἐκπέταλον
1551 1624 1561 1634 .
1597 1623 1606 1632 .
1639 1605 1788 1644 .·μνη

210 1645 370 1699 μονεύει
401 1644 529 1688 αυτοῦ
559 1645 646 1687 καὶ
652 1644 941 1700 Ἀριστοφάνης
972 1645 1017 1687 ἐν
1048 1642 1236 1699 Δράμασι
1265 1645 1392 1701 λέγων
1421 1650 1502 1688 κτλ.
1548 1653 1791 1700 πεταχνοῦν·

211 1719 274 1744 ται
304 1703 494 1758 casaub]
525 1711 788 1757 πεταχνεῦται
817 1705 1192 1756 1711.πετεχνευται
1222 1705 1268 1745 Ρ.
1300 1704 1591 1757 πεντάχνευται
1611 1707 1657 1746 Β.
1689 1706 1792 1747 Pho-

210 1764 291 1803 tius
321 1767 629 1814 πεταχνοΰνται·
670 1760 971 1813 ἐξυπτιοῦνται,
1010 1767 1230 1815 τρυφῶσιν.
1290 1762 1467 1815 Hesych.
1507 1765 1805 1813 πεταλοῢνται·Ι

211 1818 473 1870 έξυπτίωνται
503 1817 578 1874 (sic
608 1817 898 1889 scribendum),
931 1824 1150 1872 τρυφῶσιν.
1189 1823 1228 1860 et
1255 1817 1475 1860 πέτακνον·
1506 1819 1699 1873 ποτήριον
1727 1817 1790 1860 ἐκ-

210 1875 399 1917 πέταλον·
445 1874 550 1944 (τὸ)
575 1874 620 1916 δὲ
657 1873 756 1917 αὐτὸ
801 1875 869 1917 καὶ
909 1875 1119 1929 πέταχνον.
1163 1874 1365 1930 πέδαχνα·
1405 1892 1452 1917 τα
1491 1875 1685 1918 ἐκπέταλα
1722 1891 1790 1918 και

212 1934 421 1988 φιαλοειδῆ
450 1931 633 1987 ποτήρια.
669 1934 958 2002 πεδαχνοῦται*
990 1933 1244 1988 ἐξυπτίωται,
1275 1939 1424 1990 τρυφα.
1457 1939 1599 1976 versus
1628 1935 1791 1977 videtur

212 2006 297 2033 esse
317 1993 603 2044 paroemiacus.
634 1994 760 2033 miror
788 1996 924 2033 tamen
944 2006 1015 2033 cur
1035 1993 1266 2034 Athenaeus
1293 2006 1367 2044 pro
1388 1994 1565 2034 nominis
1595 1989 1795 2044 πέταχνον

213 2051 395 2101 exemplo
437 2051 620 2090 attulerit
665 2064 826 2091 versum
871 2063 949 2101 quo
994 2050 1163 2091 verbum
1207 2051 1343 2102 potius
1387 2051 1438 2090 ab
1481 2063 1528 2091 eo
1569 2050 1793 2092 derivatum

213 2108 477 2148 contineatur.
528 2108 681 2148 aceedit
717 2109 934 2160 singularis
973 2108 1153 2148 codicum
1183 2108 1368 2149 variatio.
1408 2108 1593 2160 quocirca
1621 2108 1794 2148 fortasse

214 2165 468 2205 scribendum
499 2161 702 2216 πέταχν’
725 2163 839 2217 αἴρο
852 2179 937 2204 ντα
948 2179 974 2205 ι.
1005 2165 1166 2205 videtur
1187 2165 1379 2206 Centauri
1400 2178 1486 2206 esse
1504 2166 1792 2218 fragmentum.

964 2265 1049 2308 289
1073 2255 1077 2258 ⁸

331 2348 462 2388 Schol.
494 2348 615 2399 Vesp.
650 2350 704 2388 60
743 2345 787 2387 ἐν
825 2348 906 2395 τοῖς
945 2343 1022 2399 πρὸ
1061 2341 1202 2387 τούτου
1240 2345 1539 2401 δεδιδαγμένοις
1575 2345 1794 2400 Δράμασιν

214 2405 270 2453 εἰς
300 2403 375 2457 τὴν
397 2401 642 2458 Ηρακλέους
672 2401 898 2457 ἀπληστίαν
927 2397 1052 2444 πολλα
1082 2404 1325 2458 προείρηται.
1358 2403 1574 2458 Δράμασιν
1592 2405 1790 2446 Wilamo-

214 2461 326 2516 witz]
359 2460 570 2515 δράμασιν.
619 2464 920 2512 discernuntur,
959 2463 994 2502 si
1030 2464 1139 2503 recte
1179 2462 1512 2503 Wilamowitzius
1553 2461 1669 2514 (obs.
1702 2463 1791 2503 erit.

136 2541 143 2546 -
217 2518 289 2572 13)
327 2522 519 2571 coniecit,
556 2521 750 2560 Dramata
787 2521 880 2560 ante
915 2519 1069 2571 Vespas
1105 2521 1148 2559 et
1184 2522 1275 2571 post
1305 2520 1457 2571 Vespas
1495 2521 1600 2559 acta.
1640 2520 1684 2559 in
1720 2519 1802 2559 illa·

214 2578 340 2628 igitur
360 2579 404 2629 (i.
428 2592 463 2618 e.
486 2579 528 2618 in
550 2576 768 2631 Centauro)
790 2577 974 2618 Herculis
994 2577 1199 2628 inexpleta
1229 2577 1404 2618 edacitas
1434 2577 1732 2620 traducebatur.

927 2680 929 2684 ’
963 2676 1050 2720 290

331 2759 462 2800 Schol.
493 2760 613 2812 Vesp.
637 2763 687 2801 61
713 2761 814 2801 Ven.
846 2755 893 2799 οὐ
921 2757 1048 2812 μόνον
1079 2756 1124 2798 έν
1152 2761 1234 2806 τοῖς
1268 2756 1479 2812 Δράμασιν
1508 2758 1689 2828 εἰσῆκται
1717 2755 1791 2798 m‘f—

217 2831 293 2864 τως
324 2813 572 2886 Εὐριπίδης,
603 2814 701 2857 ἄλλα
732 2816 801 2857 καὶ
830 2815 875 2857 έν
904 2815 958 2871 τῷ
989 2811 1204 2869 Προάγωνι
1231 2813 1299 2854 καὶ
1329 2813 1374 2855 ἐν
1403 2818 1484 2864 τοῖς
1512 2812 1789 2870 Ἀχαρνεῦσιν.

216 2875 333 2914 Ald.:
366 2870 414 2913 οὐ
443 2867 568 2925 μὸνεν
597 2872 642 2913 δὲ
672 2873 717 2914 ἐν
747 2873 871 2929 τούτῳ
902 2878 956 2929 τῷ
985 2871 1158 2926 δράματι
1188 2869 1386 2928 (Vespis).
1422 2873 1529 2924 quod
1550 2887 1640 2914 011111
1662 2873 1789 2915 mani·
