1872 3224
224 204 307 247 232
851 194 1150 231 ΕΤΠΟΛΙΔΟΣ

223 310 380 349 rettulit
401 307 631 346 Runkelius.
664 304 714 344 cf.
739 304 805 342 94.
829 303 895 341 96.
926 299 1080 340 Gellius
1105 301 1141 347 1,
1163 299 1226 346 15,
1247 298 1299 336 13
1320 296 1534 338 Salumias
1564 295 1793 346 ‘loquax'
1817 349 1822 352 μ

224 368 350 416 &nquit
381 366 558 415 ‘mayis
587 374 733 412 quam
761 358 1052 408 facundus'.

983 434 1039 478 96

428 521 576 576 ῥήτωρ
607 519 694 574 γάρ
728 517 822 561 ἐστι
854 518 945 558 νῦν
975 530 1054 566 τις,
1085 511 1141 557 ὅν
1170 511 1217 568 γ’
1250 514 1374 556 ἔστιν
1405 511 1587 566 λέγεινς,
1610 530 1623 543 ·

425 593 476 632 Β.
511 585 534 631 ὁ
563 583 793 642 Βουζύγης
823 583 1008 639 ἄριστος
1037 581 1282 638 ἁλιτήριος.

336 673 532 712 Aristides
563 671 604 710 II
637 672 717 709 174
747 670 868 709 Dind.
909 664 1192 718 ἀνεπίφθονον
1232 663 1461 719 (Περικλεῖ)
1498 662 1566 704 καὶ
1588 661 1798 736 ’,καθαρὰν

223 729 296 782 τὴν
325 728 546 783 μαρτυρίαν
581 724 812 766 ἀποδέδωκε
850 723 976 778 λέγων
1014 721 1069 772 ὡς
1108 721 1151 763 ἐκ
1182 720 1280 762 δέκα
1310 722 1450 763 ποδῶν
1479 719 1554 775 μὲν
1583 719 1672 777 ᾔρει
1700 719 1795 771 τοὺς

224 787 392 841 ρ”ητορας
425 785 468 825 ἐν
497 789 578 834 τοῖς
608 783 751 837 λόγοις,
783 782 910 835 μόνου
941 780 985 821 δὲ
1015 780 1150 821 πευθώ
1181 795 1239 828 τις
1262 777 1500 828 ἐπεκάθιζεν
1530 777 1596 820 ἐπὶ
1616 784 1699 828 τοῖς
1719 778 1794 832 χεί-

221 848 346 884 λεσιν·
369 842 499 883 πάντα
523 836 696 882 δἐἶναι
729 840 932 890 φλυαρίαν
960 833 1059 891 πρὸς
1092 836 1260 878 ἐκεῖνον.
1293 836 1394 888 φησὶ
1422 843 1543 891 γοῦν·
1566 835 1700 891 ῥήτωρ
1718 835 1796 891 γάρ

223 900 303 941 ἐστι
332 904 411 941 κτλ.
445 898 492 940 ὅν
521 897 559 953 γ’
595 897 679 953 GL]
713 893 773 938 (ὃν
801 895 856 950 γ’.
900 899 986 949 ‘qui
1017 896 1396 938 commemoratione
1427 896 1575 964 dignus
1614 895 1698 937 sit-⁹
1735 887 1796 935 οὖν
1860 924 1872 949 '.

222 974 265 1012 γε
295 961 322 999 i.
354 973 387 999 e.
428 955 600 1009 (ἄριστος
637 962 718 996 τῶν
747 953 928 1008 ρητόρων
966 952 1038 1002 οὓς
1079 968 1123 1007 γε
1161 951 1330 1021 ῥήτορας
1370 950 1523 1002 ἔξεστιν
1551 948 1792 1003 ὀνομάζειν.
1865 955 1872 964 ’

222 1017 355 1058 Reisk.
451 1019 486 1055 2.
525 1012 725 1066 ἁλιτήριος
763 1015 928 1053 Porson.
969 1013 1072 1052 Adv.
1115 1009 1188 1063 75]
1226 1006 1438 1063 ἁλιτήριος.
1497 1005 1706 1075 ἀλητήριος
1744 1008 1794 1050 G.

221 1075 402 1124 Buzyyes
431 1085 651 1124 cognomen
680 1074 742 1111 est
770 1071 1028 1111 Demostrati.
1062 1070 1112 1111 cf.
1144 1070 1212 1111 97.
1244 1081 1292 1108 ex
1318 1069 1453 1109 verbis
1483 1062 1680 1108 πάντα-
1691 1063 1794 1107 ἐκεῖ·

222 1145 294 1170 νον
337 1132 506 1182 Raspius
545 1131 772 1169 trimetrum
815 1128 1042 1178 composuit
1077 1125 1255 1179 φλυαρία
1301 1121 1425 1165 παντ’
1466 1123 1550 1166 ε’στὶ
1586 1122 1686 1196 πρὸς
1723 1121 1796 1164 τὸν

224 1185 432 1251 Περικλέα,
464 1188 717 1227 Hermannus
748 1189 881 1225 autem
913 1186 1085 1225 duorum
1124 1184 1313 1235 reliquias
1344 1178 1475 1222 πάντα
1504 1178 1546 1222 δ’
1578 1176 1634 1236 ἦν
1662 1183 1794 1234 φλυα-

223 1244 287 1297 ρία
313 1242 319 1298 Ι
345 1237 442 1297 πρὸς
474 1243 639 1283 ἐκεῖνον.
670 1247 713 1283 at
733 1244 921 1282 videntur
941 1243 1144 1293 sophistae
1168 1241 1290 1282 verba
1309 1255 1397 1282 esse
1423 1240 1595 1293 (Mem.)
1618 1241 1796 1281 ceterum

223 1303 271 1342 ef
304 1302 422 1342 etiam
452 1301 734 1342 Wilamowitz.
766 1301 905 1340 Herm
936 1300 1057 1339 XIIII
1090 1301 1184 1339 183.

984 1388 1038 1430 97

426 1472 471 1512 τί
500 1470 719 1524 κέκραγας
749 1468 902 1524 ὥσπερ
933 1467 1167 1524 Βουζύγης
1197 1465 1520 1523 ἀδικούμενος;

338 1554 467 1594 Schol.
499 1554 701 1615 Aristoph.
733 1554 831 1616 Lys.
866 1554 946 1592 397
982 1550 1264 1604 Δημόστρατος
1301 1550 1502 1605 Βουζύγης
1534 1549 1696 1604 ἐλέγετο.
1745 1548 1796 1591 ὃν

224 1605 451 1662 Χολοζυγην
481 1604 590 1649 εἶπεν
621 1603 685 1649 διὰ
718 1603 759 1648 τὸ
788 1610 1046 1661 μελαγχολᾶν.
1078 1624 1146 1648 και
1176 1607 1353 1656 Εὔπολις
1392 1606 1435 1648 δὲ
1476 1607 1520 1649 ἐν
1550 1607 1708 1661 Δήμοις
1739 1605 1794 1657 ὡς

222 1663 402 1718 μανιώδη
432 1663 555 1706 αυτὸν
584 1665 685 1719 λέγει
714 1666 879 1721 (εἰσάγει
913 1667 1073 1719 Meinff)
1107 1666 1147 1705 τί
1183 1665 1382 1719 κέκραγας
1412 1669 1496 1706 κτλ.
1530 1663 1683 1719 Δήμοις
1713 1667 1794 1707 Ku-

225 1723 369 1777 sterus]
404 1723 541 1778 Δήμῳ.
588 1725 638 1763 ef.
679 1725 883 1775 Aristoph.
925 1724 1019 1774 Lys.
1053 1727 1149 1764 391.
1182 1727 1222 1764 3.
1255 1727 1290 1764 7.
1337 1727 1424 1765 erat
1464 1725 1740 1765 Demostratus
1770 1738 1792 1764 e

224 1782 474 1832 Buzygarum
504 1785 621 1832 gente
653 1783 865 1832 oriundus,
905 1783 952 1819 de
979 1796 1057 1832 qua
1088 1783 1137 1821 cf.
1171 1783 1431 1822 Schoemann.
1465 1782 1607 1832 Antiq.
1639 1778 1723 1833 8¹2²
1752 1781 1794 1821 II

225 1839 320 1878 255.
353 1839 448 1887 464,
480 1842 639 1889 praeter
666 1842 817 1878 eeteros
849 1852 986 1879 suasor
1016 1839 1283 1889 expeditionis
1316 1840 1549 1880 Siciliensis.
1591 1834 1793 1891 ἁλιτήριος

226 1894 293 1945 (fr.
328 1894 399 1946 96)
433 1896 578 1935 dicitur
609 1896 863 1946 quodfmulti
895 1897 1071 1936 infausto
1104 1897 1236 1936 omine
1266 1910 1353 1936 eam
1386 1896 1681 1947 expeditionem
1710 1908 1793 1936 sus·

227 1954 380 2002 ceptam
410 1966 495 1993 esse
526 1954 823 1992 existimabant.
875 1954 924 1992 cf.
956 1955 1079 1994 etiam
1099 1954 1280 2006 Thucyd.
1305 1955 1344 2002 8,
1371 1957 1412 1994 1..
1439 1967 1511 1994 cur
1530 1948 1792 2004 ἀδικούμενος

226 2009 457 2059 adpelletur,
501 2011 543 2048 in
588 2012 699 2049 tanta
737 2011 952 2062 fragment-i
991 2012 1208 2062 exiguitate
1246 2012 1461 2052 obscurum
1499 2014 1574 2052 est.
1625 2024 1718 2050 nam
1749 2023 1795 2050 ea

224 2066 383 2115 quidem
415 2080 533 2116 quam
563 2067 732 2118 Raspius
763 2068 897 2107 adfert
926 2069 1206 2120 interpretatio
1236 2069 1350 2108 nulla
1378 2072 1451 2109 est.

227 2200 429 2250 ΠΕΡῙΚΛ.
452 2207 474 2251 ὁ
495 2210 633 2262 νόθος
654 2212 705 2254 δέ
724 2228 799 2268 μοι
821 2215 870 2271 ζῇ
883 2232 892 2263 ;
984 2156 1039 2199 98

226 2285 461 2319 ΜΤΡῼΝΙΔ.
930 2283 1005 2325 καὶ
1041 2283 1181 2324 πάλαι
1215 2279 1259 2336 γ’
1297 2280 1357 2325 ἂν
1387 2276 1446 2339 ἦν
1475 2279 1609 2338 ἀνήρ,

442 2347 483 2388 εἰ
510 2345 569 2402 μή
601 2346 651 2390 τὸ
681 2351 759 2403 τῆς
789 2350 962 2406 πόρνης
992 2348 1264 2406 ὑπωρρώδει
1295 2350 1450 2393 κακόν.

338 2417 576 2458 Plutarchus
598 2420 742 2461 Pericl.
767 2423 820 2461 24
851 2421 966 2462 δοκεῖ
989 2419 1033 2462 δὲ
1064 2420 1132 2461 και
1161 2419 1231 2460 τὸν
1251 2417 1378 2460 νόθον
1399 2419 1443 2461 ἐκ
1463 2417 1608 2472 ταύτης
1628 2417 1790 2474 (Ἀσπα-

226 2471 334 2524 σίας)
367 2480 572 2526 τεκνῶσαι,
603 2476 689 2529 περι
720 2479 768 2518 ου
800 2479 1020 2531 πεποίηκεν
1050 2476 1229 2526 Εὔπολις
1260 2476 1304 2518 ἐν
1335 2477 1489 2529 Δήμοις
1525 2476 1683 2518 αυτὸν
1718 2475 1792 2545 μὲν

226 2526 351 2576 ου’τως
383 2529 656 2582 ἐρωτῶντα·
716 2532 737 2573 ὁ
770 2560 821 2564 -
854 2538 921 2590 ζῇ;
957 2534 1028 2575 τὸν
1065 2535 1110 2575 δὲ
1148 2534 1495 2586 Μυρωνίδην
1511 2530 1790 2585 ἀποκρινό-

225 2600 396 2634 μενον·
430 2587 497 2627 και
525 2589 647 2628 πάλαι
677 2607 700 2643 γ
749 2595 828 2631 κτλ.
860 2594 1098 2644 Harpocrat.
1130 2594 1199 2641 37,
1225 2595 1274 2631 18
1306 2591 1422 2631 δοκεῖ
1446 2590 1485 2641 ἐξ
1517 2588 1644 2643 αὐτῆς
1675 2589 1790 2643 ε’σχη-

228 2640 339 2681 κέναι
369 2640 388 2681 ὁ
422 2646 620 2697 Περικλῆς
652 2646 722 2688 τὸν
746 2645 959 2701 ὁμώνυμον
989 2645 1097 2703 αὐτῷ
1129 2646 1326 2701 Περικλέα
1357 2642 1426 2688 τὸν
1457 2645 1598 2698 νόθον,
1636 2644 1690 2695 ὥς
1723 2647 1790 2699 ἐμ.-

227 2698 363 2748 φαίνει
399 2699 465 2739 καὶ
507 2701 683 2752 Εὔπολις
723 2703 766 2743 ἐν
804 2710 884 2753 τοῖς
926 2704 1093 2757 Δήμοις.
1155 2706 1287 2746 Schol.
1327 2706 1508 2746 Platonis
1540 2708 1619 2746 391
1660 2706 1788 2745 Bekk.

225 2753 311 2806 ἔσχε
341 2753 384 2795 δὲ
415 2755 454 2805 ἐξ
485 2773 609 2817 αυτης
641 2755 660 2799 ὃ
680 2762 892 2828 Περικλῆς
923 2762 1054 2802 νόθον
1082 2760 1190 2814 υἱόν,
1229 2758 1297 2812 ἐφ’
1330 2777 1361 2816 ῳ
1401 2760 1470 2801 καὶ
1499 2759 1678 2802 ἐτελεύτα
1709 2767 1793 2802 τῶν

226 2811 402 2863 γνησίων
430 2814 808 2870 προαποθανόντων,
840 2816 895 2866 ὥς
916 2818 1096 2886 Εὔπολις
1130 2816 1296 2870 Δήμοις.
1330 2819 1424 2860 nisi
1443 2820 1516 2859 id.
1506 2833 1652 2871 ipsum,
1682 2820 1791 2870 quod

228 2871 433 2911 meretrice
464 2885 504 2913 se
534 2877 671 2914 natum
700 2889 786 2916 esse
818 2879 910 2927 scit,
941 2878 1117 2918 animum
1150 2878 1233 2918 eius
1255 2877 1526 2924 deprimeret?
1558 2877 1678 2917 Mein.
1709 2889 1791 2917 non
