1872 3224
0 0 152 322 ἕ

0 327 28 414 Ξ

613 208 839 243 ΣΕΡΙΦῙΟΙ
873 208 1167 243 ΤΡΟΦΩΝΙΟΣ
1635 210 1689 253 79

1 317 15 332 ⁴
89 310 240 352 νικίσαι
284 311 424 367 (-ῆσαι
462 310 592 366 0οᾶ.·)
632 309 722 352 ἀντὶ
760 317 833 352 τοῦ
869 306 923 365 μὴ
962 311 1084 354 κενὸν
1122 319 1301 367 ποιῆσαι.
1362 329 1482 365 quam
1522 317 1686 367 quidem

11 380 20 386 ··
86 371 287 422 glossam,
328 372 536 439 meliorem
576 373 798 410 ceterorum
837 373 1195 423 grammaticorum
1234 374 1587 422 00111111011113,310
1624 388 1688 413 ex-

86 428 278 479 plendam
309 441 451 469 censeo
481 425 536 480 μή
567 426 688 467 κενὸν
717 427 859 479 ψόφον
889 435 1067 481 ποιῆσαι.
1098 428 1153 481 μή
1185 431 1292 470 0111111
1323 445 1371 470 ex
1404 430 1567 472 Cratino
1598 432 1686 483 ipso

87 488 290 526 retentum
322 499 408 528 0330
439 487 627 526 arbitror.
659 499 751 525 nam
785 500 874 526 cum
908 487 1120 528 Telenicus
1151 489 1306 528 Phania
1350 489 1492 529 Eresio
1524 493 1686 530 auctore

88 541 257 613 (Athen.
289 545 355 594 14,
390 546 472 584 638
490 543 530 597 0)
561 541 730 595 ποιητὴς
761 546 983 596 μοχθηρῶν
1017 543 1151 597 νόμων
1171 546 1308 595 fuerit,
1339 546 1527 587 Cratinus
1550 549 1683 588 verbis

85 598 148 653 μὴ
179 601 490 642 τελενικίσαι
513 603 599 655 (vel
621 600 736 656 -σῃς)
767 603 929 642 inanem
949 603 1168 643 verborum
1199 605 1415 655 stiepitum
1445 605 1530 645 fieri
1560 608 1685 647 vetat.

201 659 267 699 Ad
300 660 505 712 Seriphios
535 663 701 711 propter
732 660 878 711 fragm.
914 661 1010 710 208,
1043 663 1067 701 3
1099 661 1338 702 Leutschius
1375 663 1502 702 refert
1533 664 1682 703 Zenob.

86 717 126 766 3,
152 719 218 758 77.
249 718 492 770 Diogenian.
516 719 556 768 4,
581 718 634 757 55
667 714 710 757 ἐν
739 714 783 756 δὲ
805 717 1039 773 διχοστασίῃ
1060 716 1130 757 καὶ
1147 715 1410 771 Ἀνδροκλέης
1433 723 1683 773 πολεμαρχεῑ.

7 774 9 776 ’
85 772 156 828 (fr.
198 775 325 828 458),
365 776 590 816 Meinekius
629 775 739 815 Plut.
773 776 875 815 Mor.
909 777 1035 817 6021)
1067 774 1132 831 (ἐν
1171 776 1350 847 Σερίφῳ)
1394 776 1522 829 φησὶν
1551 775 1572 817 ὁ
1603 794 1683 818 κω-

83 829 199 884 μικὸς
230 836 318 881 ταῖς
357 830 602 884 σφενδόναις
640 833 869 898 τρυγᾶσθαι
908 832 976 873 καὶ
1013 833 1148 873 πάντα
1187 832 1292 887 ἔχειν
1328 832 1438 874 όσων
1476 835 1541 875 δεῖ
1578 835 1683 891 (per-

83 903 223 941 peram
256 890 431 932 Cobetus
462 887 511 931 οὐ
541 890 624 942 δεῖ)
656 885 730 943 τὴν
761 896 902 943 νῆσον.
935 893 1089 932 30111001
1120 893 1217 933 haec
1246 907 1405 944 quoque
1440 894 1488 933 de
1511 907 1557 934 eo
1580 898 1682 934 tem-

83 961 181 999 pore
211 949 507 1000 praedicantur,
529 963 608 1000 quo
630 950 811 989 nondum
835 950 984 990 sterilis
1007 953 1094 991 erat
1113 952 1257 992 insula.
1289 952 1340 991 cf.
1364 952 1486 991 etiam
1508 953 1557 992 fr.
1582 955 1679 993 309.

740 1075 1033 1110 ΤΡΟΦῼΝΙΟΣ

199 1157 259 1197 De
303 1159 465 1198 oraculo
513 1158 735 1208 Trophonii
783 1171 909 1209 prope
957 1159 1185 1198 Lebadeam
1231 1161 1274 1199 in
1319 1160 1488 1200 Boeotia
1520 1162 1596 1201 sito
1629 1162 1679 1202 cf.

82 1215 197 1256 Paus.
219 1217 257 1264 9,
282 1216 348 1256 39.
379 1216 479 1256 Luc.
513 1217 619 1256 Dial.
651 1218 771 1256 mort.
796 1218 836 1255 3.
869 1216 1053 1256 Bursian.
1086 1216 1233 1269 Geogr.
1263 1231 1324 1269 gr.
1357 1218 1461 1258 1207
1480 1232 1539 1269 sq.
1571 1220 1679 1270 quod

81 1286 163 1314 non
193 1273 314 1313 modo
347 1273 520 1314 Croesus
551 1275 757 1315 consuluit
789 1273 958 1326 (Herod.
993 1277 1039 1324 1,
1079 1271 1174 1329 46),
1215 1276 1285 1315 sed
1323 1277 1447 1316 etiam
1485 1278 1679 1327 permulti

83 1331 261 1371 Socratis
293 1332 495 1382 aequales.
528 1345 615 1371 eam
647 1332 976 1383 superstitionem
1014 1333 1334 1384 praestigiaeque
1372 1347 1463 1374 cum
1500 1348 1548 1373 ea
1586 1347 1677 1375 con-

81 1389 242 1429 iunctas
272 1389 346 1430 hac
383 1390 521 1429 fabula
557 1390 718 1431 videtur
756 1390 1036 1441 exagitavisse.
1071 1391 1219 1442 Bergk.
1252 1392 1300 1431 R.
1333 1403 1366 1431 0.
1398 1391 1485 1432 Α11.
1519 1393 1601 1431 214
1618 1406 1676 1444 sq.

82 1446 222 1488 eodem
267 1448 354 1487 sine
400 1447 523 1487 dubio
569 1448 737 1488 consilio
778 1448 1033 1499 Trophonios
1071 1449 1317 1500 scripserunt
1365 1449 1677 1503 cephisodorus,

81 1504 233 1555 Alexis,
265 1504 498 1546 Menander.

841 1594 926 1638 218

336 1671 394 1718 οὐ
424 1682 553 1718 σῖτον
585 1672 771 1731 ἅρασθζ
804 1673 887 1731 οὐχ
918 1672 1072 1719 ὕπνου
1103 1678 1259 1732 λαχεῖν
1290 1676 1436 1733 μέρος.

193 1758 365 1798 Bekker.
404 1759 554 1801 Anecd.
588 1760 693 1809 358,
734 1761 758 1798 2
798 1763 838 1800 et
878 1761 1024 1800 Suidas
1064 1758 1267 1813 ἄρασθαι·
1307 1760 1674 1815 προσενέγκασθαι.

80 1814 278 1869 Κρατῖνος
334 1816 567 1871 Τροφωνίῳ.
614 1818 754 1857 eadem
787 1819 962 1858 Zonaras
1006 1820 1059 1858 93
1108 1819 1271 1868 (omisso
1318 1822 1454 1859 tamen
1499 1822 1674 1861 auctoris

78 1874 280 1926 nomine).
351 1875 458 1926 apud
499 1875 665 1915 Suidam
709 1874 910 1928 αἴρασθαι
955 1872 1002 1930 (i.
1041 1890 1076 1918 e.
1123 1873 1324 1929 α’ρασθαι)
1364 1877 1414 1919 A.
1474 1878 1674 1930 Bergkius

78 1933 296 1983 postquam
325 1933 373 1972 R.
406 1945 441 1973 0.
472 1933 560 1973 Α11.
595 1934 677 1972 216
708 1934 912 1973 1101111110111
943 1934 1122 1984 aliquem
1154 1935 1497 1985 superstitiosum,
1530 1937 1672 1976 morbo

78 1990 257 2041 graviter
287 1990 534 2040 confectum,
575 1993 622 2030 ut
652 1992 740 2031 cibo
771 1992 992 2031 abstineret
1021 2005 1094 2032 nec
1125 2004 1313 2031 somnum
1344 2006 1484 2044 capere
1522 1996 1672 2045 posset,

78 2047 298 2098 significari
318 2048 434 2098 dixit,
464 2062 503 2098 p.
520 2049 602 2088 217
627 2049 778 2088 eisdem
798 2049 932 2089 verbis
955 2049 1157 2090 hominem
1179 2050 1256 2089 dici
1277 2051 1580 2102 interpretatur,
1602 2053 1672 2102 qui

78 2104 127 2144 de
157 2105 279 2144 rebus
319 2106 402 2144 suis
439 2105 559 2145 deum
601 2106 876 2147 sciscitaturus
914 2107 957 2146 in
995 2110 1156 2146 antrum
1202 2108 1477 2158 descenderit,
1518 2111 1560 2148 et
1598 2123 1672 2149 nec

78 2162 213 2202 cibum
243 2175 318 2203 1100
349 2176 536 2203 somnum
567 2176 709 2215 capere
739 2165 794 2204 ibi
827 2165 1015 2216 potuerit.

835 2277 921 2320 219

426 2354 570 2412 ξίφιζε
601 2354 678 2400 καὶ
708 2356 891 2410 σπόδιζε
921 2357 998 2401 καὶ
1028 2358 1314 2415 διαρρικνοῦ.

183 2451 655 2514 Etym01.m.27o,5
695 2426 1054 2506 διαρρικνοῦσθαι·
1095 2452 1138 2492 τὸ
1181 2451 1256 2505 τὴν
1293 2449 1431 2502 ὀσφὺν
1467 2454 1667 2508 φορτικῶς

77 2502 294 2560 περιάγειν.
325 2508 488 2561 Κράτης
512 2509 742 2579 Τροφωνίῳ
773 2509 1021 2564 διαρρίκνου.
1083 2512 1258 2551 Zonaras
1290 2513 1372 2551 529
1413 2510 1667 2565 διαρρικνοῦ-

77 2567 200 2604 σθαι
231 2563 276 2605 τὸ
306 2563 381 2618 τὴν
419 2563 555 2618 ὀσφὺν
592 2573 790 2621 φορτικῶς
821 2568 1040 2622 περιάγειν.
1073 2567 1249 2620 Κράτης.
1284 2566 1459 2623 σπόδιζε]
1493 2569 1667 2618 σπάθιζε

77 2623 164 2663 cod.
196 2624 287 2663 Par.
311 2624 456 2691 Et.ym
487 2627 531 2665 et
561 2626 706 2666 Zonar.
747 2627 796 2667 K.
832 2626 1050 2678 utrumque
1087 2628 1249 2668 falsum.
1311 2628 1568 2667 scribendum
1608 2629 1667 2669 vi-

78 2681 197 2721 detur
226 2676 485 2751 σπύρθιζε.
529 2683 737 2735 Aristoph.
758 2685 809 2724 fr.
833 2685 930 2724 858.
966 2683 1665 2737 Ηο3γο11.σπυρθίζειν·σπᾶσθαι.

76 2736 145 2777 καὶ
174 2735 429 2791 ἀγανακτεῖν.
461 2739 707 2806 πυδαρίζειν.
729 2740 797 2781 καὶ
818 2737 998 2792 σφύζειν.
1029 2741 1411 2806 Ηο33γο11.ξιφίζειν·
1441 2739 1668 2783 άνατείνειν

77 2793 152 2847 τὴν
196 2799 307 2848 χεῖρα
349 2795 416 2837 και
461 2792 684 2850 ὀρχεῖσθαι.
726 2798 932 2851 ξιφισμός·
975 2799 1106 2851 σχῆμα
1144 2791 1394 2852 ορχηστικόν.
1432 2801 1537 2840 1ᾶο111
1576 2801 1664 2840 δια-

78 2857 322 2906 ρικνοῦσθαι
353 2853 471 2909 (310)·
505 2854 571 2895 ἐπὶ
601 2855 798 2908 σχήματος
836 2853 1074 2909 ὀρχηστικοῦ
1112 2856 1278 2896 τίθεται.
1317 2854 1381 2896 ὁτὲ
1417 2855 1462 2897 δὲ
1501 2856 1565 2898 ἐπὶ
1595 2859 1664 2898 τοῦ

78 2910 397 2963 συνεστράφθαι.
429 2916 471 2953 01
501 2913 796 2967 διερικνοῦντο·
836 2945 845 2954 .
864 2945 872 2953 .
893 2945 902 2954 .
937 2912 1100 2954 ἐκίνουν
1134 2930 1204 2962 τας
1243 2909 1373 2966 ὀσφῦς
1411 2911 1662 2967 ἀσχημόνως.
