1872 3224
226 297 358 334 nepos,
401 283 447 320 de
481 270 567 330 'quo
614 279 663 317 cf.
709 277 875 326 interpr.
923 272 1127 323 Aristoph.
1165 271 1243 311 Av.
1282 271 1377 311 281.
1424 269 1559 320 itaque
1596 263 1792 312 τάλαιναν

228 354 310 381 esse
355 339 496 385 Poesin
546 337 610 375 vel
668 336 821 373 Musam
867 330 1075 381 Aeschyli,
1135 328 1198 367 cui
1255 328 1339 368 vim
1389 326 1534 390 fecerit
1578 325 1789 380 Philocles,
1844 334 1858 361 ”2

228 398 359 448 opinio
405 398 465 434 est
503 392 722 438 Duebneri,
771 390 839 440 qui
879 388 1019 428 scribit
1055 381 1140 424 ἄλλ’
1181 381 1206 436 ἡ
1246 383 1371 424 τμΦ.
1410 382 1686 436 βδελυττεται,
1728 379 1793 423 fu
1844 403 1869 434 ff,-

226 452 367 507 γύννις
400 449 502 490 ἐστὶν
531 451 624 499 κτλ,
655 449 741 498 ipse
770 450 903 486 tamen
933 446 1097 485 invento
1129 444 1200 482 sim
1230 455 1311 481 non
1342 442 1568 483 contentus.
1615 440 1792 483 Cobetus
1847 437 1871 463 Ὺ

227 513 274 550 N.
296 512 321 548 l.
346 511 410 549 37.
433 509 457 547 8
488 508 632 546 Poesin
661 506 770 555 loqui
798 503 1061 554 probabiliter
1092 501 1311 539 arbitratur
1340 511 1502 538 versum
1529 498 1722 550 supplens
1739 497 1791 539 Φ.
1848 501 1865 542 ὲ,

227 563 492 619 βδελύττομαι.
525 565 691 602 alterum
716 574 872 600 versum
895 559 1147 599 scribendum
1169 570 1255 596 esse
1276 555 1320 595 εἰ
1340 551 1378 593 δ’
1403 553 1546 595 ἐστὶν
1565 549 1792 607 αἰσχρός,
1855 563 1863 568 ¹⁴

228 621 476 673 Αἰσχύλου
499 615 707 672 φρόνημ’
734 616 806 669 ἔχε
820 632 833 654 ι
864 618 1154 656 demonstrasse
1175 614 1273 653 mihi
1302 613 1441 653 videor
1460 613 1564 652 Mus.
1585 612 1662 654 Rh.
1682 612 1794 652 XXX

228 682 322 731 412,
354 683 438 718 tum
469 678 646 717 nesciens
677 677 756 715 iam
794 674 1105 714 Herwerdenum
1147 671 1279 725 (Stud.
1320 671 1408 710 crit.
1441 672 1549 721 poet.
1580 682 1686 713 scen.
1718 666 1794 726 ⁰7¹2)

227 738 395 777 similem
426 736 688 775 coniecturam
728 732 979 783 proposuisse
1017 727 1076 769 ὅτι
1106 724 1265 780 αἰσχρός
1298 725 1426 780 ἐστιν,
1460 725 1663 779 Αἰσχύλου
1692 724 1794 780 φρό-

230 790 322 845 νημ’
356 791 467 844 ἔχων.
501 791 680 831 coneedit
700 790 836 829 Poesis
867 788 1163 828 deformitatem
1184 786 1389 835 Philoclis,
1421 785 1490 827 sed
1520 785 1644 825 simul
1673 785 1794 825 etiam

229 853 410 890 excusat:
443 863 519 899 qua
540 849 580 887 in
598 861 639 887 re
661 860 741 886 non
763 845 1077 886 obliviscendum
1099 848 1159 884 est-
1190 843 1400 894 Sophoclis
1423 841 1622 894 Oedipum
1641 842 1794 895 Regem

228 923 249 947 a
278 907 453 947 Philocle
493 907 637 945 victam
678 918 772 943 esse.
813 899 838 953 ἡ
878 901 1067 950 τάλαινα,
1105 903 1152 940 ut
1189 900 1398 951 Aristoph.
1428 899 1528 939 Rau.
1572 900 1681 941 1346
1719 896 1796 952 ἐγώ

228 963 265 1003 δ’
298 962 323 1003 ἁ
355 962 518 1002 τάλαινα
545 966 584 1002 et
614 962 762 1011 Diphil.
794 961 940 1000 Athen.
974 962 1010 1008 7,
1045 959 1155 999 307f
1192 953 1213 996 ὁ
1250 955 1294 996 δὲ
1333 953 1452 1004 τάλας
1484 949 1560 1010 ἐγώ
1589 958 1671 998 κτλ.

226 180 309 222 214
809 167 1178 204 ΤΗΛΕΚΛΕΙΔΟΤ

991 1094 1042 1136 15

342 1180 469 1219 Schol.
494 1179 591 1218 Ven.
614 1178 815 1228 Aristoph.
833 1177 953 1227 Vesp.
983 1178 1087 1216 1187
1108 1172 1411 1226 Ἀνδροκλέα
1435 1204 1445 1214 .
1468 1204 1476 1213 .
1500 1205 1509 1214 .
1536 1172 1796 1228 Τηλεκλείδης

230 1234 272 1275 ἐν
297 1233 494 1283 “Ησιόδοις
525 1234 590 1275 καὶ
617 1233 882 1286 Ἐκφαντίδης
913 1231 1354 1286 βαλλαντιοτόμον.
1396 1230 1441 1272 ἐν
1465 1228 1669 1280 Ἡσιόδοις
1699 1233 1795 1273 Din-

231 1291 391 1346 dorfius]
423 1291 466 1331 ἐν
495 1296 576 1340 τοῖς
607 1292 694 1332 δυσ.
729 1293 775 1331 de
803 1291 997 1332 Androclc
1027 1292 1076 1330 cf.
1109 1291 1307 1342 Ecphant.
1331 1291 1370 1330 4.
1404 1290 1556 1330 Cratin.
1581 1291 1677 1331 208.
1701 1291 1796 1331 263.

991 1414 1042 1456 16

344 1498 488 1537 Athen.
510 1500 548 1547 8,
573 1499 689 1536 344d
712 1495 773 1535 ’ὅτι
793 1497 836 1536 δὲ
858 1491 971 1545 οὗτος
994 1493 1310 1551 (Νόθιππος)
1330 1490 1385 1549 ἦν
1405 1493 1426 1536 ὁ
1446 1494 1637 1548 ποιητής,
1658 1495 1798 1548 σαφῶς

238 1554 448 1606 παρίστησι
473 1554 726 1605 Τηλεκλείδης
749 1552 791 1592 ἐν
808 1551 1020 1602 “Ησιόδοις.
1044 1558 1084 1595 et
1104 1555 1241 1605 paullo
1263 1557 1354 1594 ante
1375 1549 1601 1593 Νόθιππον
1621 1551 1691 1594 τὸν
1710 1568 1798 1607 τρα-

233 1610 481 1666 γῳδιοποιόν.
514 1613 562 1651 cf.
584 1613 788 1663 Hermipp.
811 1614 878 1652 45.
931 1626 1020 1651 eum
1043 1613 1078 1651 N
1082 1612 1292 1663 othippum
1313 1625 1395 1652 non
1420 1612 1543 1652 alium
1573 1624 1658 1652 esse
1677 1624 1800 1663 quam
1866 1651 1868 1654 ,

238 1670 481 1719 Gnesippum
512 1670 706 1720 tragicum
736 1670 1050 1720 lascivorumque
1072 1670 1294 1710 carminum
1324 1673 1486 1720 poetam
1507 1671 1549 1709 et
1576 1669 1800 1711 deformato

234 1727 392 1765 nomine
423 1727 618 1776 originem
649 1727 730 1766 eius
761 1729 801 1765 et
831 1728 1064 1767 facultatem
1094 1728 1291 1778 poeticam
1314 1727 1480 1767 inrideri
1510 1727 1608 1767 scite
1629 1727 1803 1767 coniecit

235 1784 511 1879 {Vilaipovlvg}
545 1783 637 1823 Obs.
669 1785 754 1822 crit.
788 1785 854 1823 27.
886 1785 924 1823 8.
967 1785 1015 1826 cf.
1050 1786 1116 1824 34.
1149 1784 1336 1824 Chionid.
1371 1785 1407 1825 4.
1446 1783 1597 1824 Cratin.
1633 1785 1698 1826 15.
1731 1784 1800 1824 9⁷.

273 1853 348 1890 upo
369 1869 378 1879 .
495 1873 503 1881 .
1501 1860 1505 1863 ·

993 1919 1044 1961 17

347 2000 572 2053 Athenaeus
596 2002 659 2049 10,
682 2002 794 2040 436f
810 1994 858 2052 ἧς
883 2000 1185 2053 (Χρυσίλλης
1207 2007 1277 2053 τῆς
1299 2001 1543 2053 Κορινθίας)
1565 1999 1632 2041 καὶ
1653 2002 1800 2054 Περι-

236 2053 461 2117 κλὲαχτὸν
486 2053 756 2107 Ὀλύμπιον
787 2055 902 2109 ἐρᾶν
932 2069 1032 2110 φησι
1066 2059 1324 2111 Τηλεκλείδης
1347 2057 1391 2098 ἕν
1406 2055 1622 2107 Ἡσιόδοις.

994 2194 1046 2236 18

351 2273 478 2312 Schol.
512 2274 712 2324 Aristoph.
735 2275 808 2314 Av.
835 2277 942 2316 1126
978 2276 1236 2327 Τηλεκλείδης
1267 2276 1312 2316 δὲ
1344 2275 1388 2316 ἐν
1412 2273 1586 2332 Ἡσιόδῳ
1615 2273 1670 2325 ὦς
1700 2290 1800 2329 παρ-

239 2327 473 2437 ΞῖιὲἱὲἑονΑτῗ
504 2329 652 2427 ῗτίίὲἒιτι
673 2332 858 2386 κωμῳδεῖ
873 2327 996 2372 αὐτόν
1028 2331 1397 2413 (Προξενίδην).
1429 2335 1482 2375 cf.
1513 2335 1680 2386 interpr.
1711 2334 1803 2375 Ari-

440 2531 576 2587 κόγχη
609 2533 776 2576 διελεῖν
999 2480 1050 2523 19

214 2642 216 2644 ,
356 2614 610 2664 Τηλεκλείδης
643 2614 686 2654 ἐν
718 2613 929 2666 (Ησιόδοις.
970 2620 1114 2658 Athen.
1148 2622 1191 2669 3,
1226 2621 1324 2660 87a.
1365 2619 1515 2673 κόγχην
1540 2618 1576 2660 L
1615 2623 1656 2660 et
1685 2622 1802 2662 Phot.

241 2668 385 2720 κόγχην
416 2669 559 2710 διελεῖν
589 2670 651 2712 ἐπὶ
682 2680 761 2713 τῶν
791 2675 955 2729 ῥᾳδίων.
988 2677 1170 2727 Append.
1202 2691 1314 2727 prov.
1343 2678 1530 2720 Leutsch.
1563 2679 1600 2728 3,
1622 2678 1677 2718 47
1709 2676 1803 2732 κόγ-

242 2739 316 2789 χην
346 2726 489 2766 διελεῖν
519 2726 580 2767 ἐπὶ
610 2734 690 2768 τῶν
719 2731 868 2785 ρ”ᾳδίως
908 2747 944 2771 τι
973 2727 1207 2773 ποιούντων.
1250 2733 1316 2781 καὶ
1353 2731 1504 2787 κόγχην
1541 2733 1684 2783 διεῖλες
1713 2731 1805 2776 ἀντὶ

243 2797 309 2821 του
342 2782 430 2823 ἴσον
462 2781 658 2836 ἐποίησας.
691 2789 738 2827 cf.
771 2789 945 2841 Hesych.
978 2792 1018 2829 et
1050 2791 1159 2833 Suid.
1202 2793 1245 2831 at
1275 2793 1410 2832 eadem
1442 2793 1622 2844 syntaxis
1651 2795 1716 2833 est
1742 2794 1803 2833 at-

241 2854 316 2893 que
347 2842 449 2893 apud
481 2842 682 2896 Aristoph.
704 2845 810 2886 Nub.
834 2848 927 2896 260,
961 2848 1009 2886 de
1040 2861 1118 2900 quo
1149 2862 1266 2891 versu
1297 2850 1564 2902 inprudenter
1593 2849 1805 2893 dubitabat
