1872 3224
207 171 290 214 336
838 165 1139 200 ΕΤΠΟΛΙΔΟΣ

205 276 427 316 Meinekius
465 275 506 312 in
545 273 752 312 Athenaeo
789 263 1052 322 ἀποπάτημα,
1090 282 1334 321 quamquam
1371 270 1490 310 antea
1519 265 1784 324 ἀποτράγημα

206 347 279 385 pro
300 333 494 374 varietate
515 330 700 370 lectionis
721 330 928 368 habuerat.
960 327 1246 379 Bernhardyus
1273 327 1397 367 alium
1417 327 1630 379 Eupolidis
1650 329 1782 369 locum

209 392 258 430 ab
291 391 499 429 Athenaeo
530 387 673 438 respici
703 388 831 437 putat,
863 386 971 437 quod
1001 398 1085 425 non
1115 387 1178 425 est
1206 385 1292 425 veri
1322 385 1468 425 simile.
1508 386 1557 425 de
1593 385 1786 437 Didymis

205 448 269 488 vel
299 445 573 497 Didymaehia,
605 457 722 494 quem
762 443 905 483 Suidas
943 443 1063 482 etiam
1094 443 1136 482 in
1166 456 1205 483 v.
1247 440 1512 494 Θαρρελείδης
1544 455 1782 484 commemo-
1842 483 1843 486 ,

206 507 282 554 rat,
314 504 413 543 nihil
444 505 690 552 compertum
722 501 930 540 habemus.

955 623 1040 666 285

410 706 485 748 καὶ
517 706 680 755 σκεῦος
710 703 849 746 οὐδὲν
882 696 1018 758 εὗρον
1050 703 1097 746 ἐν
1127 701 1371 761 τῷκήματι.

321 802 453 842 Schol.
486 801 706 851 Hephaest.
739 801 777 848 2,
811 801 834 838 2
867 798 925 853 (p.
953 801 1002 838 19
1025 799 1151 839 Gaisf.
1186 799 1245 841 ed.
1278 795 1377 852 see.)
1410 795 1606 849 ἔκθλιψιν
1634 802 1784 852 κρᾶσιν

204 857 272 899 καὶ
302 858 549 908 συναίρεσιν,
580 853 635 904 ὥς
666 853 762 907 παρ’
796 852 998 896 Εὐπόλιδι
1029 853 1073 895 ἐν
1104 857 1254 911 Χρυσῷ
1284 853 1409 909 γένει·
1439 854 1507 896 καὶ
1535 860 1681 904 σκεῦος
1699 857 1784 896 κτλ.
1822 892 1825 893 ⁷

208 918 283 958 ‘sic
312 918 354 956 in
385 916 587 967 plerisque
618 915 714 957 Es?
747 913 872 954 Gaisf.

957 1015 1043 1058 286

414 1094 629 1152 ἀριθμεῖν
658 1093 826 1146 θεατὰς
856 1096 1202 1151 ψαμμακοσίους

323 1192 454 1233 Schol.
466 1191 670 1242 Aristoph.
681 1191 851 1230 Acharn.
876 1191 900 1230 3
918 1193 959 1230 et
974 1190 1121 1230 Suidas
1142 1188 1591 1260 ψαμμακοσιογάργαρα.
1615 1187 1659 1230 τὸ
1678 1197 1787 1243 ψαμ-

207 1247 379 1301 μακόσια
418 1244 517 1287 καθ’
559 1245 677 1287 ἑαυτὸ
714 1245 778 1287 ἐπι
814 1246 1000 1299 πληθους
1040 1245 1206 1287 ἐτίθετο.
1257 1246 1365 1300 παρὰ
1403 1244 1477 1300 μὲν
1507 1244 1710 1288 Εὐπόλιδι
1739 1245 1799 1288 ἐν.

208 1305 357 1361 Χρυσῷ
384 1304 490 1358 γένει
520 1307 599 1346 κτλ.
632 1304 941 1357 ψαμμακοσίους
964 1305 1075 1344 Suid.
1100 1301 1150 1360 A]
1183 1305 1501 1357 ψαμμοκοσίους.
1541 1306 1584 1346 in
1605 1305 1715 1346 exitu
1736 1302 1786 1357 νὴ

212 1364 288 1402 Δία
320 1364 480 1414 supplet
508 1364 716 1404 Hanovius
748 1364 889 1403 Exere.
912 1363 1000 1403 orit.
1030 1363 1098 1405 43.
1130 1363 1273 1414 quidni
1304 1360 1374 1403 τὸν
1402 1358 1614 1415 ἆριθμόνῖ
1646 1363 1785 1414 ‘quan-

206 1424 272 1461 tus
303 1422 416 1460 labor
447 1423 509 1460 est
538 1423 781 1471 spectatores
811 1433 1020 1460 numerare
1050 1421 1280 1460 innumeros
1311 1421 1509 1461 numero?

958 1555 1040 1597 287

417 1635 459 1678 εἰ
484 1634 545 1691 μή
576 1651 642 1685 τις
671 1632 815 1690 αὐτὴν
845 1636 1080 1677 κατακλιεῑ

321 1731 492 1770 Bekker.
526 1730 678 1770 Anecd.
714 1731 824 1769 1290
852 1729 956 1769 med.
990 1729 1167 1769 Cramer.
1197 1729 1352 1769 Anecd.
1377 1729 1450 1770 Ox,
1482 1730 1566 1769 1111
1595 1731 1693 1779 420,
1716 1730 1784 1770 29.

209 1788 427 1829 Herodian.
460 1788 501 1826 II
531 1788 706 1851 809,10
736 1787 876 1826 LentZ.
908 1791 1140 1838 σημειοῦται
1170 1783 1212 1825 τὸ
1244 1784 1367 1838 ἐκχεῶ·
1404 1784 1593 1839 δευτέρου
1623 1785 1785 1836 μέλλον-

209 1859 288 1896 τος,
320 1839 406 1884 οἷον
435 1843 503 1883 καὶ
533 1837 576 1882 τὸ
603 1846 827 1891 κατακλιεῐς
857 1841 956 1894 παρ’
979 1839 1178 1883 Εὐπόλιδι
1201 1841 1245 1883 ἐν
1273 1843 1423 1898 Χρυσῷ
1443 1841 1563 1897 γένει,
1595 1837 1682 1884 οἷον
1701 1845 1785 1884 κτλ.

209 1902 386 1942 Cramer.
410 1902 486 1944 An.
510 1901 686 1942 0x.11]1
712 1903 803 1950 195,
829 1902 882 1940 28
905 1900 941 1940 εἰ
958 1895 1013 1952 μή
1042 1915 1101 1948 τις
1124 1896 1255 1953 αὐτὴν
1274 1903 1498 1951 κατακλιεῖ,
1529 1897 1627 1954 παρ’
1651 1896 1787 1940 Εὐπό-

209 1960 288 1998 λιὸι
317 1955 406 1998 ἀντὶ
427 1964 497 1998 τοῦ
517 1955 715 2009 ἅσφαλιεῖ.
747 1959 966 1998 barbarum
986 1959 1096 2009 loqui
1117 1959 1337 1998 arbitratur
1352 1959 1588 2002 Meinekius.
1618 1958 1785 1999 dubium

211 2020 348 2056 utrum
379 2018 613 2056 κατακλινεῐ
638 2030 689 2056 an
719 2013 960 2070 κατακλήσει
990 2016 1122 2056 dicere
1152 2016 1340 2059 voluerit.

958 2150 1041 2193 288

627 2229 762 2273 ἔπειτ’
797 2228 972 2286 εἴσειμ’,
1005 2228 1173 2273 ἐνθάδε
1202 2231 1360 2285 μείνας

628 2299 690 2349 εἰς
720 2297 937 2353 ὤμιλλαν,
969 2296 1058 2341 κᾶν
1086 2296 1147 2354 μὴ
1177 2300 1318 2355 μετίῃ.

325 2394 456 2433 Schol.
495 2394 656 2433 Platon.
691 2395 773 2433 320
811 2394 938 2433 Bekk.
976 2389 1002 2444 ἡ
1043 2389 1088 2432 δὲ
1126 2390 1279 2444 ω’μιλλοὶ
1319 2390 1427 2432 ἐστιν
1464 2407 1563 2432 οταν
1596 2389 1784 2446 περιγρά-

211 2458 364 2498 ψαντες
395 2449 545 2489 κύκλον
576 2448 857 2502 ε’πιρρίπτωσιν
881 2446 1159 2520 αστραγαλους
1188 2446 1215 2501 ἢ
1235 2447 1333 2489 ἄλλο
1353 2465 1403 2500 τι,
1434 2446 1490 2498 ὥς
1513 2450 1558 2505 τῇ
1577 2447 1654 2502 μὲν
1673 2447 1785 2498 ἐντὸς

212 2507 310 2576 βολῇ
341 2504 546 2547 νικώντων
576 2507 622 2578 τῇ
653 2506 697 2546 δὲ
728 2505 839 2554 ἐκτὸς
869 2503 1119 2558 ἡττωμένων.
1151 2505 1334 2555 Εὔπολις
1365 2509 1517 2575 Χρυσῷ
1537 2491 1652 2560 γένει
1669 2521 1784 2559 μετα-

211 2562 346 2633 φέρων
377 2563 440 2604 ἐπὶ
478 2563 553 2616 τὴν
589 2579 632 2603 εκ
670 2563 911 2604 Κυκλώπων
948 2561 1138 2619 (Meinek.
1171 2579 1243 2617 την
1281 2562 1325 2604 ἐν
1362 2547 1510 2618 κύκλῳ)
1548 2562 1785 2604 κατάκλισιν

211 2619 387 2672 τοῦνομα
417 2619 546 2669 ου’τως
576 2621 721 2673 φησίν·
755 2617 874 2661 ἔπειτ’
910 2623 990 2660 κτλ.
1033 2622 1175 2662 Suidas
1206 2620 1376 2674 ὠμιλλα·
1415 2619 1595 2669 Εὔπολις
1633 2619 1784 2676 Χρυσῷ

210 2675 330 2730 γένει·
363 2676 617 2729 ἐπεισείμεθα
647 2675 693 2717 δὲ
722 2678 861 2730 μείνας
893 2678 948 2726 εἰς
972 2676 1163 2729 ω’μιλλαν.
1196 2680 1247 2719 cf.
1270 2681 1318 2718 fr.
1343 2681 1437 2720 250.
1469 2679 1690 2719 Meinekius
1711 2680 1783 2718 aut

211 2731 368 2773 κᾶπειτ’
403 2737 655 2775 scribendum
686 2738 821 2776 censet
849 2738 918 2775 aut
948 2729 1018 2774 εἶτ’
1051 2739 1098 2775 ut
1128 2737 1211 2776 sint
1229 2739 1555 2776 tetrametrorum
1573 2735 1781 2786 reliquiae.

184 2807 190 2812 ·
211 2793 322 2842 prius
352 2805 491 2832 verum
505 2838 508 2842 ¹
521 2793 692 2833 videtur.
723 2795 942 2843 postquam
971 2794 1032 2832 hic
1055 2795 1261 2842 permansi
1288 2798 1491 2843 tamquam
1520 2790 1578 2840 εἰς
1607 2789 1784 2844 ἅμιλλαν

212 2850 396 2899 luderem,
427 2851 508 2889 iam
536 2851 705 2900 intrabo,
737 2852 891 2890 etiamsi
919 2862 980 2890 me
1008 2862 1091 2890 non
1119 2851 1317 2891 arcessat)
