1838 3230
179 196 202 237 7
207 195 262 237 82
330 212 339 220 ι
819 192 1112 227 ΦΙΛΤΛΛῙΟΤ

385 350 708 407 ἀναλφάβητος
963 294 992 337 2

292 434 502 482 Φιλύλλιος
535 434 663 486 Αἰγεῖ.
702 434 1158 482 Bekker.Anecd.83,
1194 436 1261 475 18.
1305 433 1520 482 Φιλύλλιος
1548 431 1761 477 Ruhnken.
1828 464 1830 467 v

179 495 281 533 Tim.
317 495 395 532 167
407 490 450 544 a]
481 490 717 538 Φιλύαλλος.
750 491 893 531 Suidas
923 487 1228 542 αναλφαβητος·
1262 488 1486 543 αμᾶθητος
1517 490 1762 560 γραμμάτων
1824 499 1838 555 -1

178 547 372 589 ἁπάντων
401 547 468 588 καὶ
498 546 542 587 τὸ
572 545 622 599 δὴ
661 544 872 600 λεγόμενον
907 543 1227 601 ἆναλφᾶβητοςζ
1266 545 1509 605 ἅνάλφιτον·
1549 545 1762 598 Φιλυλλιος
1830 558 1838 603 J

178 607 307 659 Αἰγεῖ.
339 608 506 658 adparet
536 606 717 657 Philyllii
747 619 895 646 nomen
925 606 975 645 ad
1004 607 1181 657 priorem
1212 607 1388 658 glossam
1409 607 1760 658 transponendum

179 679 276 704 esse.
301 665 425 705 verba
445 660 652 715 ἅμοὶθητος
675 686 728 691 -
744 659 1028 716 ἀναλφάβητος
1050 664 1236 715 Procopii
1259 677 1343 704 esse
1363 663 1562 704 Kusterus
1583 665 1759 705 monuit.
1832 688 1838 696 ·

877 776 1063 818 ANTEIA
1494 831 1498 835 .

294 871 447 910 Eunico
478 871 527 910 ab
559 871 648 910 aliis
679 871 846 910 tributa.
879 870 927 910 cf.
959 884 998 922 p.
1029 872 1130 912 781.
1162 871 1335 911 Meinek.
1367 870 1387 910 I
1419 871 1516 910 250.

834 983 1106 1017 ATAAANTH

294 1079 329 1117 A
361 1078 484 1118 Suida
522 1080 563 1117 et
592 1078 772 1117 Eudooia
808 1079 1165 1127 commemoratur,
1205 1077 1275 1117 sed
1314 1078 1499 1130 neglecto
1535 1059 1764 1126 litterarum

185 1136 337 1176 ordine.
400 1137 537 1186 itaque
566 1135 714 1188 dubius
746 1137 808 1174 est
837 1135 996 1175 titulus.

902 1239 1039 1283 ATPH

295 1341 356 1381 Cf.
388 1355 488 1392 quae
519 1342 569 1380 ad
599 1342 726 1393 Aegei
757 1342 923 1381 titulum
955 1342 1249 1383 adnotavimus.
1311 1342 1361 1382 ad
1398 1342 1581 1394 Philyllii
1611 1342 1765 1383 aliusve

180 1400 321 1439 comici
352 1401 496 1450 Augen
534 1399 734 1438 Meinekio
771 1399 900 1439 iudice
940 1396 996 1452 (V
1027 1398 1101 1454 57)
1137 1400 1344 1451 pertinent
1379 1412 1481 1450 quae
1517 1398 1622 1451 apud
1660 1399 1762 1440 Mos.

181 1457 398 1496 Chosroen.
430 1457 648 1507 Progymn.
673 1469 743 1496 ms.
769 1457 874 1508 Ang.
897 1457 989 1496 Mai.
1014 1457 1161 1496 Euseb.
1193 1457 1255 1496 ed.
1287 1457 1391 1496 Med.
1423 1470 1462 1507 p.
1495 1457 1579 1496 294
1609 1457 1764 1497 inveni-

179 1516 322 1553 untur:
371 1515 465 1553 dum
502 1516 548 1553 in
584 1513 783 1554 Arcadiae
820 1515 994 1563 quadam
1037 1515 1134 1555 urbe
1169 1515 1313 1563 festum
1353 1515 1562 1554 Minervae
1597 1514 1764 1555 celebra-

181 1575 301 1619 retur,
333 1584 422 1610 cam
452 1572 623 1610 eiusdem
653 1573 847 1611 sacerdote
876 1567 1022 1622 Auyea'
1046 1571 1136 1613 Alei
1162 1573 1249 1620 filia
1286 1573 1444 1611 choreas
1481 1573 1526 1611 in
1561 1571 1764 1612 nocturnis

181 1630 307 1668 saeris
337 1630 511 1678 aqitante
539 1641 623 1668 rem
651 1630 840 1668 Hercules
867 1629 1028 1675 habuit,
1060 1631 1128 1678 qui
1156 1630 1276 1669 huius
1303 1629 1404 1677 furti
1441 1632 1573 1669 testem
1608 1629 1764 1679 reliquit

183 1689 218 1725 ei
247 1687 429 1726 anulum.
488 1687 558 1731 illa
595 1698 642 1730 ex
679 1699 720 1726 eo
751 1687 921 1736 ⁸‹Jrcwida
954 1687 1165 1736 Telephum
1194 1688 1347 1739 peperit
1378 1718 1388 1728 .
1413 1714 1423 1726 .
1446 1716 1455 1725 .
1486 1688 1570 1726 iam
1598 1683 1763 1737 Auqeae
1815 1693 1818 1695 ’

176 1747 293 1792 pater
322 1747 458 1793 stupro
488 1745 638 1794 coynito
673 1775 679 1782 .
713 1776 722 1785 .
755 1743 964 1793 Telephum
993 1744 1149 1793 quidem
1186 1744 1332 1789 deserto
1370 1744 1448 1783 loco
1479 1743 1599 1793 abici,
1630 1744 1700 1783 ubi
1729 1744 1765 1784 is

184 1813 209 1839 a
241 1813 353 1840 cerva
383 1802 559 1840 nutritus
589 1804 654 1849 est,
687 1799 868 1851 Auyeam
896 1805 1027 1841 autem
1056 1802 1196 1851 abysso
1224 1802 1422 1851 submergi
1451 1799 1762 1842 mandanensi„-

179 1859 294 1897 terim
323 1859 513 1898 Hercules
542 1859 595 1898 ad
624 1870 710 1897 eam
738 1860 935 1909 reyionem
964 1859 1114 1898 delatus
1143 1859 1263 1908 deque
1281 1871 1324 1898 re
1339 1862 1449 1909 qesta
1475 1870 1547 1898 suo
1567 1870 1613 1898 επ
1641 1858 1764 1898 anulo

182 1916 408 1955 admonitus
438 1919 472 1955 et
495 1928 667 1964 puerum
697 1928 743 1955 ex
770 1928 810 1955 se
844 1918 1022 1966 yenitwm
1059 1917 1202 1966 eripuit
1237 1919 1271 1956 et
1301 1919 1509 1966 parentem
1543 1917 1674 1965 ipsam
1711 1915 1763 1955 ab

183 1975 356 2012 instante
385 1975 522 2012 mortis
560 1974 786 2013 discrimine
824 1975 1026 2023 expedivit.
1079 1977 1286 2023 praeterea
1323 1974 1467 2014 dicitur
1497 1973 1690 2013 Teuthrae
1717 1984 1764 2012 ex
1813 1969 1817 1974 ’

181 2031 338 2069 oraculo
367 2030 548 2080 Anyeam
577 2043 740 2070 uxorem
769 2029 926 2071 duxisse
940 2046 942 2052 ·
958 2031 1242 2080 Telephumque
1279 2033 1325 2071 in
1351 2032 1428 2079 filii
1456 2031 1535 2070 loco
1564 2030 1760 2070 habuisse.

183 2088 429 2137 scripserunt
444 2088 564 2126 etiam
582 2088 793 2138 Euripides
807 2091 848 2127 et
864 2088 1047 2127 Eubulus
1062 2088 1220 2140 Augen.
1237 2088 1287 2128 cf.
1298 2087 1504 2138 Aristoph.
1521 2087 1622 2127 Ran-
1641 2087 1757 2129 1080.

964 2200 992 2244 3
1056 2243 1059 2246 .

298 2279 373 2322 καὶ
404 2277 460 2335 δὴ
491 2278 845 2335 δεδειπνήκασιν
875 2268 928 2322 αἰ
950 2253 1186 2335 γυναῖκες·
1218 2277 1322 2323 ἀλλ’
1354 2277 1569 2335 ἀφαιρεῖν

298 2345 396 2403 ὥρα
424 2344 540 2390 ’στὶν
569 2346 658 2404 ἤδη
688 2346 766 2399 ’τὰς
793 2348 1026 2431 τραπέζας,
1059 2345 1154 2391 εἶτα
1184 2349 1517 2404 παρακορῆσαι,

299 2418 452 2459 ἔπειτα
484 2415 596 2460 κατὰ
627 2419 793 2473 χειρῶν
823 2415 988 2473 ἑκάστῃ
1020 2411 1094 2460 καὶ
1122 2416 1274 2474 μύρον
1304 2433 1347 2460 τι
1377 2417 1556 2460 δοῦναι.

299 2501 528 2540 Athenaeus
552 2503 589 2549 9,
613 2502 728 2540 408e
762 2498 974 2547 Φιλύλλιος
1005 2496 1046 2539 δ’
1080 2497 1124 2539 ἐν
1155 2497 1275 2555 Αὔγῃ
1305 2514 1405 2539 κατα
1434 2503 1580 2552 χειροῖν
1607 2476 1758 2564 (ὕδωρ)

184 2555 344 2626 εἴρηκεν
373 2554 500 2604 οὕτως
530 2560 612 2596 κτλ.
652 2550 738 2596 ἀλλ’
778 2554 970 2610 ἀφαιρεῖν
998 2557 1140 2598 Dawes
1171 2557 1340 2597 Miscell.
1375 2558 1454 2596 121
1486 2553 1629 2610 Kidd.]
1660 2549 1758 2596 ἀλλὰ

185 2612 334 2667 φέρειν.
368 2616 620 2655 simillimum
649 2617 714 2655 est
742 2615 924 2655 Platonis
955 2615 1006 2655 fr.
1037 2616 1104 2655 69.

965 2728 995 2769 4

300 2803 435 2856 αὐτὸς
465 2806 619 2861 φέρων
649 2806 837 2862 πάρειμι
868 2807 1032 2862 πυρῶν
1064 2804 1285 2861 ἐκγόνους
1313 2804 1548 2862 τριμήνων

299 2876 674 2930 γαλακτοχρῶτας
703 2874 958 2930 κολλάβους
986 2875 1200 2932 θερμούς.
