1872 3224
203 186 291 227 622
567 187 575 195 ·
858 185 1135 220 ΠΛΑΤΩΝΟΣ

810 299 1165 334 ΜΑΜΜΑΚΤΘΟΣ

320 370 382 410 Of.
415 370 640 421 Metagenis
671 370 806 409 fabula
837 381 883 410 eo
912 371 1074 410 nomine
1105 371 1314 423 inscripta.
1346 372 1521 413 Meinek.
1551 372 1572 411 I
1604 372 1700 414 175.

852 506 1132 541 ΜΕΝΕΛΕΩΣ

314 576 488 627 Raptum
520 576 697 616 Helenae
727 577 895 617 ridicule
927 578 1087 618 videtur
1115 578 1391 619 inmutavisse.

973 689 1028 732 74

1233 747 1333 790 εἰπέ
1359 762 1450 803 μοι,

409 811 470 864 ὥς
501 811 631 869 ὀλίγα
662 811 797 857 λοιποὶ
827 815 921 857 τῶν
953 812 1404 871 ἐπιτραπεζωμάτων.

406 885 459 925 Β.
492 881 515 925 ὁ
547 880 636 938 γαρ
666 886 848 926 θεοῖσιν
880 882 1046 940 ἐχθρὸς
1076 881 1191 927 αὐτὰ
1221 883 1490 941 κατέφαγεν.

315 966 548 1006 Athenaeus
582 967 646 1015 14,
680 967 797 1006 6411)
837 963 1012 1006 Πλάτων
1047 963 1087 1006 δ’
1129 964 1173 1006 ἐν
1210 965 1402 1023 Μενέλεῳ
1433 962 1780 1022 ἐπιτραπεζώματα
1858 950 1872 1005 13

201 1018 303 1063 αὐτὰ
344 1016 411 1077 (τα
450 1021 747 1077 ἐπιφορηματα)
785 1025 918 1077 καλεῖ,
958 1019 1045 1063 οἷον
1082 1022 1128 1063 τὰ
1162 1008 1420 1077 ἐπιτιθέμενα
1455 1028 1540 1073 ταῖς
1571 1022 1780 1079 τραπέζαις
1857 1002 1872 1049 l

201 1080 412 1134 βρώματα,
452 1078 578 1133 λέγων
607 1078 735 1129 οὕτως
765 1082 847 1121 κτλ.
895 1083 937 1121 et
966 1083 1012 1131 4,
1049 1083 1158 1122 l70f
1184 1080 1320 1150 ε’λεγον
1349 1079 1394 1122 δὲ
1422 1081 1491 1123 καὶ
1520 1079 1780 1136 ἕπιτραπεζαί-
1858 1085 1872 1127 j.

199 1153 302 1190 ματα
324 1136 370 1177 τὰ
393 1135 650 1188 ἐπιτιθέμενα
672 1144 719 1193 τῇ
741 1136 911 1194 τραπέζῃ
931 1113 1134 1192 ssquluocw.
1166 1140 1339 1179 Πλατων
1361 1137 1580 1211 Μενελάῳ
1606 1137 1663 1189 ὥς
1693 1141 1776 1181 κτλ.
1870 1167 1872 1171 -

201 1193 259 1248 (v.
293 1194 350 1250 2).
399 1196 637 1236 Eustathius
669 1197 791 1246 1141,
815 1198 855 1236 5.
906 1197 1083 1248 Hesych.
1116 1194 1485 1250 ἐπιτραπεζωματα·
1525 1194 1573 1237 τὰ
1604 1194 1779 1237 ἐπιτιθέ-

200 1267 300 1304 μενα
332 1255 418 1300 ταῖς
449 1250 658 1305 τραπέζαις
689 1252 893 1306 βρώματα.
934 1255 1192 1295 scribendum
1221 1255 1382 1295 videtur
1410 1260 1511 1303 πῶς
1546 1250 1673 1325 ὀλίγα
1691 1257 1774 1295 κτλ.

202 1313 270 1360 qm:
296 1313 342 1360 fit
371 1315 416 1351 ut
446 1313 528 1350 tam
559 1323 708 1362 paucae
739 1312 820 1352 sint
848 1312 1073 1363 reliquiae?
1126 1315 1168 1352 et
1195 1326 1236 1353 v.
1269 1314 1294 1352 3
1334 1313 1504 1354 fortasse
1541 1313 1587 1353 Β.
1626 1308 1674 1352 οὖ
1703 1309 1781 1366 γαρ
1844 1315 1872 1351 ἐ

206 1370 302 1408 oe.
334 1391 388 1396 —-
420 1365 662 1420 κατέφαγεν;
1867 1427 1872 1430 ⁴

973 1459 1026 1500 75
1096 1477 1101 1482 ·
1862 1434 1872 1519 ἰ

320 1540 519 1580 Zenobius
541 1542 655 1589 6,17
689 1538 736 1578 τί
763 1536 851 1579 οὐκ
880 1536 1103 1592 ἆπήγξω,
1135 1539 1219 1579 ἴνα
1240 1537 1515 1594 Θήβησιν”
1486 1555 1620 1610 ηρως
1640 1537 1777 1596 γένῃ;

202 1594 348 1649 ταύτης
379 1595 555 1636 Πλάτων
586 1595 630 1636 ἐν
672 1594 862 1652 Μενέλεῳ
901 1595 1110 1650 μέμνηται.
1161 1596 1264 1651 φασὶ
1306 1596 1351 1638 δὲ
1387 1596 1449 1638 οτι
1480 1596 1525 1638 ἐν
1558 1594 1712 1652 Θήβαις
1742 1598 1785 1638 οἱ
1862 1613 1867 1621 ’

204 1652 370 1701 ἑαυτοὺς
406 1650 667 1707 ἀναιροῦντες
707 1638 897 1703 οὐδεμιᾶς
935 1660 1050 1723 τιμῆς
1089 1659 1280 1707 μετεῖχον.
1331 1654 1400 1696 καὶ
1426 1652 1694 1709 Ἀριστοτέλης
1732 1652 1779 1696 δέ

203 1722 303 1764 φησι
333 1710 423 1765 περι
455 1711 648 1764 Θηβαίων
678 1704 721 1751 τὸ
749 1709 849 1751 αὐτὸ
869 1717 986 1751 τοῦτο
1018 1727 1075 1752 οτι
1107 1710 1200 1760 τοὺς
1221 1710 1454 1766 αὐτόχειρας
1486 1710 1642 1754 ἑαυτῶν
1669 1726 1780 1766 γενο-

202 1767 348 1821 μένους
379 1766 454 1809 οὐκ
485 1767 641 1821 ἐτίμων.
693 1766 738 1808 τὸ
767 1763 844 1809 ουν
874 1768 944 1809 ἵνα
979 1766 1085 1823 ἥρως
1115 1767 1219 1839 γε’νῃ
1256 1767 1346 1810 κατ’
1380 1767 1636 1823 εὐφημισμὸν
1664 1769 1776 1823 εἴρη-

204 1841 280 1868 ται.
334 1828 520 1867 similiter
551 1827 722 1867 Photius
753 1830 794 1866 et
825 1827 968 1867 Suidas
1005 1826 1044 1866 τί
1079 1823 1154 1867 οὐκ
1190 1823 1354 1881 ἆπήγξω
1383 1831 1424 1868 et
1463 1829 1609 1869 omisso
1640 1830 1775 1868 aueto-

202 1885 258 1925 ris
296 1886 456 1925 nomine
495 1884 698 1924 Plutarch.
730 1885 919 1925 Proverb.
955 1886 998 1935 1,
1029 1885 1097 1925 47.
1149 1886 1333 1926 Platonis
1371 1899 1511 1927 versus
1547 1886 1617 1937 qui
1653 1885 1775 1926 fuerit

202 1955 368 1993 prorsus
398 1942 596 1982 incermm
626 1944 702 1983 est.

971 2055 1024 2098 76

409 2104 648 2166 ἀγελαίους
678 2108 846 2169 ἄρτους

316 2194 546 2234 Athenaeus
578 2195 772 2244 3,110d
813 2193 988 2234 Πλατων
1025 2191 1067 2233 δ’
1105 2191 1126 2233 ὁ
1163 2192 1461 2248 κωμῳδιοποιὸς
1499 2224 1510 2235 .
1544 2226 1553 2235 .
1587 2223 1598 2234 .
1640 2191 1685 2233 ἕν
1721 2193 1776 2249 τῷ

203 2248 394 2306 Μενέλεῳ
434 2249 737 2306 ἐπιγραφομένῳ
777 2248 988 2304 ἀγελαίους
1027 2250 1139 2300 τινὰς
1178 2251 1324 2320 ἄρτους
1362 2254 1484 2294 καλεῖ.
1534 2251 1772 2292 Eustasshius

180 2309 301 2417 {2513
297 2309 620 2406 013237433ekker
652 2309 802 2351 Anecd.
835 2311 930 2360 326,
962 2311 988 2348 4
1017 2306 1205 2393 αγελαῖον
1234 2306 1358 2362 ὅῖρτον
1387 2306 1457 2349 τὸν
1486 2307 1668 2361 χυδαῖον.
1719 2308 1772 2350 of.

864 2469 1108 2503 ΜΕΤΟΙΚΟΙ

817 2540 989 2578 Meinek.
1021 2539 1041 2578 I
1074 2540 1167 2578 175.

969 2651 1022 2692 77

409 2735 570 2784 σημεῖα
599 2735 911 2786 παρασημεῖα,
942 2730 1071 2771 κλεῖν
1101 2727 1425 2783 παρακλείδιον
1450 2711 1454 2714 ”

216 2843 219 2845 -
316 2812 462 2851 Pollux
476 2814 552 2865 vlo,
575 2813 628 2851 24
661 2810 706 2851 ἐν
733 2809 867 2865 μέντοι
896 2814 979 2859 τοῖς
1000 2809 1218 2858 Πλάτωνος
1247 2815 1319 2850 τοῦ
1347 2814 1527 2863 κωμικοῦ
1558 2807 1774 2857 Μετοίκοις

204 2871 345 2921 σημεῖα
375 2871 457 2908 κτλ.
508 2870 535 2911 i.
567 2883 600 2909 e.
638 2871 755 2921 s‘l'y‘na
785 2871 1010 2911 adulter'ma
1038 2871 1080 2909 et
1109 2870 1253 2910 clavem
1281 2869 1558 2909 adulterinam.

1853 2840 1872 2970 ξ
