1872 3224
186 183 271 225 404
788 176 1173 211 ΑΡΙΣΤΟΦΑΝΟΤΣ

188 283 389 338 στοφάνης
421 285 572 331 νὲνοφα
593 278 692 333 εἶπε,
723 276 790 321 κάὶ
811 276 858 320 ού
879 279 1060 330 νένοιφα.
1092 275 1146 320 αὖ
1165 281 1426 333 Fritzsehius]
1449 274 1509 320 εὖ.
1542 281 1592 321 cf.
1615 281 1760 324 Horat.

189 346 316 395 Epod.
350 345 386 391 2,
422 345 488 381 29.
957 395 1010 435 47

393 474 537 529 ὅρμου
567 473 794 530 παρόντος
822 471 1143 529 τήν,ἁτραπὸν
1175 471 1448 528 κατερρύην.

318 560 489 598 Photius
520 560 560 597 et
592 559 737 598 Suidas
768 554 866 598 ὁδοῦ
886 556 1094 608 παρούσης
1116 550 1189 607 τὴν
1207 552 1388 607 ἀτραπὸν
1409 557 1548 608 ζητεῖς.
1594 554 1637 596 τὸ
1665 554 1776 610 λεγό-

186 627 330 668 μενον·
360 612 660 668 Ἀριστοφάνης
689 612 897 668 Ἀναγύρῳ
926 616 1008 653 κτλ.
1058 610 1276 666 ἀτραπιτὸν
1306 616 1341 653 Α
1374 614 1535 654 Suidae.
1584 614 1636 654 cf.
1667 614 1775 656 Nub.

189 677 256 713 75.
291 676 314 713 6
348 676 391 712 et
421 686 526 724 quae
560 674 842 713 adnotavimus
873 673 923 711 ad
952 674 1029 714 Av
1053 673 1120 710 22.
1152 673 1295 711 Macar.
1327 673 1363 720 6,
1389 672 1456 710 21.
1487 671 1674 722 Apostol.
1708 673 1774 721 12,

189 734 241 771 34
282 729 346 769 ἐπὶ
386 745 468 784 των
507 728 892 781 καταλιμπανόντων
926 727 972 767 τὰ
1020 728 1121 780 δῆλα
1160 726 1227 767 καὶ
1269 726 1495 779 ζητούντων
1531 725 1578 767 τᾶ
1617 724 1770 781 ἀφανῆ.

187 802 288 838 quae
328 789 527 827 sententia
566 791 672 826 esset
708 788 922 827 verborum
969 800 1086 825 nemo
1131 787 1341 836 quaesivit.
1388 787 1547 836 ‘portus
1577 799 1667 833 cum
1706 786 1773 826 ad-

188 853 304 893 3636τ,
337 858 408 895 per
439 846 621 884 semitam
653 859 716 884 me
749 845 915 884 demisi'
957 844 1036 883 nisi
1067 845 1270 883 insaniens
1309 856 1426 882 nemo
1464 845 1600 894 potest
1629 843 1773 884 dicere.

188 903 418 942 addendum
448 902 554 953 quod
585 906 679 951 post
707 898 912 955 Ἀναγύρῳ
943 902 1059 940 facile
1089 901 1271 940 excidere
1301 903 1464 951 poterat
1492 915 1545 951 φ,
1577 905 1774 952 φορμοῦ

187 958 397 1007 παρόντος.
429 961 471 998 in
502 960 716 998 ridiculum
748 962 868 1009 poeta
888 959 1146 1009 proverbium
1169 958 1351 997 deflexit:
1387 960 1526 998 ‘storia
1553 971 1642 998 cum
1654 970 1774 1008 prae-

187 1021 244 1058 sto
266 1021 372 1063 esset,
403 1029 448 1056 ea
469 1019 673 1066 supposita
697 1029 771 1066 per
801 1017 981 1056 semitam
1009 1029 1070 1055 me
1090 1017 1256 1055 demisi'.
1287 1015 1457 1054 Bekker.
1481 1016 1634 1055 Aneed.
1657 1016 1724 1064 ⁶10,
1747 1017 1772 1055 5

188 1072 340 1127 φορμὸς
372 1071 417 1112 δέ
447 1072 527 1112 ἐστι
557 1071 710 1125 πλέγμα
742 1087 775 1112 τι
809 1071 852 1112 ἐκ
873 1070 994 1123 φλέω.
1027 1073 1137 1112 Plut.
1161 1075 1257 1112 542.
1293 1073 1341 1111 fr.
1367 1074 1459 1112 172.
1494 1072 1654 1114 Thesm.
1676 1073 1774 1113 813.

188 1129 474 1183 κατερρύην
506 1132 693 1170 similiter
723 1131 812 1170 Pac.
846 1133 912 1170 71.
950 1131 1043 1170 146.

959 1230 1015 1273 48

399 1312 450 1354 ἐν
480 1315 542 1368 τῷ
575 1311 762 1365 στόματι
792 1311 1148 1367 τριημιώβόλιον
1179 1311 1296 1365 ἔχων

304 1395 446 1434 Pollux
478 1396 522 1443 9,
556 1397 610 1434 64
652 1392 696 1433 ἐν
726 1391 770 1433 ὸὲ
807 1398 861 1449 τῷ
895 1390 1101 1448 Ἀναγύρῳ
1139 1391 1185 1432 τὰ
1226 1392 1312 1444 τρία
1350 1390 1576 1446 ἡμιωβόλια
1616 1407 1772 1447 τριημι-

189 1450 359 1504 ωβόλιον
389 1450 551 1503 εἴρηκεν
580 1454 662 1491 κτλ.
714 1453 762 1492 cf.
797 1452 846 1491 fr.
880 1453 918 1491 3.

960 1541 1018 1582 49

309 1625 455 1663 Pollux
489 1627 553 1673 10,
588 1625 639 1662 76
678 1621 800 1671 ἔξεστι
839 1621 883 1662 δὲ
921 1617 1019 1662 αὐτὸ
1050 1620 1114 1676 (τὸ
1146 1620 1329 1676 ἀγγεῖον,
1369 1622 1437 1663 ἴνα
1477 1620 1677 1690 ἕξεμοῦσι)
1706 1621 1776 1663 καὶ

187 1679 371 1733 λεβήτιον
405 1655 571 1719 καλέσάι
609 1678 676 1719 καὶ
714 1678 879 1732 σκάφην
916 1674 1028 1720 εἶπεν
1065 1678 1110 1720 ἐν
1140 1695 1192 1735 τῳ
1221 1676 1426 1735 Ἀναγύρῳ
1454 1677 1772 1734 Ἀριστοφάνης·

189 1737 270 1777 καὶ
299 1734 590 1789 ἡμισκάφης
622 1733 661 1776 δ’
695 1734 758 1784 ὡς
790 1735 841 1776 ἐν
871 1752 915 1776 τι
948 1722 1372 1777 ε’νποὸιλονίωνε
1357 1737 1590 1790 ἐμοῦμεν.
1625 1738 1772 1809 “BentL

191 1797 268 1846 Ep.
299 1796 529 1835 Hemsterh.
563 1797 616 1834 87
655 1791 779 1865 χήμῖν
819 1793 982 1846 σκάφην
1017 1791 1087 1842 δός
1130 1800 1207 1835 νῦν
1242 1810 1330 1834 τινα
1367 1795 1508 1835 πτίλον
1543 1791 1590 1834 θ’
1625 1791 1684 1834 ἵν’
1718 1793 1773 1844 ἐξ·

192 1866 359 1904 εμωμεν.
406 1853 606 1904 Bergkius
651 1851 717 1891 καὶ
755 1850 839 1903 μὴν
883 1849 1021 1904 σκάφη
1054 1847 1139 1891 Ησθ
1173 1849 1227 1900 ὥς
1267 1850 1323 1892 ἄν
1352 1867 1389 1892 τι
1417 1847 1456 1922 ᾗ
1475 1851 1701 1904 σπονδεῖον,
1739 1845 1776 1908 ᾧ

188 1906 411 1961 ’νεμοῦμεν
444 1910 688 1949 Fritzschius
720 1909 863 1960 Babyl.
897 1911 949 1949 28
981 1911 1071 1950 adn.
1106 1912 1157 1950 19
1188 1907 1257 1949 καὶ
1286 1909 1350 1949 δεῖ
1379 1908 1564 1962 σκάφης·
1596 1907 1666 1957 δός
1695 1916 1797 1950 νυν’

192 1966 280 2006 τοδί
296 1980 363 2018 μοι
383 1964 425 2006 τὸ
447 1966 586 2005 πτίλον
605 1981 665 2005 ων
686 1964 868 2017 ἐμοῦμεν.
903 1968 1150 2017 probabilius
1179 1968 1351 2007 fortasse
1374 1963 1577 2020 (πάρεστι)
1598 1966 1742 2019 κλίνη
1766 1964 1770 2021 Ι

191 2023 359 2075 σκάφη
391 2020 426 2062 τ’
460 2022 506 2071 ἐς
536 2021 602 2075 ἣν
632 2029 728 2062 τῶν
759 2021 975 2076 ἐντέρων
1005 2022 1359 2077 κλονουμένων
1390 2022 1617 2076 ε’μοῦμεν.

959 2134 1022 2180 50,

401 2213 520 2270 πλὴν
551 2212 750 2271 ἀλεύρου
782 2217 857 2258 καὶ
888 2214 996 2270 ῥόας

311 2300 541 2338 Athenaeus
576 2300 639 2346 14,
677 2276 790 2339 6506
828 2304 909 2338 τῶν
945 2296 1020 2351 γὰρ
1050 2294 1273 2350 ἀπυρήνων
1303 2297 1447 2352 (ῥοῶν)
1482 2294 1772 2367 Ἀριστοφάνης

199 2354 528 2426 ..μνημονεύει
558 2353 602 2395 ἕν
629 2351 833 2410 Ἀναγύρῳ
862 2357 945 2398 κτλ.
990 2357 1165 2408 Hesych.
1195 2354 1386 2409 ἄλευρον
1419 2386 1429 2396 .
1463 2387 1472 2397 .
1502 2352 1674 2409 ἀλεύρου
1703 2355 1771 2396 καὶ

194 2412 310 2464 ῥόας·
351 2413 448 2460 ἴσως
485 2409 546 2452 ότι
584 2417 685 2461 τοῖς
726 2418 967 2452 νοσοῦσιν
996 2410 1123 2461 οὕτως
1154 2411 1450 2454 διανύττουσιν.
1502 2427 1602 2465 quae
1631 2428 1769 2466 quam-

192 2484 312 2521 quam
349 2471 519 2510 obseura
556 2474 649 2511 sunt
687 2473 822 2510 tamen
861 2471 1050 2510 videntur
1087 2472 1226 2533 docere
1259 2473 1432 2522 yram‘ter
1469 2472 1769 2522 aeyrota‘ntibus

193 2529 293 2567 nihil
324 2542 346 2566 a
376 2528 541 2567 medicis
572 2529 735 2568 concedi
764 2525 871 2579 πλὴν
899 2525 964 2568 άλ,
997 2543 1035 2566 κ.
1070 2527 1107 2581 6.

960 2640 1013 2682 51

400 2717 511 2773 πρὸς
541 2721 687 2773 θεῶν,
721 2720 882 2774 ἔραμαι
912 2718 1086 2774 τέττιγα
1117 2725 1283 2774 φαγεῖν

401 2785 475 2828 καὶ
505 2787 747 2843 κερκώπην
777 2788 1098 2843 θηρευσαμένη

399 2855 585 2913 καλάμῳ
616 2859 778 2912 λεπτῷ.
