1872 3224
181 175 267 217 424
783 170 1170 205 ΑΡιΣΤοΦΑΝοΤΣ

296 280 546 331 Phrynichus
567 278 676 328 Epit.
699 279 781 317 367
817 274 1059 315 Διονύσιονο
1090 272 1337 315 ἀπαίδευτον
1365 273 1471 315 ουτω
1491 272 1636 328 λέγειν,
1665 273 1763 317 δέον

181 336 398 390 βραχύνειν
429 335 502 387 τὴν
532 346 570 371 σι
605 332 903 391 συλλαβήν·οἰ
928 326 1002 400 γὰρ
1034 331 1275 381 ἐκτείνοντες
1305 326 1414 386 παρα
1443 330 1517 385 τὴν
1539 338 1621 374 τῶν
1637 329 1758 374 ’Aru-
1822 379 1824 382 .

181 401 266 434 κῶν
295 393 502 433 διάλεκτον
532 389 703 444 λέγουσι.
745 389 817 443 χρὴ
849 384 925 430 οὖν
952 386 1233 441 Ἀριστοφάνει
1260 388 1589 438 ἀκολουθοῦντας
1616 388 1759 444 λέγειν.

183 451 224 490 ἐν
254 450 329 504 γὰρ
360 456 412 505 τῷ
445 447 557 519 Γηρα
589 448 690 500 φησί
716 451 797 487 κτλ.
849 449 988 499 Etym.
1020 463 1072 488 m.
1107 451 1209 496 590,
1243 450 1296 488 52
1327 450 1630 502 μορμολυκεῖον,
1661 462 1759 502 προ-

180 514 429 559 περισπᾶται
482 506 564 545 ἐστι
593 509 846 559 προσωπεῖον
877 504 1086 558 ἐπίφοβον
1126 502 1422 557 Ἀριστοφάνης
1457 503 1584 560 Γήρα
1635 506 1762 559 Phry·
1824 556 1828 558 ἢ

179 567 322 605 nichus
352 579 433 604 non
464 566 633 604 formam
669 562 909 614 Διονύσιον,
951 564 1020 603 sed
1053 562 1295 602 Διονύσειον
1332 564 1613 615 reprehendit,
1651 562 1759 615 quod

180 628 283 663 recte
314 625 558 662 monuerunt
587 622 821 661 Dindorfius
853 624 893 660 et
922 621 1095 661 Cobetus
1128 623 1278 663 Mnem.
1310 622 1346 660 X
1376 622 1446 661 84.
1480 621 1532 661 cf.
1561 616 1766 661 Ἀπολλω-
1789 637 1794 640 ·

182 694 290 732 νιον,
336 677 637 727 Ποσειδώνιον,
684 674 938 730 Δημήτριον,
980 674 1172 731 Κρόνιον,
1213 676 1476 731 Διοσκόριον,
1503 676 1762 746 Λεωκόριον,

182 735 468 789 Θεσμοφόρων
498 734 694 791 (Lobeok.
726 751 765 787 p.
798 738 895 776 368.
918 735 987 788 9),
1027 737 1172 787 quibus
1208 732 1468 788 Ἀρτεμίσιον,
1503 731 1764 802 ’Λφροδίσῐον

180 796 294 834 addit
324 794 513 834 Cobetus.
545 795 596 834 cf.
628 795 679 834 fr.
714 796 809 833 161.
841 794 898 833 in
928 794 1125 845 Dionysio
1157 796 1291 834 autem
1313 795 1501 834 videntur
1523 794 1655 834 variae
1674 805 1763 845 per-

181 866 315 901 sonae,
349 852 449 891 artis
481 853 594 902 quasi
626 852 838 891 simulama
867 851 1084 902 quaedam,
1125 851 1256 891 adfixa
1285 852 1432 899 fuisse,
1463 851 1679 903 nescioquo
1710 864 1763 891 an

181 910 329 949 ibidem
362 910 485 948 suerit
514 910 640 960 ipsius
670 909 819 948 Bacchi
850 909 983 949 facies.
1015 909 1164 948 Athen.
1190 910 1255 959 12,
1279 905 1429 949 5330‘
1412 923 1434 948 ο
1455 905 1500 947 δὲ
1522 906 1763 960 Πεισίστρα-

183 981 247 1014 τος
278 963 347 1004 καὶ
381 964 425 1005 έν
453 968 612 1014 πολλοῖς
643 964 771 1019 βαρὺς
805 963 972 1019 ἐγένετο,
1003 979 1106 1005 οπου
1136 963 1206 1005 καὶ
1244 963 1288 1005 τὸ
1316 958 1519 1018 Αθήνησι
1559 970 1630 1005 τοῦ
1671 967 1765 1006 Διο·

179 1022 308 1063 νύσου
348 1022 561 1075 πρόσωπον
600 1021 754 1063 ἐκείνου
792 1021 896 1071 τινές
935 1035 1063 1074 φασιν
1093 1022 1246 1064 εἰκόνα.
1252 1024 1264 1043 ’
1304 1024 1453 1076 Bergk.
1484 1017 1764 1075 προσκρεμᾶν-

183 1096 301 1120 νυται
331 1083 432 1121 mire
464 1082 616 1122 dietum
645 1082 826 1131 videtum
858 1095 952 1121 nam
982 1095 1065 1121 non
1097 1082 1412 1133 suspenduntur,
1445 1081 1514 1122 sed
1545 1093 1765 1132 suspensae

181 1141 276 1178 sunt
304 1151 507 1187 personae.
540 1153 590 1178 an
619 1137 942 1191 προσκρέματαιῗ
973 1140 1022 1178 cf.
1055 1139 1265 1191 Hermipp.
1300 1139 1367 1179 55.
1409 1138 1560 1180 Cratin.
1594 1138 1690 1187 164,
1722 1138 1762 1178 4.

180 1199 358 1236 ceterum
391 1192 552 1247 φράσει’
586 1194 690 1235 ὅπου
722 1197 924 1249 Hirschig.
957 1197 1102 1236 Philol.
1135 1196 1172 1234 V
1205 1198 1300 1239 276.

938 1342 1019 1386 132

386 1422 478 1465 ἔδει
510 1422 562 1465 δέ
588 1423 641 1477 γε’
669 1434 719 1465 σε
749 1424 1004 1478 βληθεῖσαν
1035 1422 1098 1473 εἰς
1121 1420 1395 1478 Ἀλμυρίδας

390 1525 398 1533 .
434 1525 443 1533 .
476 1525 483 1532 .
514 1490 616 1547 τῃδὶ
646 1490 706 1547 μὴ
737 1491 954 1547 παρέχειν
985 1502 1035 1534 σε
1066 1491 1319 1547 πράγματα.

296 1575 469 1614 Bekker.
501 1574 655 1615 Anecd.
690 1575 787 1626 383,
819 1576 871 1614 16
898 1570 1153 1626 (Αλμυρίδες
1187 1573 1311 1621 τόπος
1341 1589 1399 1622 τις
1431 1573 1521 1627 περὶ
1551 1567 1620 1623 τὰς
1651 1572 1774 1627 ἐσχα-’

181 1629 266 1678 τιάς
297 1637 367 1683 τῆς
395 1628 588 1682 Ἀττικῆς.
617 1627 908 1682 Ἀριστοφάνης
942 1634 1070 1684 Τηρεῖ
1091 1634 1171 1673 κτλ.
1222 1632 1461 1685 βληθεῖσαν]
1497 1630 1766 1685 ἐκβληθεῖσαν

181 1690 394 1741 Bergkius.
425 1687 504 1728 ἔδει
525 1686 577 1727 δέ
597 1685 634 1740 γ’
659 1686 786 1741 έκβλ.
818 1689 867 1728 Κ.
958 1690 995 1731 2
1023 1687 1231 1742 γυναικὶ
1253 1687 1342 1744 τῃδὶ
1370 1690 1584 1742 Bergkius.
1620 1689 1763 1744 Τηρεῖ]

183 1742 295 1801 Γήρα
319 1747 533 1794 Seidlerus,
567 1748 686 1796 recte,
717 1748 764 1785 ut
791 1746 967 1795 videtur,
998 1760 1240 1798 quamquam
1270 1748 1435 1787 retineri
1463 1750 1598 1798 potest
1630 1749 1763 1800 Τηρεῖ,

181 1805 215 1844 si
249 1786 539 1855 Ἀριστοφάνης
570 1805 838 1843 commutetur
867 1804 911 1843 in
937 1799 1266 1873 Ἀναξανδρίδης.
1305 1805 1480 1856 Hesyoh.
1506 1801 1762 1857 “Αλμυρίδες“

181 1860 370 1914 αἰγιαλοί·
417 1859 486 1900 καὶ
523 1858 643 1908 τόπος
683 1859 728 1899 ἐν
766 1865 814 1914 τῇ
849 1857 1006 1916 Ἀττικῇ
1045 1859 1153 1913 παρὰ
1192 1875 1260 1908 τας
1299 1859 1507 1913 ἐσχατιάς,
1546 1856 1605 1901 οὗ
1642 1860 1764 1910 τοὺς

183 1916 404 1970 νεκροὺς
442 1915 724 1968 ἐξέβαλλον.
775 1919 994 1959 Herodian.
1025 1919 1045 1958 I
1075 1921 1174 1967 530,
1207 1920 1259 1958 12
1299 1917 1359 1972 (II
1393 1918 1565 1972 15,15)
1606 1915 1690 1959 ἐπεὶ
1719 1917 1764 1959 τὸ

182 1972 359 2027 ἆλμυρός
391 1973 468 2026 ἔχει
498 1974 572 2027 τὴν
601 1974 738 2027 τρίτην
765 1971 846 2014 ἀπὸ
875 1973 1012 2023 τέλους
1042 1990 1223 2027 μακραν,
1253 1972 1379 2029 ὑγιῶς
1401 1973 1478 2026 εξει
1504 1974 1573 2016 καὶ
1593 1970 1667 2028 τὴν
1685 1973 1763 2031 πρὸ

184 2030 320 2079 τέλους
351 2031 522 2084 μακράν.
562 2029 850 2085 ἆναλογῶτεροι
881 2026 957 2072 ουν
987 2033 1029 2072 οἵ
1048 2029 1216 2072 Ἀττικοὶ
1246 2030 1487 2081 ἐκτείνοντες
1509 2030 1622 2084 αὐτό,
1652 2034 1762 2086 quod

183 2091 226 2128 in
256 2086 433 2141 ἆλμυρός
461 2088 632 2140 quidem
670 2103 751 2130 non
790 2091 986 2130 fecerunt.
1038 2091 1088 2131 cf.
1125 2091 1299 2131 Lobeck.
1338 2091 1496 2131 Pathol.
1533 2091 1639 2142 prol.
1677 2092 1761 2131 273

183 2149 270 2186 not.
293 2148 361 2189 45.
393 2147 566 2188 Boeckh.
598 2147 639 2186 O.
670 2147 703 2186 I.
734 2147 755 2186 I
788 2149 867 2188 103
899 2147 1120 2188 identidem
1145 2145 1366 2199 ‘Akfflvold‘a
1403 2151 1445 2188 et
1475 2145 1520 2188 ἐν
1547 2153 1599 2203 τῇ
1622 2144 1763 2200 ‘Alav-

186 2203 291 2253 ρίδι,
335 2205 471 2255 itaque
517 2205 686 2244 fortasse
731 2205 851 2244 etiam
889 2206 1151 2256 Aristophani
1195 2206 1490 2246 restituendum
1530 2201 1763 2257 ’.Λλμυρίδα

186 2263 343 2311 partem
373 2260 555 2312 planitiei
588 2262 673 2301 eius
694 2275 794 2312 quae
811 2258 1024 2301 Αλίπεδον
1044 2263 1251 2302 dicebatur
1281 2263 1406 2303 fuisse
1426 2262 1644 2303 arbitratur
1663 2263 1763 2302 Bur·

188 2318 323 2358 sianus
349 2317 493 2370 Geogr.
516 2333 576 2370 gr.
594 2319 613 2358 Ι
636 2320 718 2359 264
738 2320 829 2361 adn.
851 2320 891 2358 3.
917 2341 964 2348 —
989 2320 1151 2360 videtur
1166 2333 1288 2360 senex
1304 2320 1448 2371 aliquis
1469 2333 1596 2361 novae
1614 2321 1764 2371 nuptae

187 2376 305 2415 aedes
336 2389 482 2416 vacuas
511 2377 645 2416 facere
674 2376 809 2427 priore
837 2389 961 2416 uxore
993 2378 1174 2428 expulsa.

939 2522 1021 2565 133

400 2602 474 2643 ἐπὶ
504 2603 586 2644 τοῦ
616 2601 897 2657 περιδρόμου
928 2605 1072 2645 στᾶσα
1102 2604 1182 2658 τῆς
1212 2603 1448 2652 συνοικίας

302 2684 446 2723 Pollux
468 2687 507 2733 9,
530 2687 582 2724 39
614 2699 682 2724 και
712 2682 755 2723 τὸ
784 2681 859 2736 μὲν
888 2687 1047 2737 πλῆθος
1078 2685 1159 2724 τῶν
1187 2679 1514 2736 οἰκοδομημάτων
1543 2683 1666 2724 οἰκίαι
1694 2699 1762 2724 και

190 2740 391 2778 συνοικίαι
421 2740 488 2779 καὶ
518 2741 644 2789 οἰκίας
674 2741 931 2795 περίδρομος,
963 2738 1018 2789 ὥς
1050 2739 1094 2781 ἕν
1124 2741 1177 2796 τῷ
1206 2740 1320 2797 Γήρα
1356 2738 1647 2793 Ἀριστοφάνης
1677 2744 1758 2782 κτλ.

188 2798 295 2836 idem
328 2799 470 2844 7,125
503 2796 546 2836 ἐκ
576 2804 647 2838 τοῦ
676 2798 933 2851 περιδρόμου.
966 2800 1013 2839 de
1045 2798 1230 2838 συνοικία
1260 2799 1434 2839 Boeckh.
1457 2797 1569 2839 Οοο.2
1588 2799 1610 2837 Ι
1632 2800 1699 2838 93.
1717 2799 1758 2839 4.

189 2855 264 2906 Eq.
299 2856 422 2894 1002.
452 2856 586 2895 lenam
616 2857 791 2908 aliquam
821 2857 1040 2908 significari
1070 2857 1272 2901 existimat
1301 2856 1544 2897 Suevernius
1573 2869 1612 2907 p.
1637 2857 1702 2895 17.
1782 2872 1785 2874 ·
