1872 3224
206 240 291 282 530
802 235 1194 270 ΑΡιΣΤοΦΑΝοΤΣ

208 345 368 384 defendi
407 345 551 394 potest.
613 342 746 382 omnia
791 342 937 380 mirum
981 342 1022 380 in
1066 341 1229 380 modum
1274 341 1509 391 perturbata
1556 353 1643 382 esse
1689 339 1791 382 dicit

208 402 426 442 Alcibiadis
458 400 573 450 pueri
604 399 824 447 desiderio,
866 397 983 438 Iones
1014 400 1173 449 praeter
1203 400 1371 439 ceteros.
1403 411 1470 438 eos
1510 397 1659 438 inridet
1691 411 1790 439 usus

207 459 426 498 clarissimo
458 459 723 508 Anaxagorae
757 455 997 496 Clazomenii
1027 453 1098 508 (cf.
1132 470 1167 495 v.
1201 454 1245 508 4)
1279 456 1400 505 dicto,
1432 456 1541 507 quod
1570 453 1640 496 ille
1669 455 1788 496 initio

209 516 339 566 operis
377 515 546 553 Athenis
586 517 683 553 tunc
721 514 900 554 studiose
939 513 1111 553 lectitati
1151 513 1275 565 (Plat.
1309 512 1456 553 Phaed.
1491 512 1582 553 97b
1600 510 1683 565 sq)
1721 525 1790 564 po-

207 575 342 612 suerat
370 568 473 622 ὁμοῦ
501 568 633 610 πάντα
664 585 843 622 χρηματα
873 564 940 622 ἦν,
972 568 1118 622 ἄπειρα
1149 567 1217 608 καὶ
1248 571 1407 622 πλῆθος
1437 584 1504 610 και
1535 567 1790 623 σμικρότητα.
1851 594 1855 595 ⁷

208 631 278 678 sic,
311 630 443 679 inquit
472 629 764 680 pocta‚01nnis
795 630 873 668 ista
903 628 1045 668 Ionum
1077 629 1177 668 levis
1216 627 1436 667 multitudo
1466 641 1546 668 una
1582 627 1792 668 voluntate

207 686 462 726 Alcibiadem
492 687 534 725 in
564 678 706 726 Asiani
739 688 873 725 venire
904 686 1104 737 cupiebat.
1165 686 1214 725 de
1244 684 1384 736 Abydo
1416 686 1467 725 cf.
1490 685 1699 736 Hermipp.
1722 684 1790 726 58.
1852 691 1854 693 ’

207 744 269 784 cui
309 744 503 783 adiectam
546 744 668 783 fuisse
709 741 886 790 Κύζικον
923 744 1025 784 conl.
1068 743 1216 793 Eupol.
1260 743 1342 782 233
1383 756 1459 793 pro
1498 745 1608 783 certo
1644 742 1789 783 habeo.

207 802 301 841 fort.
334 798 374 848 ἐς
398 799 589 851 Ἔφεσον,
624 798 669 847 ἐς
703 799 957 852 Μίλητον,
989 800 1036 840 οῖ
1061 796 1102 838 δ’
1143 797 1190 847 ἐς
1230 798 1478 852 Κύζικον,
1515 799 1562 839 οἱ
1594 796 1647 838 δέ
1675 793 1717 852 γ’
1750 795 1792 848 ἒς
1858 817 1872 831 ;

200 857 395 910 ’Ἀβυδον.
1858 860 1862 868 ’

962 981 1049 1024 544

302 1077 435 1117 Schol.
450 1076 642 1140 Hippocr.
653 1076 836 1127 Epidem.
848 1077 886 1124 5,
900 1078 922 1115 7
937 1075 1117 1126 (Notices
1133 1078 1174 1115 et
1190 1076 1359 1116 extraits
1375 1089 1415 1127 p.
1435 1076 1517 1115 214
1530 1089 1590 1127 sq.
1610 1075 1793 1116 Erotian.

212 1127 566 1187 19,10Klein.)ov
581 1132 655 1186 γὰρ
669 1148 724 1180 ως
745 1147 847 1180 τινες
864 1131 1024 1183 ἔφασαν
1035 1147 1076 1172 αι
1068 1129 1376 1185 ’ὑπογλουτίδες
1392 1131 1468 1173 εἰσὶ
1485 1137 1676 1202 κοχώναι,
1692 1128 1790 1173 άλλᾶ
1870 1171 1872 1174 .

208 1190 254 1230 τὰ
277 1188 539 1243 σφαιρωμένα
562 1186 845 1259 (σφαιρωματα
867 1190 1074 1243 Daremb)
1095 1189 1337 1242 καλούμενα,
1363 1188 1526 1260 σάρκες
1533 1186 1575 1229 δ’
1602 1188 1701 1230 εἰσὶν
1720 1183 1794 1230 αὖ·

210 1264 272 1288 ται
302 1251 545 1301 περιφερεῖς,
578 1244 646 1298 ἐφ’
669 1242 734 1295 αἷς
755 1246 993 1300 καθήμεθα,
1022 1244 1077 1296 ὥς
1099 1245 1166 1287 καὶ
1194 1244 1486 1316 Ἀριστοφάνης
1507 1243 1529 1287 ὅ
1549 1239 1721 1300 κωμικὸς
1749 1244 1796 1288 ἐν

213 1304 491 1359 Τριφάλη(τι)·
525 1304 598 1353 τίς
629 1302 668 1344 δ’
703 1299 775 1353 εἷς
807 1303 1054 1358 ἐγγύτατα
1085 1301 1106 1344 ὁ
1137 1303 1307 1353 λοιπὸς
1339 1303 1424 1353 τὰς
1454 1301 1648 1356 οσφυας
1675 1303 1682 1359 Ι
1716 1301 1795 1345 ἐπὶ

210 1364 303 1403 τῶν
333 1367 572 1414 κοχωνῶν
601 1359 748 1415 ἀργὸς
778 1359 926 1410 αὐτὸς
956 1359 1151 1408 οὗτοσί;
1182 1365 1224 1403 in
1255 1363 1316 1402 ed.
1346 1376 1407 1414 pr.
1442 1362 1596 1414 (Goett.
1629 1376 1670 1415 g.
1691 1362 1791 1403 Anz.

211 1423 335 1470 1852,
357 1417 461 1473 424)
484 1420 554 1468 τίς
586 1418 638 1459 δὲ
668 1414 757 1459 el‘
739 1433 760 1459 ο
791 1418 998 1468 λειπούς
1030 1418 1114 1468 τὰς
1145 1417 1342 1470 ὀσφύας
1363 1422 1444 1460 κτλ.
1468 1419 1794 1461 Schneidewinus

209 1480 307 1521 ibid
340 1480 422 1517 425
455 1477 513 1525 τίς
555 1474 596 1516 δ’
631 1474 723 1516 ἔσθ’
770 1473 791 1516 ὁ
836 1477 995 1529 λίσπος,
1034 1474 1220 1526 οὖπιθεὶς
1261 1475 1330 1525 τὰς
1366 1473 1522 1527 ὀσφύας
1559 1475 1681 1530 (mire
1715 1489 1790 1530 pro

210 1533 358 1586 ὀσφῦς)
388 1533 454 1574 ἐπὶ
484 1539 569 1574 των
600 1534 804 1586 κοχωνών,
835 1531 1159 1587 ἆργοναύτης
1189 1531 1349 1586 οὖτοσί;
1411 1535 1512 1575 conl.
1545 1535 1718 1575 Martial.
1752 1535 1790 1584 3,

215 1595 283 1643 67,
319 1594 370 1632 10
401 1606 482 1632 non
511 1597 659 1632 ‘nautas
681 1597 781 1642 puto
811 1605 891 1642 vos,
921 1594 989 1633 scd
1018 1590 1280 1644 Aryonautas
1311 1591 1356 1644 (i.
1379 1606 1413 1632 e.
1445 1588 1594 1644 ἀργοὺς
1626 1587 1791 1642 ναύτας,

211 1649 386 1703 inertes).
446 1651 574 1689 multo
605 1650 805 1690 infelicius
847 1649 1120 1702 Goettlingius
1158 1651 1249 1690 Ind.
1279 1650 1364 1690 Ien.
1395 1650 1478 1690 hib.
1513 1650 1684 1703 1853s4,
1716 1649 1794 1690 Da-

210 1708 462 1759 rembergius
494 1703 549 1760 (p.
573 1706 689 1759 216),
721 1707 799 1747 nisi
831 1708 938 1758 quod
969 1707 1034 1748 hic
1064 1710 1169 1747 recte
1199 1712 1287 1759 τῆς
1318 1703 1513 1757 ὀσφύος
1543 1707 1587 1746 in
1617 1709 1794 1747 extremo

212 1780 248 1805 v.
286 1768 320 1814 1,
367 1765 417 1804 H.
450 1764 585 1804 Iacobi
629 1764 820 1815 (Meinek.
854 1764 891 1802 V
928 1779 967 1816 p.
1000 1762 1239 1818 CXLVIII).
1301 1765 1470 1816 receptis
1513 1764 1794 1816 Darembergii

213 1822 588 1872 Schneidewinique
619 1822 968 1862 emendationibus
999 1822 1254 1863 scribendum
1283 1825 1347 1862 est

418 1923 476 1973 τίς
506 1917 545 1963 δ’
581 1921 687 1964 ἐστὶν
717 1921 903 1978 οὖγγύς
934 1923 1258 1972 κατακλινεὶς
1290 1925 1358 1977 τῆς
1388 1921 1542 1975 ὀσφύος

423 1980 488 2022 ἐπὶ
519 1986 600 2033 τῶν
628 1987 835 2034 κοχωνῶν,
866 1978 1117 2035 ἁργοναύτης
1149 1979 1289 2021 οὑτοσί
1295 1997 1305 2031 ;

215 2077 303 2124 quis
333 2079 385 2114 est
415 2076 486 2114 iste
508 2087 632 2124 prope
662 2087 798 2114 comam
837 2074 1074 2126 (meretricis
1113 2073 1283 2114 alicuius
1322 2071 1493 2128 scilicet)
1529 2076 1575 2114 in
1611 2074 1794 2115 cumbas

212 2134 322 2172 humi
349 2135 498 2171 stratus
526 2131 793 2182 Aryonauta?
825 2132 1054 2172 Alcibiades
1094 2133 1180 2172 sine
1210 2131 1333 2171 dubio
1373 2132 1422 2171 ab
1459 2132 1599 2171 exsilio
1637 2131 1794 2172 rediens

215 2189 467 2240 significatur
497 2202 589 2228 cum
621 2189 811 2228 Theodote
841 2190 999 2228 mereti
990 2202 1062 2238 ice
1087 2202 1207 2240 quam
1228 2189 1271 2228 in
1291 2189 1614 2259 expeditionibus
1635 2188 1792 2228 bellicis

213 2259 348 2286 secum
389 2247 571 2285 ducebat.
611 2246 659 2285 cf.
692 2246 840 2285 Athen.
875 2247 942 2293 12,
974 2248 1100 2285 5350.
1133 2246 1251 2286 534d
1290 2243 1450 2297 Νεμεὰς
1488 2239 1543 2297 ἦν
1577 2242 1792 2297 καθημένη

212 2301 293 2342 καὶ
331 2301 408 2342 ἐπι
447 2308 542 2342 τοῖν
584 2298 811 2355 γονάτων
848 2299 1004 2353 αὐτῆς
1043 2297 1298 2355 Αλκιβιαδης
1335 2301 1507 2342 καλλίων
1550 2298 1792 2357 φαινόμενος

214 2375 295 2400 ἴων
324 2359 567 2413 γυναικείων
595 2358 833 2411 προσώπων.

965 2495 1051 2538 545

423 2584 579 2630 ἔπειτ’.
597 2585 671 2630 ἐπὶ
699 2583 874 2639 τοῦψον
903 2578 985 2642 ἧκε
1015 2584 1099 2641 τὴν
1128 2585 1328 2639 σπυρίδα
1359 2585 1513 2641 λαβών

423 2656 498 2698 καὶ
528 2657 817 2698 θυλακίσκον
847 2655 923 2697 καὶ
953 2652 1002 2696 τὸ
1032 2653 1144 2710 μέγα
1174 2653 1464 2710 βαλλάντιον.

332 2748 474 2788 Pollux
507 2752 569 2799 10,
596 2752 671 2789 151
705 2730 1018 2802 βαλλάντιαικαὶ
1047 2747 1309 2798 βαλλαντίδια
1333 2778 1341 2787 .
1364 2778 1373 2787 .
1399 2780 1407 2789 .
1429 2747 1497 2787 καὶ
1526 2747 1790 2790 θυλακίσκον.

214 2803 501 2858 Ἀριστοφάνης
547 2805 591 2845 ἐν
639 2802 855 2859 Τριφάλητι
899 2808 980 2846 κτλ.
1051 2803 1115 2844 ἐπὶ
1160 2802 1316 2855 τοῦψον
1360 2809 1424 2844 est
1477 2807 1546 2846 ‘ad
1588 2807 1792 2847 obsoniwm

218 2865 452 2903 emendum&
