1872 3224
614 222 869 257 ΤΥΡΑΝΝΙΣ
918 224 1107 259 ΧΕῙΡΩΝ
1579 229 1656 273 187

119 340 145 395 f
168 321 338 379 ἀγγεῖόν
358 322 467 365 ἐστιν
500 322 525 378 ἡ
549 322 675 366 σιπύα
707 324 791 383 (vel
809 331 944 380 potius
966 326 1123 385 σιπύη).
1155 329 1234 371 ἔστι
1263 330 1308 372 δὲ
1338 332 1528 383 πολλάκις
1549 334 1655 388 παρὰ

4 391 8 394 ’
138 422 144 425 ,
172 376 354 437 ἄρχαίοις
375 386 581 436 κωμικοῖς.
621 385 827 438 Aristoph.
849 387 924 439 Eq.
951 390 1072 429 1296.
1096 389 1202 431 Plut.
1226 392 1321 431 806.

829 522 911 566 143

115 607 118 608 ⁷
184 596 269 644 εἴτ’
304 600 672 658 ἐκεραμεύσαντο
704 609 799 653 τοῖς
829 602 913 658 μὲν
944 601 1170 660 οἷνδράσιν
1200 606 1392 664 ποτήρια

187 670 374 726 πλατέα,
406 672 587 726 τοίχους
618 669 703 715 οὐκ
735 670 883 727 ἔχοντ’
915 670 1018 715 ἀλλ’
1051 672 1163 717 αὐτὸ
1194 673 1422 732 τοῦδαφος
1451 677 1610 733 μόνον,

183 737 314 796 κούχὶ
345 738 571 795 χωροῦντ’
605 739 716 783 οὐδὲ
747 741 931 797 κόγχην,
965 741 1141 799 ἐμφερῆ
1170 748 1473 801 γευστηρίοις·

184 809 316 864 σφίσι
348 809 400 851 δέ
426 808 471 864 γ’
506 807 720 852 αὐταῖσιν
749 811 942 865 βαθείας
972 811 1163 863 κύλικας
1194 811 1345 870 ὥσπερ
1378 812 1574 866 ὁλκάδας

183 877 483 934 οἰναγωγούς,
515 885 794 935 περιφερεῖς,
827 881 1007 936 λεπτάς,
1038 882 1178 935 μέσας
1206 883 1510 938 γαστροιίδας,

183 945 269 991 οὐκ
301 944 526 1003 ἀβούλως,
559 944 676 990 ἀλλὰ
706 948 953 1005 πόρρωθεν
985 951 1401 1007 κατεσκευασμέναι

182 1014 313 1072 αὔθ’,
346 1014 467 1067 ὅπως
497 1013 831 1072 ἀνεκλογίστως
860 1020 1070 1068 πλεῖστος
1099 1014 1224 1070 οἶνος
1256 1020 1450 1077 ἐκποθῇ.

182 1082 275 1129 εἶθ’
307 1083 417 1128 ὅταν
446 1084 528 1129 τὸν
559 1081 688 1129 οἶνον
719 1084 862 1137 αὐτάς
892 1085 1131 1142 αἰτιώμεθ’
1168 1088 1360 1144 ἐκπιεῖν,

181 1155 506 1211 λοιδοροῦνται
530 1153 892 1211 ·κῶμνύουσι’μη
919 1153 1089 1199 ’κπιεῑν
1119 1155 1226 1199 ἀλλ’
1256 1153 1286 1213 ἢ
1315 1158 1436 1213 μίαν.

115 1234 158 1265 10
186 1221 214 1280 ἡ
247 1223 297 1267 δὲ
328 1226 548 1286 κρείττων
578 1222 606 1280 ἡ
638 1221 704 1280 μί’
739 1224 835 1268 ἐστὶ
867 1226 1026 1280 χιλίων
1057 1227 1302 1281 ποτηρίων.

185 1317 417 1359 Athenaeus
459 1321 534 1369 11,
576 1321 657 1359 481
677 1320 704 1359 b
744 1316 804 1359 ὅτι
843 1316 887 1359 δὲ
927 1315 1110 1373 μεγάλοις
1148 1320 1349 1373 ποτηρίοις
1386 1322 1433 1360 αἱ
1465 1326 1653 1374 γυναῖκες

0 1363 17 1446 f.
65 1373 238 1430 ἐχρῶντο
269 1374 290 1416 ὁ
321 1369 442 1424 αὐτὸς
473 1375 608 1430 εἴρηκε
638 1373 890 1430 Φερεκράτης
930 1376 975 1417 ἕν
1008 1377 1230 1431 Τυραννίδι
1260 1377 1327 1418 διὰ
1365 1375 1536 1419 τούτων·
1579 1374 1650 1420 εἶτ’

0 1448 10 1483 ι
66 1433 385 1499 ἐκεραμεύσαντο
414 1437 497 1474 κτλ.
556 1436 794 1476 Eustathius
828 1437 957 1484 1632,
989 1438 1056 1476 30.
1097 1436 1247 1476 Athen.
1281 1438 1348 1488 11,
1379 1438 1502 1478 4600
1530 1437 1652 1490 κρείτ-

0 1486 7 1529 ἱ
66 1507 148 1533 των
176 1490 236 1544 μί’
270 1490 352 1532 ἐστὶ
381 1491 519 1545 χιλίων
538 1492 753 1547 ποτηρίων.
817 1495 852 1532 1.
875 1486 947 1532 εἶτ’
982 1490 1297 1546 ἐκεραμεύσαντο
1328 1488 1654 1548 Βθι·31ζίι18]εἷτα

0 1549 4 1574 ³
67 1548 384 1604 κεραμεύσαντα.
430 1546 505 1600 μὲν
535 1551 628 1592 add.
675 1550 718 1591 C.
802 1553 841 1591 3.
873 1547 1073 1604 χωροῦντ’
1119 1550 1391 1605 casaubonus]
1437 1548 1650 1605 δωροῦντ’.

67 1609 105 1650 4.
139 1607 255 1659 σφίσι
285 1605 330 1647 δέ
359 1604 398 1660 γ’
432 1607 601 1660 Bergk]
634 1606 736 1658 φασὶ
769 1605 822 1648 δ’.
885 1610 923 1651 5.
950 1606 1086 1661 μέσας]
1119 1605 1262 1660 μεστὰς
1293 1609 1337 1649 Ο.
1360 1610 1455 1660 epit.
1478 1610 1651 1650 Hoeseh.

65 1667 178 1707 Eust.
210 1664 469 1718 γαστροίΐδας
491 1667 539 1706 A.
574 1667 770 1706 omittunt
800 1666 830 1706 C
862 1668 904 1706 et
933 1667 1186 1707 Eustathius.
1217 1667 1420 1707 Porsonus
1442 1667 1545 1708 Adv.
1575 1669 1650 1707 127

67 1720 339 1777 ἐγγάστριδας.
372 1724 546 1774 Hesyoh.
569 1723 846 1776 γαστροείδης·
877 1722 1126 1776 προγάστωρ.
1161 1722 1227 1763 καὶ
1248 1723 1512 1776 γαστροπίων.
1545 1725 1651 1765 vide-

66 1783 135 1821 tur
165 1795 213 1821 ex
235 1781 457 1821 masculino
479 1774 661 1834 γάστρων
683 1780 911 1835 (Aristoph.
936 1781 1039 1820 Ran.
1062 1778 1166 1835 200)
1188 1783 1338 1821 comice
1357 1782 1518 1822 finxisse
1539 1783 1651 1822 femi-

66 1839 208 1882 ninum
237 1832 519 1891 γαστρώνιδ
529 1853 597 1885 ας.
651 1840 771 1879 etiam
801 1836 946 1886 λεπτάς
975 1839 1189 1878 manifesto
1225 1842 1470 1889 corruptum.
1509 1840 1650 1878 dubito

66 1894 247 1948 λευράς
279 1910 329 1935 an
357 1893 603 1948 στρεβλάς
624 1897 902 1947 reponendum
933 1897 999 1935 sit.
1061 1898 1098 1936 6.
1122 1892 1390 1948 πόρρωθεν
1419 1897 1480 1936 ‘ex
1499 1898 1650 1947 lonqin-

66 1967 141 2004 quo
170 1967 255 1993 rem
286 1949 425 2006 (αὐτό)
456 1954 515 1992 ita
544 1954 804 1994 instituentes
835 1956 881 1992 ut
919 1954 1138 2004 plurimum
1176 1953 1263 1993 vini
1301 1953 1438 1993 bibere
1474 1956 1651 2004 possent.

67 2013 104 2050 7.
135 2006 514 2063 ἀνεκλογίστως
550 2011 657 2050 idem
695 2011 778 2051 fere
807 2011 915 2062 quod
952 2006 1267 2062 άνεξελέγκτως.’
1300 2011 1472 2050 Meinek.

825 2133 908 2176 144

272 2215 432 2271 γυμνῷ
463 2211 678 2270 φυλακὴν
710 2211 966 2257 ἐπιτάττειν

181 2298 356 2350 Hesyeh.
401 2297 593 2351 παροιμία
634 2295 698 2336 ἐπὶ
735 2301 817 2336 τῶν
845 2295 900 2349 μὴ
945 2294 1148 2349 δεομένων
1185 2295 1451 2350 προστάξεως,
1497 2295 1562 2336 διὰ
1604 2295 1646 2337 τὸ

65 2352 295 2409 ἀναγκαίως
327 2353 396 2395 καὶ
425 2353 545 2407 χωρὶς
578 2353 860 2402 ἐπικελεύσεως
891 2360 1007 2394 τοῦτο
1036 2353 1234 2407 πράττειν.
1295 2354 1546 2407 Φερεκράτης
1572 2357 1649 2394 Τυ-

66 2412 238 2466 ραννίδι.
301 2414 449 2453 Zenob.
497 2414 543 2462 2,
585 2414 651 2453 98.
697 2425 779 2452 non
817 2414 923 2452 reete
969 2412 1212 2463 Hesychium
1250 2412 1508 2462 reprehendit
1545 2413 1646 2452 Mei-

66 2471 208 2511 nekius
238 2471 407 2513 Philem.
431 2472 528 2511 361.
561 2469 723 2521 φυλακή
753 2483 835 2510 non
866 2470 995 2509 solum
1025 2472 1088 2509 est
1107 2471 1293 2517 custodia,
1316 2470 1384 2508 sed
1417 2470 1539 2508 etiam
1570 2473 1646 2510 cir-

66 2526 310 2578 cumspectio,
341 2542 461 2579 quam
486 2529 595 2568 nudo
625 2528 820 2578 imperare
841 2541 924 2566 non
944 2540 1043 2577 opus
1075 2529 1147 2575 est,
1180 2527 1274 2576 quia
1304 2539 1376 2566 sua
1402 2527 1488 2576 ipse
1510 2528 1643 2566 condi-

67 2587 180 2626 cione
211 2599 258 2626 ea
286 2586 349 2624 uti
379 2586 549 2637 cogitur.

181 2642 247 2686 Ad
276 2643 380 2682 hanc
411 2644 589 2682 fabulam
622 2643 791 2683 fortasse
822 2642 1081 2692 pertinebant
1110 2641 1159 2703 ij.
1196 2641 1288 2679 187.
1324 2641 1418 2680 192.

767 2765 958 2800 ΧΕΙΡΩΝ

182 2861 427 2901 Nicomacho
457 2861 543 2910 alii,
576 2861 645 2900 alii
674 2860 837 2900 Platoni
873 2859 1214 2898 adiudioaverunt.
1248 2857 1419 2896 Meinek.
1451 2858 1471 2897 I
1503 2860 1568 2898 75.
1605 2861 1642 2899 6.

68 2917 216 2958 Athen.
239 2920 277 2967 8,
300 2919 416 2958 364a
446 2911 492 2956 τοὶ
522 2914 709 2970 εἰρημένα
740 2910 820 2956 ὑπὸ
851 2916 920 2955 τοῦ
950 2913 1022 2955 τὸν
1049 2914 1233 2968 Χείρωνα
1263 2913 1537 2967 πεποιηκότος,
1570 2914 1647 2955 εἴτε
