1872 3224
565 226 785 263 ΝΕΦΕΛΑΙ
810 230 1060 268 ΠΡΟΤΕΡΑῙ
1107 236 1260 272 ΝΗΣΟῙ
1600 245 1683 286 493

115 322 244 379 αἰγός.
275 321 513 379 ἠθουμένης
545 330 801 374 Herwerden.
831 335 950 377 Anal.
971 339 1057 379 crit.
1080 338 1154 393 29]
1176 338 1428 395 ὠθουμένης.
1522 350 1557 388 7.
1590 347 1681 403 ὄψῳ

21 413 42 436 .:
114 401 171 411 ——-
200 382 420 432 σπινιδίοις
453 385 621 428 Salmas.
660 390 797 433 Exere.
836 393 936 434 Plin.
969 396 1051 435 445
1093 396 1192 449 (316
1231 401 1295 440 ed.
1325 400 1436 456 alt.)]
1478 401 1597 453 ὄψων
1630 430 1678 435 —

113 438 328 491 πηνιδίοις.
360 439 407 481 δὲ
437 443 583 497 Gaisf]
617 460 668 485 τε.
760 451 822 491 10.
853 447 939 504 ἐπ’]
970 448 1045 491 ὑπ’
1078 454 1202 496 Gaisf.

155 519 159 521 -
228 500 268 538 5.
298 499 350 542 ef.
382 499 482 540 Hor.
513 502 642 553 Epod.
666 505 704 553 2,
730 508 794 545 11.
820 508 883 546 12.
973 511 1011 551 6.
1041 506 1341 564 ἠθουμένης.
1380 517 1429 556 cf.
1464 518 1558 561 Rau.
1581 522 1676 561 943.

111 554 270 655 ffiyc.
303 558 344 597 6.
385 557 490 598 Plin.
528 559 580 599 N.
619 561 659 601 h.
702 564 773 611 18,
814 565 917 618 322,
961 567 1028 606 ubi
1066 570 1184 609 colari
1221 573 1469 613 scribendum
1507 579 1570 616 est
1606 591 1677 628 pro

218 626 271 654 n.

865 710 948 754 388

610 791 659 830 Α.
692 790 739 831 τί
765 786 824 831 σύ
854 790 1018 845 λέγεις;
1050 791 1166 835 εἰσὶν
1195 795 1244 838 δὲ
1275 800 1388 848 ποῦς

315 855 368 895 Β.
401 853 496 896 αἰδὲ
527 855 626 898 κατ’
661 854 806 914 αὐτὴν
834 855 895 914 ἢν
923 859 1102 915 βλέπεις
1130 860 1213 919 τὴν
1243 866 1435 909 εἴσοδον.

169 975 172 978 ,
224 935 358 1000 Sehql.
392 937 469 978 Av.
502 939 583 978 296
615 938 771 988 εἴσοδος
801 938 846 980 δὲ
874 939 1023 995 λέγεται
1051 938 1080 999 ᾗ
1109 941 1130 984 ὁ
1159 939 1271 999 χορὸς
1309 946 1472 988 εἴσεισιν
1511 951 1565 998 εἰς
1596 950 1668 1003 τὴν

111 991 283 1046 σκηνήν.
314 991 382 1033 καὶ
415 991 461 1034 ἐν
489 998 576 1043 ταῖς
607 995 765 1049 Νήσοις
792 1001 873 1039 κτλ.
903 997 992 1039 κατ’
1032 997 1182 1057 αὐτὴν]
1219 1002 1320 1067 κατὰ
1357 1006 1505 1058 ταύτην
1534 1008 1584 1047 V.
1617 1011 1665 1048 cs.

107 1050 215 1092 Eub.
247 1052 344 1091 326.
378 1053 522 1104 viginti
554 1058 746 1105 quattuor
774 1057 923 1097 insulas
960 1061 1134 1100 actorem
1169 1061 1341 1112 aliquem
1382 1063 1496 1103 alteri
1537 1078 1666 1105 reeen-

28 1123 31 1124 ’
106 1110 263 1148 sentem
283 1109 380 1149 feeit
399 1113 447 1149 ut
467 1111 601 1151 avium
622 1113 784 1153 chorum
804 1115 846 1154 in
870 1116 1036 1165 Avibus,
1059 1118 1218 1157 urbium
1235 1118 1401 1169 Eupolis
1423 1122 1463 1160 in
1481 1122 1668 1163 Urbibus.

857 1249 942 1293 389

1011 1329 1150 1383 λέξεις
1178 1330 1266 1388 ἄρα

312 1393 468 1452 ὥσπερ
498 1394 554 1439 τὰ
584 1395 745 1453 παιδί’,
778 1396 888 1454 ἔξεχ’
921 1390 957 1441 ὦ
987 1398 1089 1454 φίλ’
1117 1398 1228 1456 ἥλιε.

220 1477 366 1520 Suidas
397 1476 498 1532 ἕξεχ’
531 1473 565 1520 οἷ
602 1477 689 1531 φίλ’
726 1478 831 1534 ἥλιε·
868 1479 1066 1534 κωλᾶριόν
1102 1497 1138 1521 τι
1174 1484 1435 1536 παροιμιῶδες
1471 1481 1550 1525 ὑπὸ
1588 1487 1668 1527 τῶν

101 1534 279 1575 παιδίων
306 1535 536 1590 λεγόμενον,
567 1535 669 1579 ὅταν
688 1536 858 1594 ἐπινεφῇ
877 1536 1034 1590 ψύχους
1055 1538 1179 1588 ὄντος.
1207 1533 1491 1593 Ἀριστοφάνης
1512 1542 1665 1595 Νήσοις

99 1594 183 1632 κτλ.
214 1593 401 1635 Eustath.
435 1597 531 1645 881,
562 1597 631 1635 42.
662 1597 805 1637 Pollux
836 1599 874 1646 9,
899 1598 978 1636 123
1008 1593 1033 1649 ἡ
1065 1594 1104 1635 δ’
1137 1594 1234 1649 ἕξεχ’
1267 1592 1299 1638 ὦ
1329 1595 1413 1649 φίλ’
1442 1597 1529 1651 ἥλιε
1556 1614 1664 1639 παι-

101 1646 183 1689 διὰ
212 1649 362 1702 κρότον
386 1650 465 1704 ἔχει
494 1658 576 1693 τῶν
605 1652 763 1694 παίδων
792 1651 871 1694 σὺν
900 1659 953 1709 τῷ
983 1651 1215 1707 ἐπιβσήματι
1245 1654 1390 1710 τούτῳ,
1430 1652 1578 1696 ὁπόταν
1606 1657 1663 1697 νέ-

100 1720 178 1757 φος
209 1705 408 1766 ἐπιδράμῃ
437 1708 508 1750 τὸν
535 1709 655 1751 θεόν.
685 1713 734 1752 ef.
766 1712 950 1752 Strattid.
983 1713 1048 1752 46.
1080 1714 1236 1752 tristem
1257 1713 1494 1764 reipublicae
1514 1718 1663 1755 statum

46 1803 50 1805 ,
99 1765 319 1817 significari
350 1769 540 1820 opinatur
568 1769 782 1821 Bergkius.

851 1880 937 1923 390

852 1958 953 2002 ἀλλ’
984 1958 1040 2003 ού
1070 1958 1280 2015 τυγχάνει

305 2017 524 2075 ἐπίδημος
553 2015 630 2062 ὤν.

209 2098 392 2152 Etymol.
422 2115 475 2144 m.
506 2103 602 2151 338,
634 2102 688 2141 53
718 2098 905 2152 ἔνδημος·
938 2097 959 2139 ὅ
988 2097 1042 2152 μὴ
1071 2095 1308 2152 ἀποδημῶν·
1340 2096 1575 2151 ἐπίδημος
1615 2098 1659 2138 δὲ

94 2148 116 2194 ὃ
148 2153 358 2210 ἐπιδημῶν
387 2156 549 2208 ξένος·
579 2157 648 2199 καὶ
674 2154 781 2211 παρὰ
807 2154 1082 2210 Ἀριστοφάνει
1111 2155 1156 2196 ἐν
1182 2155 1353 2208 Νήσοις·
1384 2153 1469 2225 ἆλλζ
1502 2152 1548 2195 οὗ
1577 2159 1656 2224 κτλ.

92 2209 245 2267 λέγεται
274 2211 319 2254 δὲ
349 2214 439 2269 περὶ
469 2222 559 2255 τοῦ
586 2215 932 2267 Ποσειδῶνος,
963 2212 1036 2254 ὅτι
1067 2210 1156 2254 οὐκ
1197 2211 1432 2265 ἐπιδημεῖ
1466 2214 1658 2283 ζσθμοὶι.

93 2270 242 2325 κυρίως
265 2269 374 2313 ἐστὶν
393 2271 613 2327 εἰρημένον.
645 2270 715 2326 οὐχ
743 2268 847 2313 οὕτω
876 2270 951 2326 γὰρ
963 2270 1148 2324 Ἴσθμιος
1169 2267 1190 2310 ὁ
1209 2268 1318 2324 θεός,
1348 2267 1403 2337 (ἧς
1424 2270 1489 2309 δια
1508 2284 1656 2317 παντος

94 2325 184 2369 ἐκεῖ
221 2326 453 2383 διατρίβειν.
512 2331 691 2382 Neptuni
728 2334 860 2383 partes
897 2331 1049 2380 aliquas
1086 2329 1206 2368 fuisse
1244 2329 1328 2368 sine
1365 2328 1506 2367 ldonea
1543 2341 1656 2366 causa

94 2388 242 2428 conicit
270 2388 488 2439 Bergkius.

713 2499 810 2543 391.
841 2498 938 2541 392.
967 2497 1051 2540 393

830 2577 1032 2627 θλαστὰς
1061 2582 1207 2618 ποιεῖν
1237 2573 1382 2624 ἐλάας.

297 2646 355 2691 οὐ
383 2645 552 2692 ταύτόν
583 2647 709 2691 ἐστιν
739 2643 936 2702 ἁλμάδες
965 2644 1037 2687 καὶ
1068 2643 1311 2699 στέμφυλα.

293 2715 498 2767 θλαστὰς
526 2714 612 2772 γὰρ
644 2712 760 2759 εἶναι
790 2711 995 2770 κρεῖττόν
1025 2710 1148 2754 ἐστιν
1177 2708 1387 2765 ἁλμάδος.

202 2801 437 2841 Athenaeus
459 2802 496 2850 2,
515 2801 568 2840 56
583 2796 610 2839 b
630 2795 869 2851 μνημονεύει
886 2801 964 2835 τῶν
984 2797 1172 2834 θλαστῶν
1187 2789 1644 2855 ἕλαιῶνἈριστοφάνης·

15 2878 18 2881 -
86 2854 267 2907 θλαστὰς
285 2855 502 2905 -ἐλαίας,
533 2855 676 2895 πάλιν·
713 2851 760 2894 οὗ
784 2877 834 2882 -
855 2851 1069 2903 στέμφυλα,
1099 2848 1165 2889 καὶ
1192 2846 1279 2901 μετ’
1312 2845 1441 2901 ὀλίγα·
1472 2850 1651 2896 θλαστας

86 2915 168 2954 κτλ.
196 2910 346 2959 Pollux
369 2917 406 2964 6,
428 2916 483 2953 45
513 2911 689 2959 θλαστὰς
717 2909 761 2950 δὲ
782 2909 913 2957 ἐλαίας
943 2907 962 2948 ἒ
972 2924 996 2948 ν
1025 2908 1067 2946 Ν
1074 2906 1211 2959 ήσοις
1240 2903 1293 2946 ἂν
1321 2903 1451 2958 εὕροις
1478 2902 1647 2957 Ἀριστο-
