1872 3224
200 141 286 183 360
832 135 1132 170 ΕΤΠΟΛΙΔΟΣ

951 259 1033 302 391

403 318 753 375 Ἀδραμύττειον

316 412 996 462 Εὕπολις.8ο1ιοΙ.Τὶιιιο.5,1
1040 409 1107 463 (ex
1146 409 1262 464 Oro).
1303 410 1450 452 Suidas
1485 403 1803 467 Ἀδραμύττιον.

203 487 333 520 ουτως
359 470 549 518 Εὑπολις.
582 469 650 510 καὶ
674 466 986 521 Ἀδραμυτηνός.
1022 467 1279 520 Θουκυδίδης
1298 464 1615 521 Ἀτραμύττειον.
1647 470 1787 524 Βῡθρὶι.

201 532 297 582 Byz.
318 526 602 581 Ἀδραμύτειον
636 528 688 579 (R
713 524 999 579 Ἀδραμύττιον
1034 540 1233 578 suprascr.
1262 540 1283 565 τ
1313 526 1363 566 ad
1393 525 1417 565 ὃ
1448 530 1490 567 et
1527 542 1562 568 ει
1591 529 1642 569 ad
1671 544 1710 580 ι,
1748 527 1788 568 V

202 584 522 640 Ατραμυττειον,
552 588 586 625 Α
614 582 941 638 Ἀδραμύττειον)
971 583 1111 636 πόλις
1118 590 1187 636 τῆς
1217 597 1318 623 κατα
1349 582 1507 625 Κάικον
1537 584 1730 635 Μυσίας·
1759 580 1787 639 ἧ
1842 607 1844 610 v

200 642 336 698 γραφὴ
368 644 503 696 διχῶς,
535 641 602 682 διὰ
634 648 705 683 τοῦ
734 643 756 683 ἱ
785 641 853 682 καὶ
889 641 956 682 διὰ
987 647 1058 682 τοῦ
1088 643 1127 694 δ,
1157 640 1227 682 καὶ
1257 639 1322 682 διὰ
1352 640 1535 712 διφθόγγ
1535 657 1585 684 ου
1613 641 1682 685 ml
1718 641 1788 685 διὰ

201 708 272 742 τοῦ
304 712 329 755 i,
357 700 425 741 καὶ
454 698 508 740 δι’
543 698 631 748 ἑνὸς
652 701 673 740 ἱ
693 699 762 740 και
780 698 848 740 διὰ
869 698 958 740 δύο.
988 696 1089 740 ἀλλὰ
1120 696 1177 739 δι’
1211 697 1353 748 ἕνὸς“
1332 716 1366 752 τ,
1397 697 1497 740 ὅταν
1485 657 1642 754 γνδέχ

200 774 285 813 γον,
314 758 384 799 καὶ
413 751 481 798 δια
511 752 634 810 (5130,P
621 756 720 798 όταν
750 755 793 798 τὸ
813 769 828 795 l
846 751 994 810 μόνως.
1027 759 1078 798 cf.
1104 758 1325 798 Herodian.
1355 758 1377 798 I
1407 699 1789 807 373,18ΜΠ
1687 758 1786 811 467,

203 819 271 857 22.
309 818 352 857 in
389 817 721 867 inscriptionibus
759 817 930 856 Euclide
959 816 1250 857 vetustioribus
1280 829 1363 857 non
1394 818 1744 860 commemoratur.

952 962 1038 1006 392
1109 961 1112 963 ’

406 1018 631 1076 Ἀμύρους

321 1116 548 1166 Stephanus
578 1116 674 1167 Byz.
700 1113 874 1167 ’Ἀμυρος
907 1145 915 1153 .
940 1145 949 1155 .
975 1146 984 1155 .
1016 1111 1059 1156 τὸ
1091 1113 1262 1155 ἕθνικὸν
1296 1112 1511 1168 Ἀμυρεύς,
1534 1112 1616 1185 Ηώς
1641 1111 1707 1157 K&

205 1186 270 1225 ρος
302 1171 542 1225 Καμειρεύς.
575 1168 754 1221 Εὔπολις
784 1170 829 1212 δὲ
846 1169 1044 1225 Ἀμύρους
1075 1170 1309 1228 (Ἀμυρίους
1330 1171 1473 1229 Mein.)
1494 1166 1644 1223 αὐτους
1672 1175 1694 1214 λ
1740 1130 1790 1227 ειι,

204 1226 502 1283 πλησιοχώρους
541 1235 611 1283 τῆς
650 1229 894 1278 Μολοττίας.
945 1230 995 1273 cf.
1021 1231 1246 1274 Herodian.
1278 1232 1319 1272 H
1348 1233 1451 1285 891,
1484 1233 1540 1273 20
1566 1232 1707 1273 Lontz
1739 1232 1791 1274 ad

207 1289 405 1329 Civitates
435 1289 561 1328 refert
589 1289 761 1328 Meinek.

959 1400 1046 1445 393
1060 1440 1062 1442 ,

411 1478 1091 1536 ἆμφιπτολεμοπηδησίστρατος

319 1575 491 1617 Bekker.
523 1576 674 1615 Anecd.
699 1577 795 1624 701,
825 1576 893 1615 32.
929 1576 1024 1624 702,
1055 1577 1081 1615 4
1112 1574 1179 1615 καὶ
1211 1574 1322 1616 ἔστιν
1351 1572 1407 1624 ὦς
1438 1574 1504 1617 ἐπὶ
1533 1574 1577 1617 τὸ
1606 1579 1792 1619 πλεῖστον

205 1629 231 1684 ἡ
263 1629 457 1679 σύνθεσις
490 1630 532 1671 ἐκ
563 1630 637 1672 δύο
667 1630 822 1682 λέξεων,
854 1631 1006 1685 γίνεται
1037 1630 1081 1672 δὲ
1123 1631 1191 1673 καὶ
1228 1631 1272 1673 ἐκ
1310 1639 1452 1687 τριῶν,
1500 1631 1556 1683 ὥς
1603 1627 1647 1675 vd
1693 1634 1792 1676 δνσ-

205 1687 491 1741 αριστοτόκεια,
521 1687 630 1740 παρὰ
661 1687 706 1729 δὲ
736 1692 818 1737 τοῖς
849 1693 1039 1742 κωμικοῖς
1070 1689 1138 1730 καὶ
1169 1688 1212 1730 ἐκ
1242 1689 1539 1732 πλειόνων..
1572 1689 1674 1745 παρ’
1706 1689 1789 1734 Εὖ·

206 1742 339 1786 πόλιὸι
368 1743 470 1798 ἀμφ.
531 1748 609 1788 nisi
649 1749 698 1787 ab
737 1748 898 1788 nomine
935 1749 1099 1800 proprio
1147 1749 1375 1789 derivatum
1418 1752 1502 1802 est,
1548 1751 1702 1790 nullam
1731 1751 1790 1792 vi-

207 1806 281 1844 deo
312 1818 473 1844 causam
504 1818 574 1845 cur
602 1818 684 1845 non
712 1801 905 1856 ἆμφιπολ.
938 1806 1095 1847 dixerit.
1127 1807 1425 1848 Demostratwm
1454 1807 1675 1860 significari
1705 1809 1790 1860 opi·

207 1863 274 1902 nio
306 1864 368 1902 est
396 1863 534 1913 Raspii
568 1864 619 1902 78
651 1865 735 1903 not.
768 1863 836 1905 45.
869 1863 920 1903 cf.
952 1863 1158 1915 Aristoph.
1190 1864 1283 1916 Lys.
1314 1866 1409 1905 391.
1548 1878 1551 1880 ·

955 2008 1042 2052 394

415 2063 719 2121 ἀναγχιππεῖν

236 2217 256 2255 f
297 2155 412 2255 fdvtl
436 2164 513 2256 ἑοῦ
542 2157 625 2211 μετ’
660 2156 839 2213 ἀνάγκης
870 2156 1069 2202 ἱππεύειν.
1111 2160 1302 2211 Εὔπολις.
1352 2164 1498 2204 Suidas
1527 2166 1570 2205 et
1599 2165 1790 2204 Zonaras.

214 2229 233 2255 c
256 2248 264 2257 .
316 2230 345 2255 r.
380 2219 431 2257 18
467 2247 476 2256 .

960 2329 1046 2372 395

415 2382 637 2442 ἀναρρύει

322 2463 412 2508 ἄντι
441 2468 510 2508 τοῦ
540 2467 637 2508 θύει
667 2467 736 2509 καὶ
766 2467 943 2521 σφάττει.
974 2467 1168 2519 Εὔπολις.
1200 2468 1310 2512 xal‘
1287 2487 1312 2524 η
1334 2471 1464 2512 θυσία
1485 2468 1572 2512 δὲ’
1549 2470 1787 2526 αναρρυσις,

213 2525 368 2565 Suidas.
401 2526 450 2566 cf.
482 2526 689 2578 Aristoph.
718 2527 808 2570 Pac.
839 2529 924 2568 890
953 2541 1046 2569 oum
1076 2529 1243 2581 interpr.

959 2662 1045 2705 396

416 2737 924 2796 ἄνδραποδιστικώτατα

324 2817 421 2874 παρ’
455 2816 664 2864 Εὐπόλιδι.
695 2825 838 2867 Pollux
868 2828 907 2880 3,
942 2828 1010 2867 77.
