<?xml version="1.0" encoding="UTF-8"?>
<!DOCTYPE html PUBLIC "-//W3C//DTD XHTML 1.0 Transitional//EN"
    "http://www.w3.org/TR/xhtml1/DTD/xhtml1-transitional.dtd">
<html xmlns="http://www.w3.org/1999/xhtml" xml:lang="en" lang="en">
 <head>
  <title>
</title>
<meta http-equiv="Content-Type" content="text/html;charset=utf-8" />
  <meta name='ocr-system' content='tesseract 3.04.00' />
  <meta name='ocr-capabilities' content='ocr_page ocr_carea ocr_par ocr_line ocrx_word'/>
</head>
<body>
  <div class='ocr_page' id='page_1' title='image "./comicorumatticor01kockuoft_0482.png"; bbox 0 0 1872 3224; ppageno 0'>
   <div class='ocr_carea' id='block_1_1' title="bbox 177 177 1154 225">
    <p class='ocr_par' dir='ltr' id='par_1_1' title="bbox 177 177 1154 225">
     <span class='ocr_line' id='line_1_1' title="bbox 177 177 1154 225; baseline -0.015 0"><span class='ocrx_word' id='word_1_1' title='bbox 177 182 262 225; x_wconf 79' lang='lat'><em>452</em></span> <span class='ocrx_word' id='word_1_2' title='bbox 761 177 1154 213; x_wconf 74' lang='grc' dir='ltr'><strong>ΑΡΙΣΤΟΦΑΝΟΤΣ</strong></span> 
     </span>
    </p>
   </div>
   <div class='ocr_carea' id='block_1_2' title="bbox 180 277 1758 347">
    <p class='ocr_par' dir='ltr' id='par_1_2' title="bbox 180 277 1758 347">
     <span class='ocr_line' id='line_1_2' title="bbox 180 277 1758 347; baseline -0.002 -23"><span class='ocrx_word' id='word_1_3' title='bbox 180 284 244 325; x_wconf 82' lang='grc' dir='ltr'><em>διὰ</em></span> <span class='ocrx_word' id='word_1_4' title='bbox 266 287 408 336; x_wconf 83' lang='grc' dir='ltr'><em>ψιλοῦ·</em></span> <span class='ocrx_word' id='word_1_5' title='bbox 432 283 450 325; x_wconf 89' lang='grc' dir='ltr'><em>ε’</em></span> <span class='ocrx_word' id='word_1_6' title='bbox 458 300 483 324; x_wconf 93' lang='grc' dir='ltr'><em>ν</em></span> <span class='ocrx_word' id='word_1_7' title='bbox 511 281 743 338; x_wconf 82' lang='grc' dir='ltr'><em>άλιπέδῳ.</em></span> <span class='ocrx_word' id='word_1_8' title='bbox 775 283 1019 323; x_wconf 78' lang='lat' dir='ltr'><strong>Fritzschius</strong></span> <span class='ocrx_word' id='word_1_9' title='bbox 1040 282 1195 324; x_wconf 76' lang='lat' dir='ltr'><strong>Daetal.</strong></span> <span class='ocrx_word' id='word_1_10' title='bbox 1220 283 1299 321; x_wconf 89' lang='lat'><em>131</em></span> <span class='ocrx_word' id='word_1_11' title='bbox 1323 277 1390 320; x_wconf 77' lang='grc' dir='ltr'><em>ἐπ’</em></span> <span class='ocrx_word' id='word_1_12' title='bbox 1422 277 1608 335; x_wconf 79' lang='grc' dir='ltr'><em>άλιπὲδῳ.</em></span> <span class='ocrx_word' id='word_1_13' title='bbox 1628 282 1758 347; x_wconf 40' lang='lat' dir='ltr'><em>reone-z</em></span> 
     </span>
    </p>
   </div>
   <div class='ocr_carea' id='block_1_3' title="bbox 177 339 1763 446">
    <p class='ocr_par' dir='ltr' id='par_1_3' title="bbox 177 339 1763 446">
     <span class='ocr_line' id='line_1_3' title="bbox 178 339 1763 393; baseline -0.004 -9"><span class='ocrx_word' id='word_1_14' title='bbox 178 345 295 384; x_wconf 71' lang='lat' dir='ltr'><strong>aliter</strong></span> <span class='ocrx_word' id='word_1_15' title='bbox 323 345 430 383; x_wconf 83' lang='lat' dir='ltr'><strong>enim</strong></span> <span class='ocrx_word' id='word_1_16' title='bbox 460 341 724 393; x_wconf 79' lang='lat' dir='ltr'><strong>Harpocratio</strong></span> <span class='ocrx_word' id='word_1_17' title='bbox 757 341 856 380; x_wconf 83' lang='lat' dir='ltr'>scire</span> <span class='ocrx_word' id='word_1_18' title='bbox 886 353 969 379; x_wconf 88' lang='lat' dir='ltr'><em>non</em></span> <span class='ocrx_word' id='word_1_19' title='bbox 998 342 1161 390; x_wconf 65' lang='lat' dir='ltr'><strong>poterafi</strong></span> <span class='ocrx_word' id='word_1_20' title='bbox 1201 339 1310 390; x_wconf 88' lang='lat' dir='ltr'><strong>apud</strong></span> <span class='ocrx_word' id='word_1_21' title='bbox 1339 339 1661 390; x_wconf 71' lang='lat' dir='ltr'><strong>Aristophanem</strong></span> <span class='ocrx_word' id='word_1_22' title='bbox 1683 350 1763 390; x_wconf 77' lang='lat' dir='ltr'><strong>spl-</strong></span> 
     </span>
     <span class='ocr_line' id='line_1_4' title="bbox 177 396 1763 446; baseline -0.003 -6"><span class='ocrx_word' id='word_1_23' title='bbox 177 403 302 440; x_wconf 78' lang='lat' dir='ltr'><strong>ritum</strong></span> <span class='ocrx_word' id='word_1_24' title='bbox 332 401 462 440; x_wconf 83' lang='lat' dir='ltr'><strong>lenem</strong></span> <span class='ocrx_word' id='word_1_25' title='bbox 502 399 758 440; x_wconf 80' lang='lat' dir='ltr'><strong>scribendum</strong></span> <span class='ocrx_word' id='word_1_26' title='bbox 797 411 895 438; x_wconf 84' lang='lat' dir='ltr'><strong>esse.</strong></span> <span class='ocrx_word' id='word_1_27' title='bbox 956 398 1006 436; x_wconf 81' lang='lat' dir='ltr'><em>of.</em></span> <span class='ocrx_word' id='word_1_28' title='bbox 1038 397 1210 437; x_wconf 81' lang='lat' dir='ltr'><strong>Bekker.</strong></span> <span class='ocrx_word' id='word_1_29' title='bbox 1242 396 1396 437; x_wconf 83' lang='lat' dir='ltr'><strong>Anood.</strong></span> <span class='ocrx_word' id='word_1_30' title='bbox 1428 397 1531 446; x_wconf 86' lang='lat'><strong>208,</strong></span> <span class='ocrx_word' id='word_1_31' title='bbox 1566 397 1634 436; x_wconf 92' lang='grc'><em>17.</em></span> <span class='ocrx_word' id='word_1_32' title='bbox 1666 396 1763 445; x_wconf 85' lang='grc'><em>376,</em></span> 
     </span>
    </p>
   </div>
   <div class='ocr_carea' id='block_1_4' title="bbox 178 453 1754 567">
    <p class='ocr_par' dir='ltr' id='par_1_4' title="bbox 178 453 1754 567">
     <span class='ocr_line' id='line_1_5' title="bbox 180 453 1754 510; baseline -0.002 -13"><span class='ocrx_word' id='word_1_33' title='bbox 180 459 232 497; x_wconf 89' lang='grc'><em>14</em></span> <span class='ocrx_word' id='word_1_34' title='bbox 263 458 401 510; x_wconf 83' lang='lat' dir='ltr'><strong>(indic.</strong></span> <span class='ocrx_word' id='word_1_35' title='bbox 433 453 712 508; x_wconf 78' lang='lat' dir='ltr'><strong>Fritzsehius).</strong></span> <span class='ocrx_word' id='word_1_36' title='bbox 759 456 861 495; x_wconf 84' lang='lat' dir='ltr'><strong>Xen.</strong></span> <span class='ocrx_word' id='word_1_37' title='bbox 892 455 997 495; x_wconf 84' lang='lat' dir='ltr'><strong>Hell.</strong></span> <span class='ocrx_word' id='word_1_38' title='bbox 1030 456 1080 506; x_wconf 84' lang='lat'><em>2,</em></span> <span class='ocrx_word' id='word_1_39' title='bbox 1112 455 1159 504; x_wconf 88' lang='lat'><em>4,</em></span> <span class='ocrx_word' id='word_1_40' title='bbox 1192 456 1260 496; x_wconf 85' lang='lat'><strong>30.</strong></span> <span class='ocrx_word' id='word_1_41' title='bbox 1300 454 1511 494; x_wconf 84' lang='lat' dir='ltr'><strong>Ruhnken.</strong></span> <span class='ocrx_word' id='word_1_42' title='bbox 1544 453 1650 493; x_wconf 81' lang='lat' dir='ltr'><strong>Tim.</strong></span> <span class='ocrx_word' id='word_1_43' title='bbox 1683 453 1754 494; x_wconf 84' lang='lat'><strong>23.</strong></span> 
     </span>
     <span class='ocr_line' id='line_1_6' title="bbox 178 512 1324 567; baseline -0.003 -13"><span class='ocrx_word' id='word_1_44' title='bbox 178 516 362 555; x_wconf 86' lang='lat' dir='ltr'><strong>Bursian.</strong></span> <span class='ocrx_word' id='word_1_45' title='bbox 395 514 539 567; x_wconf 80' lang='lat' dir='ltr'><strong>Geogr.</strong></span> <span class='ocrx_word' id='word_1_46' title='bbox 572 528 634 566; x_wconf 88' lang='lat' dir='ltr'><strong>gr.</strong></span> <span class='ocrx_word' id='word_1_47' title='bbox 666 513 687 553; x_wconf 96' lang='lat' dir='ltr'>I</span> <span class='ocrx_word' id='word_1_48' title='bbox 718 514 801 554; x_wconf 84' lang='lat'><em>264</em></span> <span class='ocrx_word' id='word_1_49' title='bbox 832 515 874 553; x_wconf 79' lang='lat' dir='ltr'><em>et</em></span> <span class='ocrx_word' id='word_1_50' title='bbox 902 512 1112 564; x_wconf 74' lang='lat' dir='ltr'><strong>Aristoph.</strong></span> <span class='ocrx_word' id='word_1_51' title='bbox 1146 512 1196 552; x_wconf 84' lang='lat' dir='ltr'><strong>fr.</strong></span> <span class='ocrx_word' id='word_1_52' title='bbox 1232 513 1324 552; x_wconf 78' lang='lat'><strong>132.</strong></span> 
     </span>
    </p>
   </div>
   <div class='ocr_carea' id='block_1_5' title="bbox 930 647 1017 690">
    <p class='ocr_par' dir='ltr' id='par_1_5' title="bbox 930 647 1017 690">
     <span class='ocr_line' id='line_1_7' title="bbox 930 647 1017 690; baseline -0.011 0"><span class='ocrx_word' id='word_1_53' title='bbox 930 647 1017 690; x_wconf 83' lang='lat'><em>234</em></span> 
     </span>
    </p>
   </div>
   <div class='ocr_carea' id='block_1_6' title="bbox 1751 0 1872 756">
    <p class='ocr_par' dir='ltr' id='par_1_6' title="bbox 1751 0 1872 756">
     <span class='ocr_line' id='line_1_8' title="bbox 1751 0 1872 756; baseline 0 2468"><span class='ocrx_word' id='word_1_54' title='bbox 1751 0 1872 756; x_wconf 95' lang='lat' dir='ltr'><em> </em></span> 
     </span>
    </p>
   </div>
   <div class='ocr_carea' id='block_1_7' title="bbox 175 703 1766 958">
    <p class='ocr_par' dir='ltr' id='par_1_7' title="bbox 385 703 715 762">
     <span class='ocr_line' id='line_1_9' title="bbox 385 703 715 762; baseline -0.003 0"><span class='ocrx_word' id='word_1_55' title='bbox 385 703 500 762; x_wconf 63' lang='grc' dir='ltr'><em>ἄγγη</em></span> <span class='ocrx_word' id='word_1_56' title='bbox 531 706 715 762; x_wconf 68' lang='grc' dir='ltr'><em>μυθηρά</em></span> 
     </span>
    </p>

    <p class='ocr_par' dir='ltr' id='par_1_8' title="bbox 292 783 1766 841">
     <span class='ocr_line' id='line_1_10' title="bbox 292 783 1766 841; baseline -0.003 -11"><span class='ocrx_word' id='word_1_57' title='bbox 292 791 438 831; x_wconf 84' lang='lat' dir='ltr'>Pollux</span> <span class='ocrx_word' id='word_1_58' title='bbox 472 792 537 838; x_wconf 87' lang='lat'><em>10,</em></span> <span class='ocrx_word' id='word_1_59' title='bbox 573 791 652 828; x_wconf 89' lang='grc'><em>119</em></span> <span class='ocrx_word' id='word_1_60' title='bbox 685 787 840 841; x_wconf 85' lang='grc' dir='ltr'><em>εἴρηται</em></span> <span class='ocrx_word' id='word_1_61' title='bbox 870 784 916 827; x_wconf 79' lang='grc' dir='ltr'><em>δὲ</em></span> <span class='ocrx_word' id='word_1_62' title='bbox 945 783 1020 827; x_wconf 82' lang='grc' dir='ltr'><em>ὑπ’</em></span> <span class='ocrx_word' id='word_1_63' title='bbox 1052 784 1181 827; x_wconf 83' lang='grc' dir='ltr'><em>αὐτοῦ</em></span> <span class='ocrx_word' id='word_1_64' title='bbox 1211 784 1257 826; x_wconf 81' lang='grc' dir='ltr'><em>ἐν</em></span> <span class='ocrx_word' id='word_1_65' title='bbox 1292 787 1531 827; x_wconf 84' lang='grc' dir='ltr'><strong><em>Δαιταλεῦσι</em></strong></span> <span class='ocrx_word' id='word_1_66' title='bbox 1561 785 1634 827; x_wconf 83' lang='grc' dir='ltr'><em>καί</em></span> <span class='ocrx_word' id='word_1_67' title='bbox 1657 783 1766 840; x_wconf 67' lang='grc' dir='ltr'><em>ἄγγη</em></span> 
     </span>
    </p>

    <p class='ocr_par' dir='ltr' id='par_1_9' title="bbox 175 841 1766 958">
     <span class='ocr_line' id='line_1_11' title="bbox 176 841 1766 901; baseline -0.002 -14"><span class='ocrx_word' id='word_1_68' title='bbox 176 863 217 901; x_wconf 86' lang='grc' dir='ltr'><em>μ.</em></span> <span class='ocrx_word' id='word_1_69' title='bbox 250 848 356 889; x_wconf 84' lang='lat' dir='ltr'><strong>idem</strong></span> <span class='ocrx_word' id='word_1_70' title='bbox 390 849 542 897; x_wconf 84' lang='lat'><strong>7,177</strong></span> <span class='ocrx_word' id='word_1_71' title='bbox 574 848 828 899; x_wconf 82' lang='grc' dir='ltr'><em>μυροπωλεῖν</em></span> <span class='ocrx_word' id='word_1_72' title='bbox 848 842 893 884; x_wconf 84' lang='grc' dir='ltr'><em>δὲ</em></span> <span class='ocrx_word' id='word_1_73' title='bbox 909 841 1201 898; x_wconf 78' lang='grc' dir='ltr'><em>Ἀριστοφάνης</em></span> <span class='ocrx_word' id='word_1_74' title='bbox 1222 842 1314 897; x_wconf 71' lang='grc' dir='ltr'><em>ἔφη,</em></span> <span class='ocrx_word' id='word_1_75' title='bbox 1335 841 1602 899; x_wconf 78' lang='grc' dir='ltr'><em>μυροπώλιον,</em></span> <span class='ocrx_word' id='word_1_76' title='bbox 1633 842 1766 899; x_wconf 80' lang='grc' dir='ltr'><em>μύρου</em></span> 
     </span>
     <span class='ocr_line' id='line_1_12' title="bbox 175 899 1539 958; baseline -0.001 -14"><span class='ocrx_word' id='word_1_77' title='bbox 175 902 441 958; x_wconf 72' lang='grc' dir='ltr'><em>ἀλάβαστρον,</em></span> <span class='ocrx_word' id='word_1_78' title='bbox 470 903 634 957; x_wconf 81' lang='grc' dir='ltr'><em>μυρίδα,</em></span> <span class='ocrx_word' id='word_1_79' title='bbox 663 901 856 956; x_wconf 81' lang='grc' dir='ltr'><em>μυρηρὰ</em></span> <span class='ocrx_word' id='word_1_80' title='bbox 887 901 1139 955; x_wconf 82' lang='grc' dir='ltr'><em>ληκυθος,</em></span> <span class='ocrx_word' id='word_1_81' title='bbox 1170 899 1539 956; x_wconf 84' lang='grc' dir='ltr'><em>άλαβαστροθῆκαι.</em></span> 
     </span>
    </p>
   </div>
   <div class='ocr_carea' id='block_1_8' title="bbox 928 1037 1014 1081">
    <p class='ocr_par' dir='ltr' id='par_1_10' title="bbox 928 1037 1014 1081">
     <span class='ocr_line' id='line_1_13' title="bbox 928 1037 1014 1081; baseline 0.012 -1"><span class='ocrx_word' id='word_1_82' title='bbox 928 1037 1014 1081; x_wconf 83' lang='grc'><strong>235</strong></span> 
     </span>
    </p>
   </div>
   <div class='ocr_carea' id='block_1_9' title="bbox 387 1115 1165 1176">
    <p class='ocr_par' dir='ltr' id='par_1_11' title="bbox 387 1115 1165 1176">
     <span class='ocr_line' id='line_1_14' title="bbox 387 1115 1165 1176; baseline -0.005 -13"><span class='ocrx_word' id='word_1_83' title='bbox 387 1118 561 1176; x_wconf 76' lang='grc' dir='ltr'><em>ὠρικόν</em></span> <span class='ocrx_word' id='word_1_84' title='bbox 591 1119 642 1162; x_wconf 80' lang='grc' dir='ltr'><em>δὲ</em></span> <span class='ocrx_word' id='word_1_85' title='bbox 671 1117 912 1175; x_wconf 88' lang='grc' dir='ltr'><em>μειράκιον</em></span> <span class='ocrx_word' id='word_1_86' title='bbox 942 1115 1018 1160; x_wconf 81' lang='grc' dir='ltr'><em>καὶ</em></span> <span class='ocrx_word' id='word_1_87' title='bbox 1050 1118 1165 1175; x_wconf 83' lang='grc' dir='ltr'><em>κόρη</em></span> 
     </span>
    </p>
   </div>
   <div class='ocr_carea' id='block_1_10' title="bbox 180 1197 1767 1319">
    <p class='ocr_par' dir='ltr' id='par_1_12' title="bbox 180 1197 1767 1319">
     <span class='ocr_line' id='line_1_15' title="bbox 294 1197 1767 1254; baseline -0.001 -11"><span class='ocrx_word' id='word_1_88' title='bbox 294 1199 349 1251; x_wconf 81' lang='grc' dir='ltr'><em>ὥς</em></span> <span class='ocrx_word' id='word_1_89' title='bbox 381 1201 426 1242; x_wconf 79' lang='grc' dir='ltr'><em>ἐν</em></span> <span class='ocrx_word' id='word_1_90' title='bbox 458 1205 727 1242; x_wconf 84' lang='grc' dir='ltr'><em>Δαιταλεῦσιν</em></span> <span class='ocrx_word' id='word_1_91' title='bbox 756 1198 889 1250; x_wconf 80' lang='grc' dir='ltr'><em>αὐτός.</em></span> <span class='ocrx_word' id='word_1_92' title='bbox 932 1202 1064 1242; x_wconf 89' lang='lat' dir='ltr'><strong>Schol.</strong></span> <span class='ocrx_word' id='word_1_93' title='bbox 1089 1202 1188 1243; x_wconf 83' lang='lat' dir='ltr'><strong>Ach.</strong></span> <span class='ocrx_word' id='word_1_94' title='bbox 1212 1202 1309 1241; x_wconf 85' lang='lat'><strong>272.</strong></span> <span class='ocrx_word' id='word_1_95' title='bbox 1339 1201 1548 1242; x_wconf 78' lang='lat' dir='ltr'><strong>Dobraeus</strong></span> <span class='ocrx_word' id='word_1_96' title='bbox 1579 1197 1767 1254; x_wconf 77' lang='grc' dir='ltr'><em>ὦρικὸν</em></span> 
     </span>
     <span class='ocr_line' id='line_1_16' title="bbox 180 1255 1660 1319; baseline 0 -19"><span class='ocrx_word' id='word_1_97' title='bbox 180 1258 236 1300; x_wconf 82' lang='grc' dir='ltr'><em>δὲ</em></span> <span class='ocrx_word' id='word_1_98' title='bbox 265 1259 533 1315; x_wconf 83' lang='grc' dir='ltr'><em>μειράκιον</em></span> <span class='ocrx_word' id='word_1_99' title='bbox 562 1258 629 1299; x_wconf 86' lang='grc' dir='ltr'><em>καὶ</em></span> <span class='ocrx_word' id='word_1_100' title='bbox 662 1256 850 1312; x_wconf 80' lang='grc' dir='ltr'><em>ὡρικῶς</em></span> <span class='ocrx_word' id='word_1_101' title='bbox 883 1257 927 1299; x_wconf 78' lang='grc' dir='ltr'><em>ἐν</em></span> <span class='ocrx_word' id='word_1_102' title='bbox 963 1262 1010 1299; x_wconf 92' lang='grc' dir='ltr'><em>Δ.</em></span> <span class='ocrx_word' id='word_1_103' title='bbox 1045 1260 1186 1300; x_wconf 80' lang='lat' dir='ltr'><em>dicu&#39;nt</em></span> <span class='ocrx_word' id='word_1_104' title='bbox 1214 1259 1452 1311; x_wconf 84' lang='lat' dir='ltr'><strong>plerumque</strong></span> <span class='ocrx_word' id='word_1_105' title='bbox 1481 1255 1660 1319; x_wconf 19' lang='grc' dir='ltr'><em>ὡραῖος..</em></span> 
     </span>
    </p>
   </div>
   <div class='ocr_carea' id='block_1_11' title="bbox 181 1394 1766 1654">
    <p class='ocr_par' dir='ltr' id='par_1_13' title="bbox 181 1394 1766 1654">
     <span class='ocr_line' id='line_1_17' title="bbox 928 1394 1016 1437; baseline 0.011 -1"><span class='ocrx_word' id='word_1_106' title='bbox 928 1394 1016 1437; x_wconf 89' lang='grc'><strong>236</strong></span> 
     </span>
     <span class='ocr_line' id='line_1_18' title="bbox 387 1451 723 1508; baseline -0.006 -13"><span class='ocrx_word' id='word_1_107' title='bbox 387 1451 723 1508; x_wconf 77' lang='grc' dir='ltr'><em>ἄποβροχθίσαι</em></span> 
     </span>
     <span class='ocr_line' id='line_1_19' title="bbox 296 1538 1766 1599; baseline -0.001 -13"><span class='ocrx_word' id='word_1_108' title='bbox 296 1544 339 1587; x_wconf 86' lang='grc' dir='ltr'>τὸ</span> <span class='ocrx_word' id='word_1_109' title='bbox 378 1550 610 1598; x_wconf 79' lang='grc' dir='ltr'><em>καταπιεῖν,</em></span> <span class='ocrx_word' id='word_1_110' title='bbox 658 1542 712 1594; x_wconf 78' lang='grc' dir='ltr'><em>ὥς</em></span> <span class='ocrx_word' id='word_1_111' title='bbox 749 1542 884 1597; x_wconf 83' lang='grc' dir='ltr'><em>ἡμεῖς,</em></span> <span class='ocrx_word' id='word_1_112' title='bbox 920 1538 1212 1599; x_wconf 72' lang='grc' dir='ltr'><em>Ἀριστοφάνης</em></span> <span class='ocrx_word' id='word_1_113' title='bbox 1260 1538 1527 1586; x_wconf 80' lang='grc' dir='ltr'><em>Δαιταλεῦσιν</em></span> <span class='ocrx_word' id='word_1_114' title='bbox 1562 1543 1766 1599; x_wconf 78' lang='grc' dir='ltr'><em>ἐχρήσατο.</em></span> 
     </span>
     <span class='ocr_line' id='line_1_20' title="bbox 181 1603 1764 1654; baseline -0.001 -8"><span class='ocrx_word' id='word_1_115' title='bbox 181 1606 356 1646; x_wconf 83' lang='lat' dir='ltr'><strong>Bekker.</strong></span> <span class='ocrx_word' id='word_1_116' title='bbox 387 1605 540 1645; x_wconf 85' lang='lat' dir='ltr'><strong>Anecd.</strong></span> <span class='ocrx_word' id='word_1_117' title='bbox 571 1605 669 1654; x_wconf 82' lang='lat'><strong>427,</strong></span> <span class='ocrx_word' id='word_1_118' title='bbox 703 1605 741 1644; x_wconf 90' lang='grc'><em>3.</em></span> <span class='ocrx_word' id='word_1_119' title='bbox 773 1605 901 1643; x_wconf 74' lang='lat' dir='ltr'><strong>multo</strong></span> <span class='ocrx_word' id='word_1_120' title='bbox 932 1608 1026 1644; x_wconf 78' lang='lat' dir='ltr'><strong>ante</strong></span> <span class='ocrx_word' id='word_1_121' title='bbox 1058 1603 1259 1644; x_wconf 81' lang='lat' dir='ltr'><strong>Cobetum</strong></span> <span class='ocrx_word' id='word_1_122' title='bbox 1289 1605 1438 1645; x_wconf 83' lang='lat' dir='ltr'><strong>Mnem.</strong></span> <span class='ocrx_word' id='word_1_123' title='bbox 1461 1603 1499 1642; x_wconf 90' lang='lat' dir='ltr'><strong>V</strong></span> <span class='ocrx_word' id='word_1_124' title='bbox 1532 1605 1609 1644; x_wconf 89' lang='lat'><em>191</em></span> <span class='ocrx_word' id='word_1_125' title='bbox 1642 1603 1764 1644; x_wconf 79' lang='lat' dir='ltr'><strong>Fritz-</strong></span> 
     </span>
    </p>
   </div>
   <div class='ocr_carea' id='block_1_12' title="bbox 180 1660 1764 1773">
    <p class='ocr_par' dir='ltr' id='par_1_14' title="bbox 180 1660 1764 1773">
     <span class='ocr_line' id='line_1_21' title="bbox 182 1660 1763 1713; baseline -0.002 -9"><span class='ocrx_word' id='word_1_126' title='bbox 182 1664 314 1704; x_wconf 83' lang='lat' dir='ltr'><strong>schius</strong></span> <span class='ocrx_word' id='word_1_127' title='bbox 344 1663 500 1703; x_wconf 81' lang='lat' dir='ltr'><strong>Daetal.</strong></span> <span class='ocrx_word' id='word_1_128' title='bbox 534 1663 585 1701; x_wconf 87' lang='grc'><em>79</em></span> <span class='ocrx_word' id='word_1_129' title='bbox 618 1660 1043 1713; x_wconf 82' lang='grc' dir='ltr'><em>καταβροχθίσαι,</em></span> <span class='ocrx_word' id='word_1_130' title='bbox 1076 1662 1180 1701; x_wconf 88' lang='lat' dir='ltr'><strong>conl.</strong></span> <span class='ocrx_word' id='word_1_131' title='bbox 1204 1662 1280 1713; x_wconf 89' lang='lat' dir='ltr'><strong>Eq.</strong></span> <span class='ocrx_word' id='word_1_132' title='bbox 1305 1663 1401 1702; x_wconf 88' lang='grc'><strong>357.</strong></span> <span class='ocrx_word' id='word_1_133' title='bbox 1433 1662 1531 1702; x_wconf 86' lang='grc'><strong>826.</strong></span> <span class='ocrx_word' id='word_1_134' title='bbox 1563 1662 1642 1703; x_wconf 85' lang='lat' dir='ltr'><strong>Av.</strong></span> <span class='ocrx_word' id='word_1_135' title='bbox 1667 1661 1763 1702; x_wconf 82' lang='lat'><strong>503.</strong></span> 
     </span>
     <span class='ocr_line' id='line_1_22' title="bbox 180 1715 1764 1773; baseline -0.001 -13"><span class='ocrx_word' id='word_1_136' title='bbox 180 1721 297 1763; x_wconf 77' lang='lat' dir='ltr'><strong>Phot.</strong></span> <span class='ocrx_word' id='word_1_137' title='bbox 334 1715 667 1773; x_wconf 78' lang='grc' dir='ltr'><em>κατεβρόχθισεν·</em></span> <span class='ocrx_word' id='word_1_138' title='bbox 706 1717 906 1759; x_wconf 83' lang='grc' dir='ltr'><em>κατέπιεν.</em></span> <span class='ocrx_word' id='word_1_139' title='bbox 975 1719 1079 1759; x_wconf 83' lang='lat' dir='ltr'><strong>addo</strong></span> <span class='ocrx_word' id='word_1_140' title='bbox 1110 1719 1319 1770; x_wconf 86' lang='lat' dir='ltr'><strong>Hermipp.</strong></span> <span class='ocrx_word' id='word_1_141' title='bbox 1353 1720 1430 1768; x_wconf 86' lang='lat'><em>45,</em></span> <span class='ocrx_word' id='word_1_142' title='bbox 1463 1720 1500 1758; x_wconf 87' lang='grc'><em>4.</em></span> <span class='ocrx_word' id='word_1_143' title='bbox 1541 1718 1764 1771; x_wconf 72' lang='lat' dir='ltr'><strong>Antiphan.</strong></span> 
     </span>
    </p>
   </div>
   <div class='ocr_carea' id='block_1_13' title="bbox 183 1779 352 1829">
    <p class='ocr_par' dir='ltr' id='par_1_15' title="bbox 183 1779 352 1829">
     <span class='ocr_line' id='line_1_23' title="bbox 183 1779 352 1829; baseline 0.006 -12"><span class='ocrx_word' id='word_1_144' title='bbox 183 1779 280 1829; x_wconf 86' lang='lat'><em>189,</em></span> <span class='ocrx_word' id='word_1_145' title='bbox 313 1780 352 1818; x_wconf 84' lang='lat'><strong>6.</strong></span> 
     </span>
    </p>
   </div>
   <div class='ocr_carea' id='block_1_14' title="bbox 929 1887 1013 1931">
    <p class='ocr_par' dir='ltr' id='par_1_16' title="bbox 929 1887 1013 1931">
     <span class='ocr_line' id='line_1_24' title="bbox 929 1887 1013 1931; baseline 0.012 -1"><span class='ocrx_word' id='word_1_146' title='bbox 929 1887 1013 1931; x_wconf 87' lang='grc'><strong>237</strong></span> 
     </span>
    </p>
   </div>
   <div class='ocr_carea' id='block_1_15' title="bbox 296 1968 1765 2113">
    <p class='ocr_par' dir='ltr' id='par_1_17' title="bbox 296 1968 1765 2104">
     <span class='ocr_line' id='line_1_25' title="bbox 388 1968 847 2025; baseline -0.002 -13"><span class='ocrx_word' id='word_1_147' title='bbox 388 1968 847 2025; x_wconf 82' lang='grc' dir='ltr'><em>ἐψυχρολουτήσαμεν</em></span> 
     </span>
     <span class='ocr_line' id='line_1_26' title="bbox 296 2047 1765 2113; baseline -0.001 -22"><span class='ocrx_word' id='word_1_148' title='bbox 296 2053 443 2092; x_wconf 86' lang='lat' dir='ltr'>Pollux</span> <span class='ocrx_word' id='word_1_149' title='bbox 448 2053 609 2113; x_wconf 83' lang='lat'><strong>7,168</strong></span> <span class='ocrx_word' id='word_1_150' title='bbox 632 2056 686 2106; x_wconf 75' lang='grc' dir='ltr'><em>τῷ</em></span> <span class='ocrx_word' id='word_1_151' title='bbox 717 2048 762 2090; x_wconf 78' lang='grc' dir='ltr'><em>δὲ</em></span> <span class='ocrx_word' id='word_1_152' title='bbox 791 2051 967 2091; x_wconf 79' lang='grc' dir='ltr'><em>λοῦσθαι</em></span> <span class='ocrx_word' id='word_1_153' title='bbox 995 2049 1062 2091; x_wconf 78' lang='grc' dir='ltr'><em>καὶ</em></span> <span class='ocrx_word' id='word_1_154' title='bbox 1094 2049 1138 2091; x_wconf 86' lang='grc' dir='ltr'><em>τὸ</em></span> <span class='ocrx_word' id='word_1_155' title='bbox 1169 2053 1457 2104; x_wconf 81' lang='grc' dir='ltr'><em>ψυχρολουτεῖν</em></span> <span class='ocrx_word' id='word_1_156' title='bbox 1484 2047 1540 2090; x_wconf 73' lang='grc' dir='ltr'><em>’ὄιν</em></span> <span class='ocrx_word' id='word_1_157' title='bbox 1557 2048 1765 2104; x_wconf 78' lang='grc' dir='ltr'><em>προσήκοι,</em></span> 
     </span>
    </p>
   </div>
   <div class='ocr_carea' id='block_1_16' title="bbox 182 2106 1767 2162">
    <p class='ocr_par' dir='ltr' id='par_1_18' title="bbox 182 2106 1767 2162">
     <span class='ocr_line' id='line_1_27' title="bbox 182 2106 1767 2162; baseline 0 -13"><span class='ocrx_word' id='word_1_158' title='bbox 182 2106 391 2162; x_wconf 83' lang='grc' dir='ltr'><em>εἰρημένου</em></span> <span class='ocrx_word' id='word_1_159' title='bbox 421 2114 493 2148; x_wconf 85' lang='grc' dir='ltr'><em>τοῦ</em></span> <span class='ocrx_word' id='word_1_160' title='bbox 529 2107 596 2158; x_wconf 76' lang='grc' dir='ltr'><em>ἕψ.</em></span> <span class='ocrx_word' id='word_1_161' title='bbox 629 2107 674 2149; x_wconf 80' lang='grc' dir='ltr'><em>ἐν</em></span> <span class='ocrx_word' id='word_1_162' title='bbox 713 2111 983 2148; x_wconf 85' lang='grc' dir='ltr'><em>Δαιταλεῦσιν</em></span> <span class='ocrx_word' id='word_1_163' title='bbox 1016 2106 1338 2162; x_wconf 87' lang='grc' dir='ltr'><em>Ἀριστοφάνους.</em></span> <span class='ocrx_word' id='word_1_164' title='bbox 1398 2110 1690 2162; x_wconf 79' lang='grc' dir='ltr'><em>ψυχρολουτεῖν</em></span> <span class='ocrx_word' id='word_1_165' title='bbox 1719 2110 1767 2149; x_wconf 79' lang='lat' dir='ltr'><em>ut</em></span> 
     </span>
    </p>
   </div>
   <div class='ocr_carea' id='block_1_17' title="bbox 182 2166 1765 2274">
    <p class='ocr_par' dir='ltr' id='par_1_19' title="bbox 182 2166 1765 2274">
     <span class='ocr_line' id='line_1_28' title="bbox 182 2166 1765 2219; baseline 0.001 -14"><span class='ocrx_word' id='word_1_166' title='bbox 182 2168 480 2219; x_wconf 83' lang='grc' dir='ltr'><em>θερμολουτεῖν.</em></span> <span class='ocrx_word' id='word_1_167' title='bbox 520 2166 694 2207; x_wconf 85' lang='lat' dir='ltr'><strong>Lobeck.</strong></span> <span class='ocrx_word' id='word_1_168' title='bbox 732 2166 884 2217; x_wconf 82' lang='lat' dir='ltr'><strong>Phryn.</strong></span> <span class='ocrx_word' id='word_1_169' title='bbox 916 2167 1011 2206; x_wconf 86' lang='lat'><strong>594.</strong></span> <span class='ocrx_word' id='word_1_170' title='bbox 1063 2167 1234 2208; x_wconf 79' lang='lat' dir='ltr'><strong>fortasse</strong></span> <span class='ocrx_word' id='word_1_171' title='bbox 1270 2170 1387 2218; x_wconf 80' lang='lat' dir='ltr'><strong>pater</strong></span> <span class='ocrx_word' id='word_1_172' title='bbox 1423 2180 1470 2207; x_wconf 86' lang='lat' dir='ltr'><em>eo</em></span> <span class='ocrx_word' id='word_1_173' title='bbox 1509 2167 1632 2207; x_wconf 85' lang='lat' dir='ltr'><strong>verbo</strong></span> <span class='ocrx_word' id='word_1_174' title='bbox 1669 2179 1765 2206; x_wconf 80' lang='lat' dir='ltr'><strong>usus</strong></span> 
     </span>
     <span class='ocr_line' id='line_1_29' title="bbox 185 2224 1521 2274; baseline 0.002 -10"><span class='ocrx_word' id='word_1_175' title='bbox 185 2227 247 2264; x_wconf 77' lang='lat' dir='ltr'><em>est</em></span> <span class='ocrx_word' id='word_1_176' title='bbox 275 2226 319 2264; x_wconf 91' lang='lat' dir='ltr'><em>in</em></span> <span class='ocrx_word' id='word_1_177' title='bbox 349 2224 609 2264; x_wconf 81' lang='lat' dir='ltr'><strong>describendo</strong></span> <span class='ocrx_word' id='word_1_178' title='bbox 640 2224 864 2274; x_wconf 84' lang='lat' dir='ltr'><strong>priscorum</strong></span> <span class='ocrx_word' id='word_1_179' title='bbox 895 2224 1368 2264; x_wconf 81' lang='lat' dir='ltr'><strong>Marathonomacharum</strong></span> <span class='ocrx_word' id='word_1_180' title='bbox 1399 2225 1521 2267; x_wconf 71' lang='lat' dir='ltr'><strong>viem.</strong></span> 
     </span>
    </p>
   </div>
   <div class='ocr_carea' id='block_1_18' title="bbox 300 2357 1461 2723">
    <p class='ocr_par' dir='ltr' id='par_1_20' title="bbox 300 2357 1461 2723">
     <span class='ocr_line' id='line_1_30' title="bbox 936 2357 1022 2401; baseline 0.023 -2"><span class='ocrx_word' id='word_1_181' title='bbox 936 2357 1022 2401; x_wconf 86' lang='grc'><strong>238</strong></span> 
     </span>
     <span class='ocr_line' id='line_1_31' title="bbox 390 2417 678 2459; baseline 0.003 -2"><span class='ocrx_word' id='word_1_182' title='bbox 390 2417 678 2459; x_wconf 82' lang='grc' dir='ltr'><em>θυλακίσκον</em></span> 
     </span>
     <span class='ocr_line' id='line_1_32' title="bbox 300 2493 1461 2552; baseline 0 -14"><span class='ocrx_word' id='word_1_183' title='bbox 300 2495 355 2546; x_wconf 79' lang='grc' dir='ltr'><em>ὥς</em></span> <span class='ocrx_word' id='word_1_184' title='bbox 387 2496 431 2538; x_wconf 82' lang='grc' dir='ltr'><em>ἐν</em></span> <span class='ocrx_word' id='word_1_185' title='bbox 463 2497 729 2538; x_wconf 82' lang='grc' dir='ltr'><em>Δαιταλεῦσιν</em></span> <span class='ocrx_word' id='word_1_186' title='bbox 755 2493 1058 2552; x_wconf 75' lang='grc' dir='ltr'><em>Ἀριστοφάνης.</em></span> <span class='ocrx_word' id='word_1_187' title='bbox 1089 2498 1233 2538; x_wconf 88' lang='lat' dir='ltr'><strong>Pollux</strong></span> <span class='ocrx_word' id='word_1_188' title='bbox 1266 2501 1330 2548; x_wconf 89' lang='lat'><em>10,</em></span> <span class='ocrx_word' id='word_1_189' title='bbox 1366 2499 1461 2538; x_wconf 90' lang='grc'><strong>172.</strong></span> 
     </span>
     <span class='ocr_line' id='line_1_33' title="bbox 937 2610 1022 2654; baseline 0.024 -2"><span class='ocrx_word' id='word_1_190' title='bbox 937 2610 1022 2654; x_wconf 87' lang='grc'><strong>239</strong></span> 
     </span>
     <span class='ocr_line' id='line_1_34' title="bbox 392 2667 631 2723; baseline 0.004 -14"><span class='ocrx_word' id='word_1_191' title='bbox 392 2667 631 2723; x_wconf 84' lang='grc' dir='ltr'><em>κλινάριον</em></span> 
     </span>
    </p>
   </div>
   <div class='ocr_carea' id='block_1_19' title="bbox 187 2744 1763 2931">
    <p class='ocr_par' dir='ltr' id='par_1_21' title="bbox 187 2744 1763 2931">
     <span class='ocr_line' id='line_1_35' title="bbox 301 2744 1763 2803; baseline 0.001 -14"><span class='ocrx_word' id='word_1_192' title='bbox 301 2746 357 2797; x_wconf 84' lang='grc' dir='ltr'><em>ὦς</em></span> <span class='ocrx_word' id='word_1_193' title='bbox 389 2744 434 2789; x_wconf 84' lang='grc' dir='ltr'><em>ἕν</em></span> <span class='ocrx_word' id='word_1_194' title='bbox 464 2749 743 2793; x_wconf 80' lang='grc' dir='ltr'><em>Δαιταλεῦσιν.</em></span> <span class='ocrx_word' id='word_1_195' title='bbox 787 2750 933 2790; x_wconf 83' lang='lat' dir='ltr'><strong>Pollux</strong></span> <span class='ocrx_word' id='word_1_196' title='bbox 966 2752 1036 2803; x_wconf 92' lang='lat'><em>10,</em></span> <span class='ocrx_word' id='word_1_197' title='bbox 1068 2751 1138 2790; x_wconf 87' lang='grc'><strong>32.</strong></span> <span class='ocrx_word' id='word_1_198' title='bbox 1182 2749 1354 2788; x_wconf 84' lang='lat' dir='ltr'><strong>Bekker.</strong></span> <span class='ocrx_word' id='word_1_199' title='bbox 1387 2749 1540 2789; x_wconf 85' lang='lat' dir='ltr'><strong>Anecd.</strong></span> <span class='ocrx_word' id='word_1_200' title='bbox 1574 2750 1677 2798; x_wconf 89' lang='grc'><em>104,</em></span> <span class='ocrx_word' id='word_1_201' title='bbox 1709 2750 1763 2790; x_wconf 87' lang='grc'><strong>28</strong></span> 
     </span>
     <span class='ocr_line' id='line_1_36' title="bbox 187 2780 1763 2859; baseline 0 -14"><span class='ocrx_word' id='word_1_202' title='bbox 187 2805 394 2859; x_wconf 86' lang='grc' dir='ltr'><em>κλινάρια,</em></span> <span class='ocrx_word' id='word_1_203' title='bbox 437 2803 485 2846; x_wconf 83' lang='grc' dir='ltr'><em>οὐ</em></span> <span class='ocrx_word' id='word_1_204' title='bbox 529 2806 656 2858; x_wconf 81' lang='grc' dir='ltr'><em>μόνον</em></span> <span class='ocrx_word' id='word_1_205' title='bbox 698 2806 893 2847; x_wconf 84' lang='grc' dir='ltr'><em>κλινίδια·</em></span> <span class='ocrx_word' id='word_1_206' title='bbox 935 2780 1224 2859; x_wconf 77' lang='grc' dir='ltr'><em>Ἀριστοφάνης</em></span> <span class='ocrx_word' id='word_1_207' title='bbox 1265 2805 1542 2846; x_wconf 86' lang='grc' dir='ltr'><em>Δαιταλεῦσιν.</em></span> <span class='ocrx_word' id='word_1_208' title='bbox 1588 2806 1763 2847; x_wconf 82' lang='lat' dir='ltr'><strong>Lobeok.</strong></span> 
     </span>
     <span class='ocr_line' id='line_1_37' title="bbox 187 2863 1590 2931; baseline 0 -28"><span class='ocrx_word' id='word_1_209' title='bbox 187 2865 336 2915; x_wconf 84' lang='lat' dir='ltr'><strong>Phryn.</strong></span> <span class='ocrx_word' id='word_1_210' title='bbox 371 2866 465 2904; x_wconf 88' lang='grc'><em>180.</em></span> <span class='ocrx_word' id='word_1_211' title='bbox 496 2866 711 2905; x_wconf 73' lang='lat' dir='ltr'><em>triclinium</em></span> <span class='ocrx_word' id='word_1_212' title='bbox 740 2866 1030 2916; x_wconf 75' lang='lat' dir='ltr'><strong>intorpretatur</strong></span> <span class='ocrx_word' id='word_1_213' title='bbox 1058 2863 1300 2904; x_wconf 76' lang='lat' dir='ltr'><strong>Fritzsohius</strong></span> <span class='ocrx_word' id='word_1_214' title='bbox 1330 2864 1488 2931; x_wconf 64' lang='lat' dir='ltr'><strong>Paetal.</strong></span> <span class='ocrx_word' id='word_1_215' title='bbox 1522 2865 1590 2903; x_wconf 88' lang='grc'><em>98.</em></span> 
     </span>
    </p>
   </div>
  </div>
 </body>
</html>
