1872 3224
763 188 1089 228 ΔΡΑΠΕΤΙΔΕΣ
1665 192 1720 234 29

133 300 231 340 belli
263 300 389 339 Samii
428 300 717 339 commemorat
754 298 958 338 Androtio
996 299 1103 350 apud
1123 298 1274 337 ·Schol.
1316 297 1484 338 Aristid.
1525 299 1607 339 485
1643 330 1652 340 .
1676 329 1719 338 ..

134 357 198 398 01.
231 358 298 407 87,
332 358 358 395 4
390 370 481 396 cum
502 357 812 396 Atheniensium
847 358 1026 396 exercitu
1056 358 1196 396 contra
1218 355 1502 396 Chalcidenses
1533 357 1576 395 in
1599 357 1720 396 Thra-

133 417 194 456 cia
222 415 389 455 missum
421 427 508 454 esse
530 414 675 454 docent
695 414 819 453 Thuc.
845 414 882 463 2,
907 416 971 454 79.
1002 414 1121 453 Diod.
1148 415 1198 452 12
1221 427 1262 464 p.
1287 414 1384 453 512.
1417 414 1525 453 Plut.
1550 415 1639 454 Nic.
1664 416 1722 454 6’.

135 473 308 512 Meinek.
342 473 392 512 cf.
423 472 575 523 Bergk.
608 472 656 510 R.
689 484 719 510 c.
750 471 840 510 Att.
873 445 944 511 63.
975 494 1030 500 —-
1063 469 1102 519 ἐξ
1131 469 1316 524 αἰθρίας]
1349 472 1450 511 Xen.
1483 472 1591 514 Hell.
1622 475 1721 521 7,1,

137 532 190 570 31
224 527 264 579 ἐξ
293 528 459 583 αἰθρίας
489 524 693 582 ἀστραπάς
725 542 764 567 τε
795 525 863 567 καὶ
895 527 1067 582 βροντὰς
1098 526 1285 580 λέγουσιν
1314 528 1472 576 αἰσίους
1502 525 1612 584 αὐτῷ
1642 545 1722 581 φα-

136 588 432 639 νῆναι.Ηο111.
477 587 668 636 Od.20,
710 588 791 626 113
830 580 858 637 ἧ
897 585 1047 639 μεγάλα
1086 585 1310 639 βρόντησας
1353 618 1361 626 .
1401 620 1408 627 .
1448 583 1565 626 οὐδέ
1601 590 1724 626 ποθι

134 643 288 696 νέφος
321 643 444 684 ε’·στι
479 642 622 697 τέρας
659 659 710 683 νυ
731 641 804 698 τέῳ
836 642 930 682 τάδε
961 643 1176 695 φαίνεις.
1210 646 1452 684 sententiam
1473 659 1641 696 neque
1625 647 1723 685 Mei-

133 701 280 744 nekius
310 717 440 754 neque
471 704 685 754 quisquam
716 703 819 742 alius
851 703 1050 753 explicare
1082 703 1230 753 potuit.

163 893 271 948 τούς
301 890 392 939 ὦδε
421 896 569 953 μόνον
600 894 923 949 στασιάζοντας
953 894 1029 937 καὶ
1059 894 1372 951 βουλομένους
1401 894 1531 948 τινας
1553 888 1694 940 εἶναι.

251 981 421 1020 Photius
454 974 553 1020 οἶδε’·
586 976 634 1019 οὗ
664 977 792 1031 μόνον
822 976 866 1018 τὸ
887 976 1031 1030 οὕτως,
1062 975 1162 1018 ἀλλὰ
1192 977 1260 1018 καὶ
1281 977 1323 1018 τὸ
1346 977 1498 1019 ἐνθάδε
1519 977 1573 1028 ὡς
1595 978 1724 1033 ἡμεῖς.

139 1039 335 1091 Κρατῖνος
376 1035 607 1091 Δραπέτισι.
637 1038 795 1077 fallitur
824 1037 1008 1077 Photius.
1047 1051 1250 1089 nusquam
1288 1038 1394 1089 apud
1439 1038 1600 1079 Atticos
1646 1033 1725 1078 ὦδε

136 1109 211 1148 pro
244 1093 410 1147 ἐνθάδε,
441 1096 646 1141 interdum
677 1108 751 1146 pro
774 1093 892 1147 δεῦρο
912 1096 1091 1146 ponitur.
1124 1096 1173 1137 cf.
1197 1096 1323 1135 Arist.
1346 1096 1423 1138 Av.
1448 1098 1530 1136 229
1554 1110 1645 1136 cum
1669 1099 1725 1137 eis

137 1167 238 1204 quae
269 1154 471 1194 adnotavi.
505 1155 576 1194 ‘sic
604 1155 826 1203 incassum,
858 1159 945 1193 sine
975 1166 1097 1194 causa
1127 1157 1162 1193 ct
1190 1155 1374 1194 ratione?

137 1357 344 1408 ποδαπάς
381 1355 500 1414 ὑμᾶς
531 1353 647 1401 εἶναι
679 1357 894 1414 φάσκων,
917 1349 972 1401 ’ὦ
1002 1359 1238 1414 μείρακες,
1272 1355 1358 1401 οὐκ
1391 1354 1450 1401 ἄν
1481 1357 1724 1415 ἁμάρτοινς

252 1442 397 1483 Suidas
427 1437 624 1495 ἇμαρτοιν
659 1440 793 1494 εἴρηκε
831 1439 875 1480 τὸ
905 1437 1121 1494 ἁμάρτοιμι
1162 1442 1360 1494 Κρατῖνος
1394 1440 1615 1494 Δραπέτισι
1647 1473 1655 1481 .
1682 1476 1690 1484 .
1716 1478 1724 1486 .

137 1498 203 1540 καὶ
235 1498 342 1548 όλως
373 1498 556 1550 σύνηθες
587 1496 630 1539 τὸ
661 1505 827 1539 τοιοῦτο.
862 1500 990 1540 Draco
1024 1500 1206 1539 Straton.
1242 1501 1307 1549 18,
1333 1501 1388 1540 20
1418 1498 1462 1538 τὸ
1492 1502 1633 1553 μεῖραξ
1662 1499 1728 1541 ἐπὶ

138 1558 323 1610 θηλυκοῦ
355 1555 569 1610 τνθέμενον
599 1551 646 1596 εὖ
675 1553 730 1596 ἂν
760 1555 853 1609 ἔχοι.
886 1554 940 1605 ὡς
971 1553 1213 1610 ἀγνοοῦντες
1244 1554 1290 1596 δὲ
1321 1557 1436 1596 τοῦτο
1468 1554 1559 1596 ἔσθ’
1594 1556 1659 1598 ὅτε
1690 1559 1732 1598 οἱ

137 1614 304 1686 κωμικοὶ
333 1613 401 1655 καὶ
430 1612 632 1670 ἆρσενικῷ
662 1612 768 1686 γένει
800 1612 874 1666 τὴν
905 1612 1100 1664 σύνταξιν
1129 1619 1353 1654 ποιοῦνται.
1394 1611 1481 1655 ἀλλ’
1516 1614 1622 1664 εἰκὸς
1653 1613 1726 1656 αὖ·

135 1672 229 1721 τοὺς
259 1675 424 1728 θηλυκῇ
453 1672 697 1727 προσηγορίᾳ
729 1671 986 1713 σκώπτειν
1016 1670 1132 1720 τοὺς
1163 1673 1560 1740 πασχητιῶντας.
1603 1676 1724 1714 etiam

136 1733 304 1784 ignavos
336 1732 478 1783 opinor
507 1734 548 1771 et
577 1732 760 1771 inbelles.
802 1731 901 1771 Lob.
933 1732 1086 1783 Phryn
1120 1732 1216 1770 212.
1257 1733 1314 1772 sic
1345 1732 1550 1772 Thersites
1585 1732 1726 1784 (Hom.

137 1790 186 1829 Il.
219 1791 258 1838 2,
288 1789 390 1844 235)
419 1785 635 1840 Ἀχαιίδες,
668 1784 801 1828 οὐκέτ
831 1782 1000 1841 Ἀχαιοί,
1034 1792 1075 1829 et
1105 1788 1228 1840 Vcrg
1261 1790 1362 1829 Aen.
1396 1791 1433 1838 9,
1468 1790 1550 1829 614
1582 1803 1603 1831 o
1639 1803 1726 1831 vere

136 1849 349 1899 Flammae,
380 1860 504 1896 ‘neque
533 1853 638 1887 emm
667 1848 856 1898 Phryyes.
891 1848 938 1887 de
960 1846 1338 1887 terminatione—
1271 1859 1338 1885 οιν
1357 1860 1431 1898 pro
1454 1861 1535 1898 οιμι
1558 1849 1606 1889 cf.
1632 1848 1727 1888 Cur-

139 1906 221 1945 tius
267 1905 389 1945 Verb.
429 1918 560 1957 graec.
598 1905 618 1943 I
649 1906 720 1943 44.
769 1904 815 1944 G.
855 1905 995 1945 Herm.
1027 1905 1124 1944 Eur.
1164 1904 1254 1944 Hel.
1289 1905 1369 1943 271
1415 1903 1536 1959 (263)
1576 1903 1728 1957 λάβοιν.

140 1963 313 2015 Lycurg.
346 1963 485 2002 Leocr.
521 1964 614 2008 100,
649 1964 687 2002 6.
718 1963 856 2013 Etym.
889 1977 941 2002 m.
974 1960 1151 2015 τρέφοιν.
1203 1962 1301 2002 Eur.
1337 1962 1482 2002 Troad.
1515 1963 1597 2003 226
1629 1964 1727 2003 Din-

139 2020 290 2060 dorfius
321 2017 433 2073 (adn.
466 2016 615 2073 Oxon.)
641 2016 770 2074 Ἰονίῳ
801 2019 935 2059 ναίοιν
964 2019 1111 2075 πόντῳ.

908 2133 964 2176 56

474 2210 763 2256 Πανδιονίδαι
794 2213 970 2265 πόλεως
999 2214 1191 2268 βασιλεῦ

475 2289 555 2339 τῆς
586 2281 888 2338 ἐριβώλακος,
921 2279 1045 2326 οἶσθ’
1077 2279 1136 2338 ἣν
1167 2283 1373 2339 λέγομεν,

475 2351 552 2394 καὶ
583 2351 701 2394 κύνα
732 2352 808 2395 καὶ
838 2352 976 2396 πόλιν
1005 2349 1065 2407 ἣν
1096 2353 1348 2405 παίζουσιν.

258 2436 404 2476 Pollux
435 2438 472 2485 9,
505 2437 558 2476 98
597 2431 623 2486 ἡ
665 2433 710 2475 δὲ
749 2433 817 2475 διὰ
855 2437 1016 2475 πολλῶν
1052 2434 1208 2508 ψήφων
1246 2433 1388 2474 παιδιὰ
1426 2434 1620 2474 πλινθίον
1651 2433 1730 2474 ἐστὶ

144 2507 275 2546 χωρας
308 2491 352 2532 ἐν
380 2496 580 2562 γραμμαῖς
612 2490 702 2545 ε’χον
735 2491 1001 2546 διακειμένας.
1042 2492 1110 2533 καὶ
1147 2491 1190 2532 τὸ
1227 2490 1301 2545 μὲν
1330 2492 1523 2532 πλινθίον
1552 2495 1729 2532 καλεῖται

144 2549 281 2603 πόλις,
323 2555 407 2591 τῶν
445 2547 490 2590 δὲ
512 2549 688 2613 ψήφων
723 2549 870 2622 ἕκαστή
909 2550 1040 2591 κύων·
1080 2548 1334 2605 διῃρημένων
1372 2547 1417 2589 δὲ
1456 2550 1512 2598 εἰς
1543 2549 1619 2589 δύο
1650 2555 1732 2590 τῶν

145 2607 303 2660 ψήφων
339 2623 440 2648 κατα
480 2600 548 2656 τὰς
586 2605 724 2677 χρόας,
766 2606 791 2661 ἡ
830 2608 947 2661 τέχνη
986 2614 1055 2660 τῆς
1094 2607 1260 2654 παιδιας
1292 2605 1374 2646 ἔστι
1403 2606 1619 2660 περιλήψει
1650 2614 1732 2647 τῶν

147 2665 225 2705 δύο
256 2664 412 2718 ψήφων
453 2662 660 2719 ὁμοχρόων
698 2665 773 2719 τὴν
798 2665 1046 2719 ἕτερόχρουν
1074 2663 1278 2719 ἀναιρεῖν,
1316 2663 1419 2705 όθεν
1448 2663 1515 2705 και
1546 2666 1732 2720 Κρατίνῳ

147 2721 378 2763 πέπαικται·
412 2722 668 2763 Πανδιονίδα
704 2727 786 2764 κτλ.
826 2725 975 2765 Zenob.
1007 2726 1044 2773 5,
1080 2726 1131 2764 67
1164 2722 1297 2770 πόλεις
1327 2721 1495 2770 παίζειν.
1538 2721 1734 2775 μέμνηται

147 2779 295 2833 ταύτης
326 2783 527 2835 Κρατῖνος
559 2779 603 2820 ἕν
626 2780 885 2835 Δραπέτισιν.
937 2779 962 2834 ἡ
985 2779 1030 2820 δὲ
1059 2780 1174 2828 πόλις
1206 2775 1312 2828 εἶδός
1335 2778 1420 2820 ἐστι
1440 2780 1606 2827 παιδιᾶς
1638 2794 1730 2820 πετ-

149 2844 343 2891 τευτικῆς.
390 2837 458 2879 καὶ
487 2838 604 2878 δοκεῖ
634 2838 926 2904 μετενηνέχθαι
955 2832 1037 2878 ἀπὸ
1067 2844 1149 2878 τῶν
1185 2842 1271 2886 ταῖς
1303 2837 1460 2889 ψήφοις
1492 2836 1729 2887 παιζόντων,

148 2900 235 2944 ταῖς
267 2894 495 2949 λεγομέναις
526 2902 607 2937 νῦν
636 2911 796 2950 χωραις,
828 2896 915 2937 τότε
936 2894 981 2936 δὲ
1001 2895 1180 2936 πόλεσιν
1213 2897 1262 2938 cf.
1284 2897 1459 2947 Hesych.
1482 2894 1616 2942 πόλεις
1637 2894 1730 2933 παί-
