1872 3224
795 183 1018 218 ΜΑΡΙΚΑΣ
1613 186 1696 229 309

878 285 956 328 182

257 363 401 408 ἄκουε
432 366 523 406 νῦν
554 365 842 421 Πείσανδρος
872 362 932 416 ὥς
962 364 1227 410 ἀπόλλυται.

257 436 310 478 Β.
345 432 369 477 ὁ
401 433 644 488 στρεβλός;
676 438 731 477 Α.
763 431 848 477 οὐκ
879 432 980 477 ἀλλ’
1016 433 1039 478 ὁ
1069 436 1220 491 μέγας,
1253 433 1551 497 οὖνοκίνδιος.

54 557 58 559 r
229 518 364 560 Schol.
397 518 609 569 Aristoph.
641 518 718 558 Av.
754 520 862 558 1556
894 514 971 557 δύο
1010 517 1054 558 δέ
1091 519 1167 559 εἰσι
1208 519 1469 573 Πείσανδροι,
1509 518 1695 571 καθάπερ

48 583 58 626 J
112 574 295 625 Εὔπολις
328 574 374 616 ἐν
404 577 578 631 Μαρικᾷ
609 585 756 627 φησιν·
796 574 919 615 ἄκουε
950 578 1031 616 κτλ.
1093 578 1258 617 Photius
1296 581 1336 618 et
1373 579 1544 619 Zonaras
1587 580 1694 618 1675

43 683 63 688 Δ,
111 630 322 690 στρεβλόν·
344 631 416 674 τὸν
436 630 614 686 στραβὸν
634 631 836 686 λέγουσιν·
860 631 988 681 οὕτως
1010 632 1203 682 Εὔπολις,
1245 636 1468 676 Scholiasta
1489 636 1692 686 Aristoph.

46 706 55 746 ἶ.·
110 695 211 749 Lys.
243 694 330 734 490
360 690 442 732 ἔστι
473 688 517 730 δὲ
547 688 615 730 καὶ
645 689 763 739 ἄλλος
796 690 1062 744 Πείσανδρος,
1094 688 1114 730 ὁ
1142 687 1399 744 Ὀνοκίνδιος,
1430 689 1484 740 ὡς
1515 691 1694 740 Εὔπολις

111 749 311 805 διακρίνει
341 748 416 803 τὴν
446 746 688 802 ὁμωνυμίαν
719 747 763 788 ἕν
803 751 990 804 Μαρικᾷ.
1052 752 1090 790 2.
1123 746 1198 788 οὐκ
1238 751 1416 801 Toupius
1454 751 1620 790 Emend.
1654 751 1694 790 II

115 806 186 866 67]
227 807 293 850 οὔ.
333 809 481 848 deinde
517 805 639 861 μέγας
679 804 700 846 ὃ
739 806 892 855 κίνδιος
932 808 1029 848 Rav.
1071 808 1121 847 of.
1154 809 1325 848 Meinek.
1357 808 1377 847 I
1418 810 1496 848 179
1535 809 1623 847 adn.
1655 811 1696 847 et

35 881 36 884 ’
113 880 218 921 quae
247 867 530 908 adnotavimus
562 867 612 906 ad
644 866 854 916 Aristoph.
885 866 963 906 Av.
999 867 1121 905 1556.
1154 865 1362 916 Hermipp.
1387 868 1424 905 9.
1456 866 1601 916 Eupol.
1625 867 1693 904 31.

25 950 51 971 2-
110 926 411 968 Acharnensem
449 925 557 964 ridet
587 924 850 975 Pisandrum,
892 925 960 974 qui
1000 924 1162 963 asinarii
1203 936 1423 974 cognomen
1457 935 1503 962 eo
1541 923 1694 962 facilius

111 985 293 1036 accipere
313 985 488 1034 poteraig
512 983 608 1033 quia
631 978 858 1034 Ἀχαρνικοὶ
887 979 974 1020 ὄνοι
1003 981 1188 1032 inprimis
1227 981 1398 1032 grandes
1435 993 1520 1020 esse
1558 980 1693 1020 crede-

39 1087 44 1092 ,
109 1043 273 1084 bantur.
317 1041 494 1093 Hesych.
530 1035 758 1093 Ἀχαρνικοὶ
794 1037 900 1078 ὄνοι·
950 1036 1014 1077 ε’πὶ
1053 1043 1134 1077 τῶν
1171 1036 1352 1090 μεγάλων
1388 1035 1514 1084 οὕτως
1553 1035 1695 1089 ἔλεγον.

111 1101 356 1153 Diogenian.
400 1101 444 1149 1,
484 1100 549 1139 26.
601 1099 776 1150 Hesych.
816 1093 1039 1144 ὀνοκίνδιος
1079 1093 1145 1135 καὶ
1181 1091 1412 1143 ὀνοκίνὸας·
1452 1091 1697 1148 ἀστραβηλά-

110 1173 204 1211 της,
252 1151 466 1209 ὀνηλάτης.
533 1157 679 1197 Pollux
720 1158 764 1204 7,
805 1156 884 1194 185
931 1150 1226 1207 οἷστραβηλοῖται
1271 1150 1339 1192 καὶ
1375 1150 1530 1204 παρὰ
1574 1155 1695 1199 τοῖς

111 1218 409 1270 Δωριεῦσιν
439 1210 737 1254 ὀνοκίνδιοι.
796 1209 1083 1251 ἀπόλλυται
1105 1213 1152 1251 de
1173 1212 1354 1266 potentia
1381 1212 1465 1250 eius
1489 1213 1530 1250 et
1558 1212 1694 1250 aucto-

110 1276 233 1315 ritate
263 1274 370 1326 apud
401 1274 510 1314 cives
541 1272 756 1313 evertenda
788 1271 940 1311 dictum
978 1271 1150 1311 videtur.
1181 1270 1230 1309 cf.
1261 1268 1469 1319 Aristoph.
1501 1268 1576 1318 Eq.
1602 1269 1695 1306 127.

116 1332 210 1374 135.
247 1333 346 1391 199.
385 1332 482 1372 976.
525 1332 646 1370 1019.
694 1329 878 1369 Muelleri
910 1328 1215 1378 Strubingensis
1245 1326 1629 1376 interpretationem,
1662 1325 1695 1364 si

111 1391 217 1431 tanti
248 1392 327 1440 est,
358 1390 449 1440 lege
479 1389 584 1440 apud
615 1388 751 1438 ipsum
782 1401 820 1438 p.
853 1387 950 1425 422.
984 1385 1008 1424 3
1041 1386 1131 1424 adn.
1163 1387 1205 1424 eb
1235 1386 1329 1425 685.
1364 1385 1400 1423 6.

322 1569 426 1614 ἀλλ’
459 1567 580 1614 εὐθύ
611 1566 785 1618 πόλεως
817 1564 927 1623 εἶμι·
958 1569 1102 1610 θῦσαι
1132 1563 1220 1620 γάρ
1251 1579 1306 1619 με
1338 1563 1410 1605 δεῖ

318 1638 452 1697 κριὸν
482 1639 609 1696 Χλόῃ
641 1638 864 1693 Δήμητρι.

182 1728 185 1730 ’
228 1726 363 1767 Schol.
395 1723 583 1776 Sophocl.
617 1722 714 1763 Oed.
747 1721 835 1761 Col.
871 1722 982 1761 1600
1013 1714 1179 1770 εὐχλόου
1220 1715 1429 1768 Δήμητρος
1470 1710 1576 1765 ἱερόν
1615 1711 1696 1752 ἐστι

110 1778 210 1838 πρὸς
233 1789 280 1854 τῇ
301 1779 528 1834 ἀκροπόλει.
560 1778 629 1820 καὶ
659 1777 840 1826 Εὔπολις
873 1778 1070 1831 Μαρικᾷ·
1100 1771 1188 1814 ἀλλ’
1222 1772 1327 1814 εὐθὺ
1365 1775 1446 1812 κτλ.
1506 1763 1694 1818 πόλεως

109 1844 138 1883 i.
171 1857 206 1883 e.
237 1838 507 1894 ακροπόλεως.
541 1839 590 1878 cf.
623 1838 805 1877 Bursian.
838 1835 987 1886 Geogr.
1019 1848 1079 1885 gr.
1101 1834 1120 1872 I
1143 1834 1238 1873 303.
1261 1833 1301 1871 4.
1333 1831 1458 1871 Ατίείῑ.
1488 1830 1594 1869 Nub.
1627 1830 1693 1868 69.

109 1901 187 1952 Eq.
220 1901 318 1941 267.
360 1900 436 1939 Av.
470 1898 568 1937 832.
609 1897 749 1935 fanum
790 1893 946 1934 Cereris
984 1904 1091 1931 nunc
1128 1891 1261 1941 ipsum
1299 1902 1437 1928 rursus
1474 1888 1693 1927 inventum.

111 1960 284 1998 matrem
315 1955 542 2008 Hyperboli
580 1953 692 2004 loqui
723 1953 831 1992 reciae
871 1950 1029 1989 monuit
1067 1947 1311 1988 Fritzsohius
1349 1946 1442 1985 Act.
1474 1958 1550 1985 soc.
1582 1958 1644 1996 gr.
1675 1944 1694 1982 I

114 2017 209 2056 138.
243 2017 290 2054 ut
321 2013 457 2054 Cereri
488 2023 601 2052 sacra
631 2011 782 2049 faceret
812 2008 898 2048 sine
930 2007 1053 2046 dubio
1084 2005 1258 2045 adducta
1278 2006 1363 2044 erat·¹
1384 2015 1529 2054 magno
1559 2003 1692 2051 aliquo

110 2073 184 2113 filii
214 2066 510 2124 κατορθώματι,
542 2068 650 2120 quod
679 2067 798 2118 quale
829 2065 952 2104 fuerit
980 2063 1191 2104 nescimus.

872 2165 954 2208 184

319 2249 506 2306 κρούων
536 2264 588 2304 γε
618 2246 708 2305 μὴν
740 2243 879 2297 αὐτὰς
910 2241 1150 2300 ε’ωνούμην
1183 2239 1284 2297 ἐγώ.

228 2338 404 2379 Cramer.
439 2334 593 2375 Aneed.
628 2332 701 2373 Ox.
732 2332 753 2371 I
783 2331 880 2379 446,
915 2331 938 2369 6
970 2325 1013 2368 τὸ
1052 2325 1263 2377 ε’ωνούμην
1300 2321 1480 2370 Εὔπολις
1524 2323 1694 2375 Μαρικᾷ

111 2398 195 2438 κτλ.
235 2396 476 2446 Harpocrat.
516 2387 835 2444 παρακρούεται·
874 2382 964 2426 ἀντὶ
1002 2390 1072 2425 τοῦ
1111 2381 1285 2437 ἐξαπατᾷ
1316 2411 1324 2420 .
1350 2415 1358 2424 .
1383 2410 1391 2419 .
1422 2384 1608 2431 μετῆκται
1646 2376 1691 2416 δὲ

112 2451 289 2505 τοῦνομα
319 2448 400 2491 ἀπὸ
431 2454 502 2490 τοῦ
532 2446 627 2496 τοὺς
659 2444 846 2493 ἱστάντας
888 2458 925 2483 τι
952 2440 981 2495 ἢ
1010 2442 1250 2494 μετροῦντας
1288 2437 1448 2491 κρούειν
1485 2434 1531 2475 τὰ
1569 2433 1689 2486 μέτρα

111 2509 180 2550 καὶ
211 2508 402 2550 διασείειν
433 2505 551 2547 ἕνεκα
582 2510 652 2545 τοῦ
683 2504 944 2544 πλεονεκτεῖν.
977 2502 1111 2550 itaque
1138 2491 1431 2549 παρακρούεται
1450 2496 1484 2534 is
1505 2494 1574 2544 qui
1594 2505 1687 2532 ven-

112 2570 183 2618 dit,
214 2581 297 2609 non
327 2568 362 2607 is
392 2566 463 2618 qui
493 2565 603 2614 emit,
636 2564 700 2602 hic
730 2574 825 2602 vero
850 2559 948 2610 q‘uid
978 2559 1032 2597 sit
1062 2550 1223 2606 κρούων
1252 2554 1400 2593 nescio.

868 2659 948 2702 185

320 2751 414 2792 τῶν
444 2744 533 2802 γὰρ
568 2745 786 2800 πονηρῶν
816 2736 982 2797 μικρόν
1015 2737 1109 2780 ἐστι
1141 2731 1379 2788 τούβολοῦ.

228 2833 398 2873 Photius
427 2833 469 2871 et
491 2830 636 2870 Suidas
667 2823 812 2879 μικρὸν
842 2828 912 2863 τοῦ
942 2819 1104 2874 ὀβολοῦ·
1137 2817 1280 2869 τίμιον.
1313 2813 1414 2867 λέγει
1444 2811 1488 2852 δὲ
1519 2810 1581 2851 ἐπὶ
1611 2816 1690 2850 τῶν

113 2889 316 2943 πονηρῶν.
350 2885 529 2935 Εὔπολις
552 2881 721 2940 Μαρικᾷ
750 2884 830 2922 κτλ.
863 2877 1004 2933 μικρόν
1034 2875 1113 2917 ἐστι
1132 2872 1296 2926 Portus]
1325 2869 1471 2925 μικρὸν
1491 2867 1567 2910 ε’πὶ.
1600 2864 1686 2907 τού-
