1872 3224
239 193 322 237 708
856 191 1196 228 ΜΕΤΑΓΕΝΟΤΣ

232 301 450 349 potentiam
485 298 651 338 Athenis
687 299 892 347 pervenire
928 298 1128 347 possim',
1176 297 1392 337 dummodo
1438 297 1643 337 civitatem
1685 297 1812 337 furari

239 357 405 397 discant.
466 356 544 394 fuit
580 356 687 394 enim
732 355 869 405 Lycon
908 353 1031 405 (idem
1077 356 1146 405 qui
1186 355 1391 394 Socratem
1438 350 1658 408 accusavit)
1699 367 1812 405 pere-

238 414 377 464 grinus
409 413 622 452 scholiasta
651 412 830 451 Platonis
851 414 955 451 teste
987 425 1034 451 ex
1063 412 1176 451 Ionia
1206 412 1397 451 oriundus
1429 411 1678 462 Thorieoque
1707 424 1812 463 pago
1863 435 1866 438 <

240 471 476 520 adscriptus.
510 466 767 521 ἐμπορεύεται
798 482 845 508 ex
876 469 1118 520 tragicorum
1139 469 1426 508 consuetudine
1448 469 1704 519 desumptum
1726 481 1813 508 esse

240 527 438 578 Bergkius
470 527 551 566 423
583 528 721 566 monet
751 526 852 566 conl.
887 526 1010 577 Soph.
1042 526 1104 565 El.
1137 527 1233 567 405.
1267 525 1350 566 ΟΒ..
1382 526 1479 565 455.
1511 526 1560 565 fr.
1593 526 1674 566 788
1705 525 1755 568 N.

1011 650 1061 691 11

355 732 485 772 Sohol.
508 732 712 783 Aristoph.
736 732 811 772 Av.
837 733 945 771 1297
969 727 1233 786 (Μειδίας)
1265 728 1520 783 διαβάλλεται
1549 729 1608 778 εἴς
1633 745 1674 771 τε
1693 743 1814 782 πονη-

240 788 396 842 ρίαν..
419 822 427 830 .
456 788 524 829 καὶ
551 786 744 839 κλοπὴν
765 786 839 843 (sie
859 789 1123 829 Schneiderus
1152 802 1225 840 pro
1254 785 1426 842 κλοπῆς)
1450 786 1726 839 δημοσίων
1759 783 1814 836 ὦς

243 844 485 900 Μεταγένης
517 844 561 886 ἐν
584 843 753 900 Ομήρῳ,
785 844 853 885 καὶ
883 845 1161 896 συκοφαντίαν
1191 842 1267 900 (sio
1286 846 1408 885 Dind.
1439 859 1513 896 pro
1535 842 1816 899 συκοφαντία),

354 928 419 966 Ad
449 928 669 967 Homerum
709 929 915 977 praeterea
953 927 1002 966 fr.
1038 928 1104 967 17.
1147 927 1198 966 18
1235 926 1359 966 refert
1397 925 1812 978 Schweighaeuserus.

883 1073 1182 1109 ΦΙΛΟΘΤΤΗΣ

353 1168 661 1207 Atheniensium
711 1168 1018 1218 superstitiones
1069 1168 1143 1207 hac
1192 1168 1329 1207 fabula
1379 1167 1599 1218 exagitasse
1651 1166 1814 1207 videtur

245 1225 444 1265 Meinekio
473 1226 493 1264 I
525 1226 621 1264 221.

1014 1336 1066 1378 12

449 1415 641 1472 δίμυξον
669 1414 700 1468 ἢ
730 1415 947 1472 τρίμυξον
978 1412 1039 1466 ὥς
1070 1414 1168 1471 ἐμοὶ
1200 1416 1338 1461 δοκεῖ.

356 1499 501 1538 Pollux
533 1501 696 1547 6,103
737 1496 975 1550 Μεταγένης
1004 1501 1084 1538 κτλ.
1121 1501 1192 1548 10,
1235 1500 1314 1538 115
1358 1481 1620 1551 Μεταγένους
1657 1494 1723 1536 δέ·
1761 1496 1818 1536 δί-

240 1557 383 1619 μυξον,
414 1552 469 1603 ὥς
501 1553 577 1608 ἐγὼ
608 1555 728 1595 δοκῶ.
759 1557 990 1596 Athenaeus
1024 1558 1088 1604 15,
1122 1557 1234 1596 700f
1262 1555 1503 1607 μνημονεύει
1541 1555 1611 1594 τοῦ
1650 1553 1820 1606 διμύξου

241 1607 389 1668 λύχνου
419 1611 487 1652 καὶ
519 1611 755 1665 Μεταγένης
795 1611 847 1652 ἐν
882 1612 1157 1668 Φιλοθύτῃ.
1219 1614 1389 1654 Bekker.
1419 1613 1571 1652 Aneod.
1604 1614 1672 1662 91,
1703 1614 1728 1652 3
1759 1610 1817 1650 δί-

241 1672 370 1721 μυξον
399 1667 566 1721 λύχνον·
600 1667 839 1723 Μεταγένης
869 1669 1092 1725 Φιλοθύτη.

1012 1782 1064 1825 13

359 1855 397 1903 οἷ
428 1863 623 1917 πολῖται,
656 1860 785 1905 δεινοὶ
815 1860 983 1917 πάσχω.
1042 1864 1095 1904 Β.
1128 1862 1195 1912 τίς
1225 1863 1408 1917 πολίτης
1439 1859 1483 1904 δ’
1516 1859 1607 1904 ἔστ’
1639 1862 1706 1904 ἔτι

359 1927 479 1985 πλην
510 1928 586 1985 ἄρ’
620 1931 660 1973 εἰ
689 1929 841 1981 Σάκας
871 1928 895 1972 ὁ
925 1927 1094 1980 Μυσὸς
1123 1930 1199 1972 καὶ
1228 1928 1279 1972 τὸ
1309 1931 1516 1973 Καλλίου
1546 1929 1713 1982 νόθον,

363 2013 495 2053 Sehol.
541 2013 747 2064 Aristoph.
779 2014 901 2065 Vesp.
935 2015 1042 2052 1221
1083 2011 1153 2052 τὸν
1185 2009 1393 2064 Ἀκέστορα
1431 2010 1546 2061 ξένον
1582 2012 1819 2068 κωμῳδοῦσι

243 2063 314 2108 τὸν
344 2068 531 2122 τραγικόν
563 2100 572 2110 .
595 2101 604 2110 .
630 2101 638 2110 .
670 2065 718 2110 οὐ
746 2076 892 2118 κοινῶς
924 2068 1051 2120 ξένον,
1082 2066 1179 2109 ἀλλὰ
1211 2068 1390 2109 Μυσόν.
1415 2100 1424 2110 .
1444 2102 1453 2111 .
1483 2068 1550 2109 καὶ
1581 2052 1820 2123 Μεταγένης

251 2125 461 2181 Φιλοθύτη
491 2128 574 2166 κτλ.
606 2124 686 2166 ἐστ’
721 2125 776 2166 ἔτι
805 2129 978 2167 Meinek.
1011 2128 1049 2166 V
1079 2124 1154 2181 53]
1186 2125 1280 2167 ἐστί.
1312 2128 1460 2195 Bergk.
1491 2127 1538 2170 R.
1570 2140 1603 2167 c·
1626 2128 1713 2167 Att.
1738 2128 1820 2166 124

247 2182 328 2223 ἐστὶ
360 2190 450 2223 νῦν.
480 2181 550 2236 α’ρ’
584 2184 620 2224 εἰ
648 2181 787 2232 Σακας
817 2183 987 2238 Bergk]
1020 2181 1215 2233 ἆρισακας
1246 2185 1296 2224 V.
1317 2181 1494 2233 ἆρσοὶκας
1525 2185 1617 2224 Α1ᾶ.
1648 2184 1698 2224 ef.
1719 2197 1820 2235 quae

249 2242 531 2282 adnotavimus
563 2243 613 2281 ad
644 2243 851 2293 Aristoph.
883 2243 991 2282 Nub.
1025 2244 1120 2282 361.
1162 2243 1209 2281 de
1240 2242 1444 2282 subditivo
1476 2240 1623 2282 Calliae
1653 2241 1737 2281 filio
1768 2242 1818 2282 cf.

246 2299 442 2339 Andocid.
477 2301 516 2350 1,
549 2299 788 2339 125-127.

566 2490 664 2533 κατ’
699 2488 956 2546 ἐπεισόδιον
985 2489 1251 2545 μεταβάλλω
1281 2490 1363 2532 τὸν
1393 2489 1547 2544 λόγον,
1579 2486 1639 2540 ὡς
1668 2487 1726 2533 ἂν

333 2565 533 2601 καιναῖσι
563 2560 784 2614 παροψίσι
813 2558 888 2600 καὶ
921 2559 1109 2608 πολλαῖς
1140 2555 1354 2613 εὐωχήσω
1384 2555 1434 2599 τὸ
1463 2557 1674 2614 θέατρον.

361 2642 590 2681 Athenaeus
615 2644 678 2690 10,
702 2642 815 2681 4590
845 2638 946 2679 κατὰ
975 2637 1051 2694 γὰρ
1081 2638 1154 2680 τὸν
1183 2638 1443 2693 Μεταγένους
1473 2637 1708 2690 Φιλοθύτην
1735 2641 1817 2679 κτλ.

245 2698 391 2738 Pollux
431 2701 503 2748 10,
544 2700 598 2738 88
644 2696 714 2746 τὰς
761 2695 805 2737 δὲ
849 2697 1080 2749 παροψίδας
1108 2694 1142 2766 Ἶὴ
1185 2694 1260 2748 μὲν
1295 2696 1455 2748 πλείστη
1492 2701 1630 2750 χρῆσις
1675 2694 1820 2765 ἐλέγχει

250 2752 424 2818 τούνομα
456 2752 519 2792 ἐπὶ
559 2754 684 2807 μάζης
721 2752 750 2806 ἢ
787 2756 918 2806 ζωμοῦ
955 2769 1061 2802 τινος
1099 2770 1125 2806 η
1164 2751 1374 2805 ἐδέσματος
1412 2751 1612 2800 εὐτελοῦς
1652 2750 1700 2792 ού
1738 2751 1820 2806 μὴν

247 2804 345 2850 ἄλλα
376 2807 489 2849 κᾶπὶ
504 2809 547 2850 τὸ
577 2808 738 2865 αγγεῖον
768 2809 925 2851 ἑλκτέον
953 2826 1026 2863 την
1054 2814 1198 2863 κλῆσιν
1228 2840 1238 2850 .
1261 2841 1271 2850 .
1295 2842 1304 2851 .
1335 2808 1378 2849 τὸ
1409 2808 1484 2863 μὲν
1514 2809 1558 2850 έν
1594 2825 1647 2849 τω
1678 2811 1818 2850 Μετα-

248 2866 390 2922 γένους
425 2867 635 2922 Φιλοθύτῃ
665 2866 719 2916 ὦς
749 2884 803 2908 αν
831 2891 886 2897 —-
906 2866 1092 2922 θέατρον,
1123 2863 1200 2907 οἶδ’
1234 2865 1294 2907 ὅτι
1324 2866 1430 2907 ἐστὶν
1457 2850 1696 2920 ἀμφίβολον.
1727 2860 1814 2906 κατ’
