1872 3224
203 194 287 239 574
793 194 971 230 ΑΡΙΣΤο
979 193 1184 230 §mom
1234 226 1237 229 ,

955 297 1038 340 772

411 356 710 411 ε’μπεδορκεῖν

318 436 510 491 εὐορκεῖν.
531 437 693 486 παίζει
716 434 761 476 δὲ
777 433 1064 489 Ἀριστοφάνης
1084 434 1209 491 παρὰ
1232 436 1314 486 τὰς
1336 435 1503 486 πέδας.
1534 439 1775 492 Hesychius.

953 560 1036 603 773

415 618 744 672 δπιπταίσματα

319 702 463 742 Pollux
484 703 522 751 2,
548 703 627 741 199
660 697 707 739 τὰ
736 697 781 739 δὲ
810 696 912 753 υπὲρ
944 697 1036 747 τοὺς
1067 698 1289 749 δακτύλους
1309 699 1515 753 κρούματα
1534 700 1779 754 πταίσματα·

202 756 491 812 Ἀριστοφάνης
530 756 575 797 δὲ
612 757 680 797 καὶ
718 756 1006 809 ἕπιπταίσματα
1043 753 1145 796 αὐτὰ
1183 761 1306 798 καλεῖ.
1357 757 1780 813 Hesych.5ntnoe1pa·

206 814 458 867 ἐπίπταισμα,
488 813 732 868 πρόσκομμα,
764 817 834 855 ubi
853 815 1115 855 Ruhnkenius
1147 816 1272 855 eiecto
1295 813 1489 867 ἐπίπαιμα
1517 817 1666 856 lemma
1694 829 1780 857 esse

207 871 454 926 ἐπίπταισμα
487 874 640 913 statmt.

424 1017 433 1032 ’
598 1018 608 1032 Ι
958 958 1042 1003 774

411 1033 726 1075 επιφορηματα

321 1099 367 1141 τὰ
400 1099 714 1154 ἕπιδορπίσματα
741 1097 1032 1153 Ἀριστοφάνης
1060 1103 1185 1141 καλεῖ.
1234 1101 1379 1141 Pol-lux
1411 1103 1449 1154 6,
1482 1103 1547 1142 79.

956 1225 1039 1267 775

414 1280 644 1337 ε’προξένει

322 1360 499 1405 Cramer.
531 1365 681 1404 Anecd.
722 1364 847 1406 Paris.
879 1364 961 1403 IIII
995 1365 1088 1413 114,
1123 1365 1174 1403 12
1219 1359 1445 1416 Εὐριπίδης
1482 1360 1690 1435 ἔπροξὲνει
1716 1361 1785 1403 καὶ

206 1419 515 1474 Ἀριστοφάνης.
548 1423 740 1463 videntur
775 1422 848 1461 hac
877 1422 1006 1461 forma
1046 1422 1105 1461 usi
1136 1434 1221 1462 esse
1252 1424 1298 1461 ut
1326 1417 1515 1474 πρόξενος
1544 1415 1598 1473 ἦν
1637 1421 1783 1462 discer-

207 1482 349 1519 nerent
379 1493 402 1519 a
431 1471 640 1532 προῦξένει
670 1479 925 1529 (praebebat).

960 1590 1044 1633 776

412 1645 646 1703 ἑστιοῦχον

323 1730 465 1770 Pollux
487 1731 527 1783 6,
554 1733 603 1769 11
637 1729 766 1778 εἴποις
797 1725 839 1768 δ’
871 1726 927 1769 ‹321›
958 1724 1043 1769 τὸν
1074 1727 1342 1782 ἑστιάτορα
1371 1727 1440 1768 καὶ
1470 1727 1674 1781 ἑστιοῦχον
1690 1724 1781 1768 κατ’

213 1784 513 1839 Αριστοφάνην.
543 1801 637 1827 nam
667 1799 832 1838 prorsus
861 1789 941 1827 alia
969 1790 1037 1841 est,
1059 1787 1243 1828 vocabuli
1274 1787 1515 1839 significatio
1545 1787 1624 1828 Av.
1658 1787 1754 1830 866.

961 1911 1043 1954 777

417 1967 634 2022 ἐσχαρίδα

323 2050 466 2089 Pollux
489 2052 556 2102 10,
581 2053 658 2091 101
677 2047 995 2103 Ἀριστοφάνους
1016 2048 1198 2098 εἰπόντος
1216 2079 1225 2089 .
1245 2079 1255 2089 .
1275 2080 1285 2090 .
1304 2049 1374 2089 καί
1390 2063 1471 2089 που
1491 2047 1559 2089 καὶ
1579 2046 1781 2103 ἐσχαρίδα.

960 2162 1044 2205 778

345 2226 353 2237 ’
416 2217 774 2275 ἑτερεγκεφαλᾶν

324 2298 379 2348 ὡς
406 2297 709 2354 Ἀριστοφανης,
739 2299 782 2340 τὸ
815 2305 1105 2355 παραφρονεῖν.
1135 2302 1281 2342 Pollux
1302 2302 1342 2353 2,
1364 2301 1432 2340 42.
1471 2301 1646 2353 Hesych.
1678 2298 1784 2354 ἑτερ-

212 2360 456 2410 εγκεφαλᾶν·
495 2362 784 2411 παραφρονεῖν.
836 2360 1008 2399 Bekker.
1049 2359 1200 2399 Aneed.
1242 2359 1402 2406 37,18
1443 2355 1783 2410 ἕτερεγκεφαλεῐν·

212 2414 254 2453 τὸ
285 2412 504 2467 ἐγκέφαλον
534 2413 668 2468 ε’τερον
706 2430 774 2455 και
810 2431 865 2468 μη
895 2413 965 2455 τὸν
994 2413 1093 2454 κάτά
1126 2412 1253 2466 φύσιν
1282 2413 1397 2466 ἐχειν.
1441 2429 1467 2466 η
1499 2412 1637 2466 ἐπειδὴ
1667 2411 1689 2453 ὁ
1719 2412 1783 2467 ἐγ-

211 2470 384 2522 κέφαλος
423 2471 586 2526 διμερής
623 2471 731 2512 ε’στιν
762 2505 771 2513 .
805 2504 814 2513 .
849 2503 859 2512 .
896 2471 938 2512 τὸ
978 2471 1032 2530 μὴ
1073 2468 1289 2524 ὁλόκληρον
1319 2470 1423 2523 ἔχειν
1451 2469 1520 2510 τὸν
1550 2469 1783 2525 ἐγκέφαλον,

211 2525 309 2568 ἄλλα
341 2523 384 2567 τὸ
412 2528 549 2581 ἥμισυ.

961 2619 1045 2661 779

420 2673 659 2731 ἐτνήρυσις

328 2754 487 2805 ε’παιξεν
504 2754 794 2810 Ἀριστοφάνης
823 2753 914 2797 ἀντὶ
943 2732 1012 2796 τον
1042 2755 1172 2806 φάναι
1201 2754 1276 2807 τὴν
1306 2754 1452 2795 σανίδα
1472 2753 1549 2808 τὴν
1570 2752 1782 2809 ἐτνήρυσιν

193 2807 349 2865 4εἰπων,
379 2827 500 2878 παρα
517 2813 560 2853 τὸ
591 2812 714 2862 ἐ’.τνος
745 2815 984 2866 Hesychius.
1015 2814 1065 2854 es.
1093 2813 1527 2862 Bekker.Anecd.39‚
1552 2813 1618 2852 15
1650 2813 1719 2862 55,
1743 2815 1780 2855 7.

214 2869 380 2922 σανίδα]
411 2865 534 2922 ἆμίδα
567 2868 673 2926 (ἅμ.)
703 2873 881 2912 Naekius
910 2872 1013 2911 Mus.
1044 2869 1169 2910 Rhen.
1199 2870 1263 2909 IH
1282 2869 1600 2922 497.0pusc.1
1620 2870 1704 2911 360
1718 2882 1780 2920 Sq-
