1872 3224
254 201 336 244 693
926 199 1157 233 ΚΑΛΛΙΟΤ

261 321 348 347 sum
381 321 404 346 a
435 306 653 346 Clementis
691 305 871 344 oratione
900 305 1071 343 retraxit
1106 303 1277 344 Bentlei.
1317 304 1486 344 Emend.
1523 303 1728 344 Menandr.
1759 303 1830 358 56.

260 378 306 403 ex
336 364 519 415 parabasi
549 362 737 403 videntur
765 362 894 413 petita
924 374 1022 402 esse.

1022 450 1076 493 21

322 522 470 575 ἔτνος,
503 522 617 575 πῦρ,
649 520 938 574 γογγυλίδες,
971 518 1191 575 ῥάφανοι,
1227 518 1496 575 δρυπεπεῖς,
1530 520 1744 575 ἐλατῆρες

367 604 599 643 Athenaeus
638 604 677 654 2,
711 604 799 642 57a
836 601 1012 650 Καλλίας
1051 598 1092 641 δ’
1134 599 1198 642 ἐπὶ
1235 607 1306 654 τῆς
1336 600 1560 653 ῥαφανῖδος
1590 601 1724 655 εἴρηκε
1755 597 1829 654 τὴν

253 656 461 713 ροἱφανον.’
484 658 597 712 περὶ
625 659 726 712 γοῦν
755 665 841 711 τῆς
870 656 1209 712 ἀρχαιότητος
1247 665 1335 711 τῆς
1373 658 1640 715 κωμῳδίας
1669 656 1829 708 διεξιών

253 727 381 769 φησιν
409 719 492 757 κτλ.
524 716 634 765 ἔτνος
665 718 887 757 insolenter
916 718 1114 768 producta
1143 718 1271 768 prima
1291 718 1384 769 syll.
1415 714 1511 770 πῦρ]
1542 721 1653 770 πῦαρ
1681 711 1829 771 (πύαρ)

254 775 457 815 Arnaldus
478 775 590 817 Lect.
613 788 674 826 gr.
696 775 716 814 Ι
741 776 805 814 17.
827 770 1021 827 πυριάτης
1042 775 1234 817 Fritzsch.
1266 774 1472 826 Aristoph.
1495 775 1652 815 Thesma
1673 787 1712 825 p.
1729 774 1826 814 239.

254 833 303 872 de
333 832 464 872 victus
493 833 564 884 qui
595 833 690 872 olim
721 832 920 873 choreutis
950 833 1132 883 praeberi
1163 832 1316 872 solebat
1347 832 1604 884 simplicitate
1626 831 1823 883 loquitur.

1020 920 1076 964 22

462 1001 776 1057 δυαδελφίὸην
807 999 958 1058 ταύτῷ
986 1003 1115 1058 μυχῷ

368 1083 556 1132 Καλλίας.
589 1085 733 1125 Pollux
755 1086 792 1134 3,
817 1085 885 1124 25.
918 1082 993 1124 δύο
1022 1076 1241 1135 ἀδελφιδὰς
1272 1081 1398 1123 τούτω
1427 1087 1552 1135 μοιχοῦ
1572 1082 1623 1123 Α.
1642 1095 1722 1124 om.
1744 1082 1827 1124 Bc.

254 1135 322 1181 δύ’
357 1138 557 1193 ἆὸελφίδι’
592 1140 636 1181 ἐν
667 1138 800 1197 ταύτῷ
829 1147 942 1197 μυχῷ
973 1142 1147 1182 Meinek.

1021 1219 1077 1262 23

460 1276 721 1333 Μεγαρικαὶ
752 1278 943 1333 σφίγγες

371 1359 544 1408 Καλλίας
575 1356 727 1413 πόρνας
758 1357 868 1406 τινὰς
898 1357 1023 1407 οὕτως
1054 1357 1226 1412 εἴρηκεν.
1245 1360 1483 1411 Hesychius.
1541 1359 1708 1399 Photius
1740 1359 1827 1398 Με·

256 1416 414 1469 γαρικαὶ
453 1417 639 1469 σφίγγες·
678 1417 725 1456 αἱ
750 1416 897 1470 πόρναι
935 1415 1062 1464 οὕτως
1094 1415 1295 1469 εἴρηνται·
1337 1415 1435 1465 ἴσως
1465 1415 1511 1456 δὲ
1542 1414 1736 1456 ἐντεῦθεν
1763 1413 1832 1455 καὶ

253 1474 441 1527 σφίγκται
479 1475 521 1514 οἶ
552 1472 723 1526 μαλακοὶ
772 1470 1088 1526 ὠνομάσθησαν.
1137 1475 1341 1514 Nauckius
1376 1475 1520 1514 Philol.
1561 1473 1602 1513 H
1645 1473 1736 1515 150.
1770 1472 1829 1512 VI

255 1533 408 1583 415sq.
470 1530 664 1584 φύσιγγες
708 1545 780 1582 pro
819 1531 996 1584 σφίγγες.
1048 1533 1091 1571 at
1128 1531 1302 1583 Hesych.
1348 1531 1579 1583 Κορίνθιαι·
1619 1530 1666 1569 αἱ
1696 1527 1828 1580 πέδαι,

254 1587 322 1627 καὶ
360 1586 552 1642 (Meinek.
592 1588 816 1639 Κορίνθιαι
854 1587 995 1628 πέδαι·
1038 1621 1046 1629 .
1089 1620 1098 1628 .
1138 1618 1146 1626 .
1188 1586 1275 1643 καὶ)
1317 1588 1363 1628 αἱ
1387 1584 1468 1628 ἀπὸ
1509 1586 1719 1640 Κορίνθου
1757 1585 1827 1639 τῆς

254 1644 408 1694 πόλεως
439 1649 641 1698 γυναῖκες.
673 1647 722 1687 of.
755 1647 913 1687 Anaxil.
945 1646 1093 1686 Athen.
1130 1647 1194 1695 13,
1227 1647 1354 1687 5582.

1019 1723 1077 1765 24

458 1780 686 1836 μετάλλου
717 1779 904 1837 στόμιον

370 1863 547 1911 Καλλίας
578 1860 599 1903 ὁ
629 1860 806 1916 κωμικὸς
837 1862 984 1916 εἴρηκε.
1036 1864 1181 1904 Pollux
1212 1865 1249 1914 2,
1284 1866 1378 1905 101.

1019 1964 1076 2008 25

458 2020 632 2077 Βολβός

368 2105 597 2145 Athenaeus
627 2107 665 2154 1,
696 2107 780 2146 220
817 2099 1008 2157 ὀρχησταὶ
1044 2103 1199 2154 ἔνδοξοι
1237 2101 1387 2157 Βολβὸς
1415 2101 1490 2156 μὲν
1515 2101 1623 2156 παρὰ
1646 2101 1826 2158 Κρατίνῳ

254 2162 323 2215 (fr.
357 2160 460 2214 394)
491 2161 556 2201 καὶ
589 2161 755 2217 Καλλίᾳ.

1019 2216 1074 2259 26

459 2274 726 2328 βουβωνιᾶν

369 2353 423 2403 ὡς
455 2352 476 2394 ὁ
508 2355 697 2403 Καλλίας.
750 2357 893 2396 Pollux
924 2358 963 2408 2,
998 2358 1091 2397 186.

1018 2455 1072 2498 27

461 2513 772 2570 δοκησιδέξιον

368 2596 510 2636 Pollux
541 2598 596 2646 4‚.
614 2599 637 2637 9
675 2595 932 2648 δοκησίνους,
973 2593 1022 2635 ὃν
1056 2593 1125 2635 καὶ
1154 2591 1430 2646 δοκὴσιὸἑξιον
1458 2590 1643 2641 Kanna?
1667 2592 1825 2647 εἴρηκεν

255 2648 276 2689 ὁ
306 2652 493 2704 κωμικός.
547 2655 596 2694 cf.
626 2654 809 2694 Pherecr.
845 2655 940 2694 154.
1860 2657 1862 2659 ’

462 2799 729 2853 ἐλλεβοριᾶν
1018 2741 1073 2784 28

369 2878 412 2919 τὸ
433 2876 639 2933 ἐλλεβόρου
660 2879 843 2933 δεῖσθαι,
875 2878 929 2929 ὡς
960 2879 1135 2928 Καλλίας
1157 2879 1275 2930 φησί,
1305 2877 1373 2918 καὶ
1392 2876 1658 2932 ἐλλεβορίζειν.
1690 2852 1820 2920 Sohol.
