1872 3224
0 0 55 184 J

0 180 29 482 g

841 184 1039 219 ΠΤΤΙΝΗ
1680 185 1735 228 69

258 289 507 360 Porphyrius
537 290 661 330 schol.
694 290 815 332 Hom.
849 289 924 330 Od.
957 291 994 337 8,
1030 291 1109 330 186
1142 293 1183 330 et
1211 291 1258 330 Il.
1292 291 1330 340 5,
1363 292 1445 331 533
1478 287 1620 345 (Ven.)
1654 297 1734 331 τῶν

143 344 189 387 δὲ
215 343 408 386 Ἀττικῶν
427 340 492 401 (ἦ)
525 344 606 386 ἐστι
635 345 744 399 παρὰ
776 346 959 402 Κρατίνῳ
991 345 1035 387 ἐν
1058 346 1229 402 Πυτίνῃ,
1290 342 1316 400 ἦ
1347 346 1635 403 Buttmannus]
1667 343 1731 401 ἦν.

142 419 191 445 ex
219 405 359 445 eadem
390 404 630 445 Comoediae
662 405 843 444 oratione
875 408 1061 456 excerpta
1092 409 1199 446 sunt.
1222 406 1483 457 Ε11111).Η88.
1509 408 1590 447 284
1621 403 1731 460 κάγώ

141 460 218 518 γαρ
239 477 301 514 ην
330 458 435 516 ποτ’,
466 455 564 502 ἄλλα
594 467 675 502 νῦν
705 458 779 502 οὐκ
810 458 892 514 εἴμ’
926 460 993 503 ἔτι.

347 655 436 699 νῦν
468 653 508 698 δ’
541 653 604 712 ἢν
636 656 710 712 ἴδῃ
742 655 983 698 Μενδαῖον
1011 652 1182 712 ἡβῶντ’
1216 653 1383 711 ἀρτίως

347 726 570 780 οἰνίσκον,
602 724 755 767 ἕπεται
787 722 1074 767 κάκολουθεῖ
1100 724 1176 766 καὶ
1208 725 1375 779 λέγει,-

349 792 443 850 οἰ’μ’
475 792 536 846 ὥς
566 791 737 845 ἁπαλὸς
767 794 844 836 καὶ
875 791 1050 843 λευκός.
1083 785 1158 849 ἆρ’
1191 797 1306 836 οἴσει
1337 797 1463 850 τρία;

253 880 484 921 Athenaeus
518 881 562 927 1,
604 878 700 918 29d
745 876 960 917 Μενδαίου
998 874 1043 916 δὲ
1082 873 1363 932 (μνημονεύει)
1404 880 1614 932 Κρατῖνος.
1676 878 1729 933 ἢν

137 935 277 992 Dind.]
310 933 376 977 ἂν.
407 937 580 988 Pytinae
610 938 716 976 recte
748 937 892 975 tribuit
920 936 1157 974 Runkelius.
1188 939 1325 975 narrat
1355 936 1453 976 haec
1484 938 1531 977 de
1563 939 1727 979 Cratino

138 997 366 1037 Comoedia.
427 994 603 1046 Hesyeh.
635 994 742 1044 apud
785 993 951 1035 Casaub.
985 989 1078 1062 (ego
1118 994 1295 1044 glossam
1326 1006 1408 1033 non
1447 995 1624 1048 repperi)
1657 991 1723 1049 ἆρ’

136 1053 238 1093 οἴσει
268 1052 375 1103 τρία;
414 1049 479 1091 ἐπὶ
508 1050 625 1090 οἴνου
657 1048 828 1103 ἐλέγετο,
870 1048 955 1090 ἐπεὶ
991 1048 1035 1090 τὸ
1072 1047 1196 1090 πάλαι
1233 1049 1416 1103 ἐκιρνᾶτο
1455 1052 1542 1106 τρία
1577 1051 1727 1102 ὕδατος

136 1107 373 1164 λαμβάνων,
404 1107 449 1148 τὸ
479 1105 523 1148 δὲ
554 1106 738 1161 τέταρτον
773 1107 902 1148 οἴνου
965 1109 1014 1150 cf.
1049 1122 1150 1160 quae
1189 1109 1471 1151 adnotavimus
1512 1112 1562 1150 ad
1599 1112 1727 1152 Arist.

136 1170 212 1221 Ε(1.
247 1170 355 1209 1188
395 1170 438 1207 et
474 1167 662 1208 Pherecr.
697 1167 766 1206 70.
807 1165 983 1213 οἰνίσκος
1014 1170 1060 1206 ut
1093 1165 1314 1214 νεανίσκος.
1373 1168 1500 1208 Arist.
1532 1170 1609 1210 Av.
1644 1172 1724 1210 667

136 1224 192 1275 ὥς
223 1224 349 1266 καλὸν
379 1220 629 1277 τούρνίθιον,
661 1220 716 1271 ὥς
747 1220 920 1275 ἁπαλόν,
952 1220 1007 1272 ὡς
1038 1221 1083 1263 δὲ
1113 1222 1273 1264 λευκόν.

895 1337 979 1380 184

351 1417 432 1461 τὸν
463 1415 506 1460 δ’
543 1421 644 1460 ἴσον
675 1401 976 1474 ἴσῳμφέρονί
995 1432 1003 1441 ·
1039 1415 1127 1472 ἐγώ
1161 1415 1205 1459 δ’
1240 1416 1504 1474 ἐκτήκομαι.

250 1505 483 1543 Athenaeus
518 1503 584 1552 10,
616 1502 743 1540 4261)
777 1502 980 1572 Κρατῖνος
1006 1498 1051 1540 ἐν
1081 1499 1257 1570 Πυτίνῃ.
1308 1502 1516 1543 Dobraeus
1548 1504 1724 1544 Adv.11

135 1563 217 1602 326
250 1564 292 1602 et
322 1561 544 1601 Meinekius
576 1557 646 1598 τὸν
684 1558 776 1598 ἴσον
815 1558 890 1613 ἴσῳ
928 1555 1090 1611 φέροντ’
1131 1556 1248 1612 ε’γωγ
1284 1557 1518 1612 ἐκτήκομαι,
1557 1564 1604 1600 ut
1643 1563 1724 1601 sint

135 1620 292 1660 Cratini
321 1619 457 1660 verba.
489 1631 711 1688 perperam,
746 1618 780 1657 si
810 1599 908 1668 quid
938 1617 1068 1656 video.
1114 1617 1297 1668 loquitur
1336 1617 1550 1657 Comoedia
1585 1617 1728 1672 [ποθεῖ

133 1675 208 1730 γὰρ
239 1673 360 1716 οὐδὲν
388 1672 430 1729 ἦ]
465 1673 534 1714 τὸν
564 1673 655 1714 ἴσον
686 1673 761 1728 ἴσῳ
791 1670 974 1727 φέροντ’·
1014 1672 1089 1726 ἐγώ
1129 1671 1167 1713 δ’
1213 1670 1439 1726 ἐκτήκομαι.
1501 1677 1597 1715 dum
1630 1677 1722 1716 Cra·

132 1736 244 1775 tinus
273 1731 375 1774 nihil
401 1734 480 1773 nisi
500 1734 640 1774 vinum
661 1735 823 1785 cogitet,
846 1746 887 1772 se
909 1732 1008 1771 dicit
1035 1733 1157 1772 inrito
1184 1735 1328 1783 poetae
1351 1746 1485 1773 amore
1505 1735 1719 1776 tabescere.

892 1844 975 1888 185

387 1958 389 1960 -
433 1924 519 1983 τὴν
550 1925 634 1982 μὲν
665 1923 964 1981 παρασκευὴν
995 1928 1104 1975 ἴσως
1133 1925 1423 1979 γιγνώσκετε.

249 2013 434 2052 Clemens
466 2011 580 2050 Alex.
614 2010 765 2049 Strom.
799 2011 836 2058 6,
871 2011 908 2056 2,
940 2011 994 2050 20
1024 2008 1226 2060 Κρατίνου
1258 2007 1302 2048 ἐν
1333 2008 1493 2064 Πυτίνῃ
1523 2006 1719 2058 εἰπόντος.

134 2072 231 2110 sunt
259 2070 383 2110 verba
423 2068 577 2108 Cratini
615 2067 903 2106 defensionem
931 2067 1185 2108 exordientis,
1246 2068 1294 2107 ef.
1327 2068 1523 2110 Fritzsch.
1556 2067 1717 2116 Quaest.

133 2128 260 2168 Arist.
291 2127 312 2166 I
343 2128 439 2166 267.
471 2127 528 2166 sic
558 2126 605 2164 de
637 2125 960 2165 adversariorum
991 2125 1031 2163 in
1072 2125 1212 2164 litibus
1242 2125 1607 2166 machinationibus
1637 2140 1718 2166 sae-

131 2186 298 2236 pissime
329 2187 520 2237 oratores,
553 2195 725 2234 quorum
756 2183 938 2233 exempla
968 2183 1174 2233 quaedam.
1205 2181 1390 2223 Clemens
1421 2184 1719 2224 Alexandrinus

133 2243 279 2283 adfert.

890 2331 905 2371 1
915 2329 970 2372 86

339 2408 451 2462 ἄναξ
470 2408 715 2466 ’Ἀπολλον,
748 2416 842 2454 τῶν
875 2410 1000 2453 ἐπῶν
1031 2412 1123 2453 τῶν
1156 2408 1408 2465 ῥευμάτων.

337 2482 589 2535 καναχοῦσι
619 2481 774 2535 πηγαί,
807 2478 1191 2533 δωδεκάκρουνον
1221 2476 1271 2521 τὸ
1303 2479 1461 2535 στόμα,

334 2546 496 2599 Ἰλισός
528 2548 580 2591 ἐν
610 2550 664 2605 τῇ
696 2547 891 2605 φάρυγι·
926 2550 973 2590 τί
999 2547 1059 2590 ὀὲν
1092 2545 1258 2602 εἴποιμ’
1292 2548 1380 2598 ε”τι;

341 2618 382 2660 εἰ
410 2615 469 2673 μὴ
501 2616 588 2673 γὰρ
622 2616 831 2673 ἐπιβύσει
861 2633 928 2667 τις
958 2614 1101 2659 αὐτοῦ
1132 2614 1182 2658 τὸ
1215 2616 1373 2672 στόμα,

338 2685 517 2730 ἅπαντα
547 2687 688 2728 ταῦτα
718 2685 993 2729 κατακλύσει
1024 2684 1286 2742 ποιήμασιν.

250 2771 382 2811 Schol.
413 2771 542 2810 Arist.
573 2771 650 2821 Ε(1
682 2771 764 2810 526
797 2766 817 2809 ὁ
847 2785 923 2823 γαρ
955 2771 1152 2819 Κρατῖνος
1184 2766 1288 2807 ου’τω
1324 2782 1409 2816 πως
1441 2761 1586 2808 ἑαυτὸν
1617 2765 1712 2823 ἐπῄ-

131 2838 249 2867 νεσεν
279 2825 323 2867 ἐν
358 2832 407 2882 τῇ
437 2826 609 2881 Πυτίνῃ.
663 2841 710 2867 ex
748 2828 964 2868 scholiasta
996 2827 1138 2866 Suidas
1169 2822 1333 2876 ἀφέλεια
1363 2828 1405 2866 et
1435 2824 1713 2878 δωδεκάκροτ

133 2899 219 2925 νον.
250 2900 289 2926 v.
325 2888 362 2925 1.
395 2886 434 2924 2.
467 2886 491 2924 3
531 2885 690 2925 Tzetzes
730 2885 904 2934 Chil.8,
939 2886 1034 2924 184.
1066 2884 1191 2935 Exeg.
1224 2884 1341 2923 Iliad.
1386 2885 1450 2933 12,
1484 2886 1548 2925 11.
1582 2884 1710 2924 Tzetz.
