1872 3224
812 211 946 247 ΦΑΩΝ
1569 226 1648 269 647

41 345 49 354 ,
100 301 107 321 ·”
139 336 142 338 .
210 301 373 358 τρίγλη
405 301 447 345 δ’
480 319 568 348 ουκ
599 306 746 353 ἐθέλει
775 311 954 370 νεύρων
985 315 1224 373 ἐπιήρανος
1253 318 1388 365 εἶναι·

36 391 40 393 -
140 371 200 411 20·
218 369 460 427 παρθένου
487 370 738 432 Ἀρτέμιδος
766 378 851 437 γὰρ
882 383 969 438 ἔφυ
999 384 1072 428 καὶ
1102 388 1301 444 στύματα
1330 400 1463 445 μισεῖ.

70 436 86 455 “’
115 447 133 461 ³
211 441 431 496 σκορπίος
460 435 521 485 αὖ
542 469 591 475 -
615 449 665 488 Β.
695 448 871 492 παίσειέ
895 451 948 506 γε’
974 463 1056 496 σου
1086 453 1164 498 τὸν
1192 457 1401 512 πρωκτὸν
1420 459 1645 510 ὑπελθών.

28 590 32 593 .
65 557 67 559 ·
143 528 149 532 ’
214 532 447 577 Athenaeus
488 539 531 588 1,
571 540 630 580 5b
667 547 740 582 τοῦ
774 542 987 594 Φιλοξένου
1024 544 1067 587 δὲ
1107 554 1173 589 τοῦ
1211 553 1438 594 Λευκαδίου
1470 557 1644 599 Δείπνου

87 587 273 631 ’Πλάτων
310 587 332 631 ὁ
372 593 668 650 κωμῳδιοποιὸς
706 597 897 653 μέμνηται
933 606 1011 644 κτλ.
1071 607 1215 647 Athen.
1253 611 1296 659 7,
1327 612 1440 652 3258.
1475 614 1646 656 Πλάτων

26 666 36 677 s
93 643 146 687 ἐν
184 645 378 689 Φάωνι·
414 652 549 706 τρίγλη
582 678 634 685 -
663 661 773 706 μισεῖ
807 656 861 711 (v.
895 662 958 701 19.
987 661 1058 713 20)
1089 667 1129 704 et
1157 666 1202 715 4,
1234 667 1341 707 146f
1366 667 1474 722 εἴπερ
1503 670 1642 712 τούτου

21 728 31 741 ι
47 701 334 759 (Φιλοξένου
377 715 449 749 τοῦ
498 712 727 767 Κυθηρίου)
774 714 840 756 καὶ
884 713 904 756 ὅ
942 719 1231 774 κωμῳδιοποιὸς
1277 723 1445 765 Πλάτων
1489 726 1539 767 ἐν
1582 734 1642 768 τώ

90 759 264 803 Φάωνι
300 760 500 820 ἐμνήσθη,
537 768 604 810 καὶ
636 770 690 823 μὴ
730 778 799 812 τοῦ
838 775 1066 815 Λευκαδίου
1106 777 1328 828 Φιλοξένου.
1391 787 1482 833 post
1520 788 1566 826 v.
1590 771 1637 826 1¹1

92 820 326 864 Athenaeus
368 825 481 866 addit
519 821 601 866 εἶτα
635 827 730 878 μετὰ
768 830 909 883 μικρόν
944 836 986 873 et
1021 838 1115 885 post
1143 850 1181 876 v.
1218 838 1268 875 12
1305 836 1371 877 καὶ
1407 837 1488 890 μετ’
1520 838 1639 895 ὀλίγα.

91 891 134 920 v.
165 879 190 919 6
228 879 419 923 Eustath.
454 886 582 936 1164,
622 887 674 926 25
712 886 991 942 παραποιηθὲν
1026 886 1188 941 άστείως
1225 890 1264 943 ἐξ
1297 890 1462 947 Ὀμήρου
1500 896 1541 937 τὸ
1567 897 1638 950 ἅρ-

89 935 207 988 ξομαι
237 933 278 976 δ’
314 962 365 968 -
392 939 565 983 θύννον.
632 958 671 985 v.
706 946 758 985 10
798 942 974 1002 (βολβὸς)
1016 945 1058 988 τὸ
1097 946 1216 998 δέμας
1255 946 1427 1005 άνορθοῖ
1457 955 1636 996 Eustath.

96 993 222 1044 1283,
253 995 322 1039 35.
381 1011 420 1038 v.
454 1000 505 1038 12
526 1000 710 1043 Eusfafih.
735 1004 854 1053 1862,
877 1005 932 1045 20
951 1004 1122 1058 ταγήνου
1152 1004 1196 1046 δὲ
1224 1013 1359 1060 χρῆσις
1390 1007 1433 1048 ἐν
1461 1011 1512 1066 τῷ
1540 1008 1638 1065 άτάρ

93 1064 155 1091 τοι
184 1049 227 1092 τὸ
256 1051 433 1107 τάγηνον
460 1054 632 1110 ἄριστον.
665 1058 837 1100 Cramer.
870 1062 1016 1102 Anecd.
1050 1062 1122 1103 Ox.
1152 1064 1214 1104 ΠΙ
1246 1067 1322 1105 168
1361 1080 1407 1106 ex
1437 1068 1638 1109 Athenaeo

29 1147 32 1149 ,
89 1104 192 1179 οὐδ”
215 1104 242 1161 ἡ
273 1110 397 1161 λοπὰς
427 1110 553 1154 κακόν
582 1113 703 1166 ἐστιν,
736 1115 804 1156 ἵνα
824 1131 859 1156 τι
878 1117 944 1158 καὶ
963 1115 1042 1160 άπὸ
1070 1125 1150 1160 τῶν
1178 1120 1514 1173 δειπνοσοφιστῶν
1541 1139 1636 1177 παρ-

88 1176 326 1221 αρτυσαιμι,
356 1169 424 1210 καὶ
453 1167 497 1211 τὸ
526 1171 699 1225 τάγανον
727 1172 898 1227 ἄριστον.

204 1227 242 1266 1.
273 1224 349 1280 ἐγώ
381 1225 439 1283 δ’]
473 1227 547 1281 ἐγώ
579 1229 620 1269 δ’
644 1227 702 1270 cliv
720 1232 931 1275 Porsonus.
962 1229 1034 1286 ἐγώ
1065 1233 1138 1287 γὰρ
1158 1235 1301 1288 Bergk.
1323 1234 1397 1289 ἐγώ
1418 1234 1461 1276 δέ
1479 1234 1518 1289 γ’
1542 1240 1635 1279 Mei-

86 1281 179 1322 nek.
212 1296 258 1324 ae
285 1286 416 1326 multa
445 1287 523 1327 alia
542 1289 716 1340 suppleri
736 1293 915 1340 possunt.
1003 1293 1040 1331 5.
1070 1288 1149 1331 ἔστ’
1182 1291 1321 1346 Mein.]
1344 1291 1447 1332 ἐστίν
1466 1295 1628 1338 codices.

87 1341 128 1380 6.
159 1336 204 1380 ἐκ
233 1341 285 1395 L]
317 1338 356 1381 δ’
391 1341 435 1383 ἐκ
465 1345 551 1385 BV.
583 1346 765 1394 Eustath.
799 1348 925 1397 1164,
959 1348 1023 1388 25.
1121 1351 1157 1389 7.
1188 1350 1384 1402 τελευτῆς]
1415 1352 1632 1400 τελευταίας

2 1396 16 1438 ,Γ
85 1396 256 1439 Casaub.
288 1396 373 1454 (vel
404 1403 586 1454 τελευτῆς
614 1401 723 1455 παρὰ
752 1402 886 1459 πολύ).
930 1405 1096 1445 Meinek.
1127 1407 1168 1445 in
1194 1407 1254 1446 ed.
1275 1408 1369 1446 min.
1391 1403 1539 1447 οὐκοῦν
1557 1407 1632 1448 δει-

85 1451 159 1494 νὸν
203 1449 259 1508 ἦν
295 1450 339 1496 τὸ
367 1457 474 1512 παρὰ
514 1458 616 1500 πολὺ
646 1459 855 1514 κράτιστον
890 1463 970 1502 κτλ.
1028 1475 1072 1503 ac
1100 1464 1281 1503 similiter
1312 1462 1419 1516 (eum
1449 1465 1631 1517 articulo)

81 1512 164 1552 iam
200 1513 408 1556 Iacobsius
438 1517 579 1558 Addit.
611 1519 704 1558 Ath.
737 1520 761 1559 3
800 1513 833 1558 ὦ
868 1520 948 1558 Ζεῦ
977 1524 1046 1571 τῆς
1075 1522 1272 1572 τελευτῆς·
1304 1512 1346 1559 τὸ
1374 1518 1417 1559 δὲ
1444 1519 1543 1560 πολὺ
1569 1536 1629 1574 κρ.

82 1571 166 1610 κτλ.
255 1573 295 1612 8.
327 1570 497 1613 ἐνταυθὶ
527 1574 730 1629 Dindorf.]
754 1573 943 1615 ἐνταῦθα.
976 1577 1223 1617 scribendum
1244 1578 1399 1617 videssur
1419 1582 1489 1630 τῆς
1509 1580 1631 1618 τελευ·

82 1625 199 1676 ταίας
228 1627 330 1670 πολὺ
358 1630 366 1682 Ι
390 1630 600 1684 κράτιστον
630 1631 682 1672 ἐν
710 1630 920 1681 θύννοις
950 1629 1134 1685 τετάχθαι
1163 1632 1316 1682 τάξεως.
1403 1637 1465 1675 10.
1494 1630 1630 1687 άνέρος

82 1681 209 1738 ὀρθοῖ
238 1686 441 1743 Βᾷηᾶοτέ]
482 1686 666 1743 άνορθοῖ,
703 1692 822 1730 etiam
863 1691 1044 1730 Eustath.
1081 1686 1227 1743 ἀνδρὸς
1261 1687 1434 1741 ἆνορθοῖ
1464 1691 1628 1731 casaub.

79 1745 175 1795 post
207 1746 261 1784 10
290 1746 402 1786 addit
432 1742 462 1787 C
492 1743 518 1798 ἡ
550 1745 666 1799 ψωλὴ
697 1745 817 1799 δέμας
845 1745 927 1787 ἐστί
953 1750 993 1788 et
1021 1745 1064 1786 τὸ
1092 1745 1210 1799 δέμας
1239 1743 1421 1799 άνορθοῖ,
1460 1746 1629 1786 τουτέστι

79 1797 125 1841 τὸ
147 1800 305 1842 αἰδοῖον
324 1800 486 1844 ἐντείνει
507 1805 688 1845 Eustath.
779 1806 841 1844 12.
863 1803 1025 1856 ἄμεινον
1044 1802 1287 1856 Dindorfius]
1318 1802 1480 1854 ἄμεινον
1508 1798 1624 1854 οἶμαι.

82 1860 150 1900 16.
180 1855 455 1915 πουλύποδος]
487 1860 709 1908 πολύποδος
738 1861 863 1908 BCD,
891 1864 936 1901 ut
963 1862 1093 1901 solent
1119 1862 1284 1901 codices.
1314 1857 1367 1911 ἢν
1394 1858 1455 1913 K]
1478 1857 1543 1899 ἄν.
1593 1860 1629 1900 εἰ

78 1916 254 1958 Meinek.
285 1913 454 1973 πιλήσῃς
481 1920 650 1960 Meinek.
687 1920 728 1958 in
758 1917 921 1971 Athen]
960 1913 1132 1969 ἐπιλήψη
1161 1917 1276 1958 ΒΟΙ).
1325 1918 1423 1956 conl.
1453 1918 1623 1968 Ephipp.

78 1974 228 2014 Athen.
262 1976 301 2025 9,
325 1977 442 2016 3700
474 1973 578 2028 (10).
610 1976 812 2027 Aristoph.
834 1976 881 2014 fr.
907 1977 995 2023 191,
1029 1975 1096 2014 ubi
1126 1974 1174 2013 cf.
1206 1987 1306 2024 quae
1334 1974 1621 2013 adnotavimus.

77 2033 147 2073 18.
176 2028 343 2085 ἀγόρευε
371 2031 442 2086 K]
471 2029 658 2086 ἀγορεύω.
700 2034 748 2072 ef.
773 2035 837 2072 10.
863 2034 925 2071 14.
950 2034 1015 2072 15.
1105 2032 1169 2070 19.
1202 2027 1347 2082 τρίγλη]
1379 2029 1534 2081 τρίγλην
1559 2031 1623 2069 BP

77 2089 225 2130 Athen.
259 2092 296 2140 7,
335 2091 461 2131 325a.
513 2088 658 2143 ἐθέλει]
691 2086 839 2136 ἐθέλεις
875 2089 959 2128 ibid
998 2088 1044 2127 V.
1085 2085 1255 2140 νεύρων]
1293 2084 1421 2137 εύρων
1457 2087 1539 2126 ibid
1577 2086 1622 2126 L.

67 2139 207 2198 ἐὑρών
237 2147 283 2190 P.
382 2149 448 2188 20.
479 2144 684 2199 παρθένου
723 2160 799 2186 om.
838 2146 942 2185 ABP
974 2147 1017 2194 7,
1046 2146 1168 2184 325a.
1218 2141 1392 2194 στύματα
1423 2141 1475 2195 L]
1508 2141 1623 2193 στύμ-

73 2217 179 2256 ματα
209 2205 256 2246 B.
365 2206 432 2245 21.
471 2206 636 2245 alterius
672 2216 860 2254 personae
895 2203 1140 2242 notationem
1177 2201 1265 2243 add.
1296 2200 1471 2239 Elmslei.
1504 2201 1619 2239 Auct-

75 2261 176 2302 Ach.
210 2262 263 2302 92
328 2293 336 2302 .
369 2264 462 2303 116.

190 2275 402 2359 Ρὴίἱὲκοῑιὶ
448 2319 624 2371 Cytherii
661 2330 815 2357 carmen
851 2317 1039 2367 lyricum,
1076 2315 1138 2354 cui
1177 2314 1352 2352 Δεῖπνον
1391 2313 1618 2376 ἰρεοτὶρτιιω

75 2378 164 2416 erat
193 2379 234 2416 et
262 2390 340 2427 quo
371 2376 591 2416 Sicularum
620 2376 871 2426 potissimum
913 2373 1111 2423 epularum
1150 2370 1482 2433 magnificeiitlam.
1515 2368 1618 2433 ᾐδο-

74 2435 144 2473 tur
173 2434 447 2482 celebravisse,
480 2434 594 2472 Plato
623 2445 703 2472 non
733 2431 937 2481 excerpsit,
968 2429 1035 2468 sed
1065 2428 1208 2467 lasciva
1227 2427 1443 2489 imitatlone
1474 2428 1616 2464 inrisit.

72 2489 330 2543 Bergleinius
362 2488 439 2544 (De
470 2491 684 2530 Philoxeno
715 2488 901 2539 cytherio
931 2500 970 2536 p.
998 2487 1049 2525 69
1062 2482 1140 2549 sq.)
1168 2495 1248 2547 non
1278 2482 1518 2533 cythenum,
1550 2481 1617 2520 sed

73 2547 319 2588 Leucadium
351 2547 484 2599 (quem
521 2548 642 2598 negat
670 2557 855 2596 umquam
884 2543 1005 2582 fuisse
1042 2540 1279 2580 Fntzschms
1317 2539 1484 2603 Rem-p.
1517 2534 1617 2600 308)

73 2605 292 2658 significari
322 2605 534 2645 existimat.
565 2604 614 2643 cf.
645 2602 786 2653 Bergk.
817 2601 862 2639 R.
894 2612 925 2639 c.
956 2600 1042 2638 Att.
1074 2599 1166 2636 211.
1193 2597 1254 2644 12,
1285 2608 1350 2659 ‘1¹3¹
1381 2597 1497 2633 etiam
1524 2595 1615 2658 ῥει-

72 2663 205 2714 stoph.
226 2663 334 2703 Eeol.
359 2661 635 2702 1168-1173
661 2659 710 2699 ad
739 2656 942 2697 Philoxeni
972 2655 1198 2694 inrisionem
1227 2650 1616 2720 pertlnerexarbitnffi

71 2721 153 2771 tur,
185 2722 228 2760 et
257 2720 370 2759 Poet.
408 2721 483 2771 lyr.
522 2731 581 2769 gr.
617 2717 771 2756 Philox.
801 2715 850 2753 fr.
882 2715 946 2753 20.
977 2733 1030 2740 —
1061 2712 1099 2750 5.
1136 2710 1190 2774 de·
1219 2707 1389 2773 formula
1416 2719 1538 2745 ακουε
1566 2705 1616 2756 δη

60 2777 123 2817 ef.
154 2777 365 2817 Heindorf.
398 2777 498 2817 Plat.
519 2775 641 2826 Gorg.
664 2774 774 2812 5220
805 2771 861 2822 (ξ.
887 2766 997 2820 166).
1086 2767 1148 2805 14.
1180 2765 1357 2805 1m1tatus
1387 2767 1449 2803 est
1469 2763 1612 2802 Arche-

73 2836 224 2874 stratus
253 2833 400 2873 Athen.
434 2835 470 2882 7,
503 2833 614 2872 305⁶
645 2828 730 2882 (23,
762 2830 786 2868 3
818 2827 880 2866 W.
911 2821 1117 2875 Ribbeck.)
1146 2821 1199 2873 μή
1229 2832 1290 2860 σοι
1320 2818 1470 2870 νέμεσις
1500 2833 1613 2883 ’.ιστα-

71 2889 229 2945 πνεύσῃ
272 2888 384 2942 δεινὴ
428 2886 500 2929 ἀπ’
539 2885 769 2927 ἀθανάτων.
828 2885 894 2923 21.
936 2881 1117 2921 similiter
1154 2878 1258 2930 apud
1297 2876 1610 2917 Anaxsmdndem

0 1260 7 1263 ·
0 1189 7 1242 *¹¹⁷
0 1156 14 1177 o.
0 938 21 1142 s-*s-m-Pfflssszt.
5 902 10 915 v
3 882 10 884 2
3 802 21 857 w..
14 786 16 788 ⁴
16 684 18 686 <
18 663 19 667 „
