1872 3224
216 223 298 265 606
864 220 1142 254 ΠΛΑΤΩΝΟΣ

332 328 498 366 Photius
529 329 569 365 613
600 326 744 365 Suidas
775 320 951 377 φάλαγξ·
991 326 1182 375 θηλυκῶς
1214 321 1236 363 ὁ
1265 315 1456 375 ἀράχνης.
1510 319 1792 363 Πλάτων-Ἑλ-

218 384 310 424 λοίδι
339 387 421 426 κτλ,
491 383 727 422 Eustathius
756 384 870 436 924,
913 383 937 421 8
976 380 1118 428 Αἴλιος
1165 379 1209 419 δὲ
1253 380 1466 428 Διονύσιος
1504 379 1675 434 παράγει
1719 393 1793 420 τοι·

218 439 347 492 αύτην
387 438 567 493 (χρῆσιν)
609 437 652 478 ἐκ
688 444 759 477 τοῦ
794 443 975 489 κωμικοῦ
1015 437 1232 486 Πλάτωνος
1270 440 1353 477 κτλ.
1415 439 1625 478 Philemon
1654 438 1793 478 Gram-

219 503 315 538 mat.
349 513 387 548 p.
424 500 517 537 179.
570 496 725 545 εἴξασιν
765 495 955 548 Meinek.]
999 494 1189 535 ἐοίκασιν.
1250 494 1380 534 εἶ’κασι
1417 496 1582 536 Porson.
1622 493 1796 534 τούτοισι
1860 501 1872 542 ε

221 557 332 595 Suid.
356 554 411 607 A]
436 552 607 593 τουτοισὶ
629 555 713 595 cod.
737 554 851 594 Phot.
884 549 1136 604 ἆραχνίοισιν
1161 551 1361 606 Philemo]
1389 549 1605 604 ἀραχνίοις.
1634 548 1795 605 ἆραχνι-

218 612 318 659 δίοις
357 613 528 651 Meinek.
575 608 603 649 ἁ·
636 610 641 663 ι
677 608 720 648 ἐν
761 609 827 663 Κ.]
868 607 921 649 ἂν
959 612 1003 662 (i.
1044 625 1078 650 e.
1117 607 1147 649 οἳ
1186 607 1248 662 ἐν)
1289 610 1452 650 Grotius
1489 611 1584 650 Exn.
1616 611 1712 650 482.
1742 606 1797 649 ἄν
1864 588 1872 664 J

219 670 390 709 Meinek.
425 666 582 721 τοίχοις]
619 667 808 718 τοίχοισιν
837 668 923 707 cod.
956 669 1071 707 Phot.
1101 664 1127 718 ἡ
1159 666 1314 720 φάλαγξ
1354 681 1430 707 0111.
1463 667 1499 705 V
1531 667 1640 706 Suid.
1671 664 1794 717 ὑφαί-

219 740 326 765 νεται
371 726 590 777 Ροι·6011116]
629 722 809 775 ὑφαίνει.
849 721 1014 776 ἡφαίνει
1051 725 1088 763 V
1129 725 1239 764 Suid.
1279 725 1330 764 cf.
1363 725 1465 764 Xen.
1496 725 1616 764 Mem.
1648 725 1696 773 3,
1729 725 1796 775 11,

219 786 242 823 6
274 783 319 822 αἱ
342 781 578 835 φάλαγγες.
603 778 840 834 ..ἄρα’χνια
870 813 878 821 .
904 780 1063 821 ,λεπτὰ
1091 778 1363 833 ὑφηνάμεναι.
1396 782 1449 821 cf.
1489 781 1587 821 ibid.
1621 783 1660 822 7.
1690 781 1795 821 Plat.

218 841 365 880 Phaed.
398 841 499 880 8712.
531 854 611 879 non
642 842 746 879 iectc
775 840 954 890 plerique
986 842 1243 878 tetrametros
1264 839 1520 878 effinxerunt.
1551 839 1698 879 rectius
1728 838 1797 878 sed

221 899 434 938 violentius
482 894 598 951 (Cob
633 895 998 964 Obs.crit.19q)
1044 897 1247 936 Porsonus
1286 892 1386 947 ἡμῖν
1421 895 1462 935 οἵ
1496 893 1609 947 νόμοι
1634 897 1640 946 Ι
1667 893 1798 934 εἴκασι

220 953 372 1002 τούτοις
393 957 493 994 τοῖσι
517 956 673 1000 λεπτοῖς
691 949 775 1006 ἄρ.,
804 956 810 1002 1
836 949 890 991 ἆν
911 956 1012 992 τοῖσι
1032 976 1086 981 -
1106 950 1335 1004 ὑφαίνεται.
1376 954 1598 993 sententiae
1619 954 1800 993 auctores

222 1013 412 1052 dicuntur
441 1015 510 1051 aut
541 1011 779 1050 Anacharsis
813 1009 940 1063 (Plut.
973 1011 1055 1050 Sol.
1089 1009 1148 1063 5),
1180 1011 1258 1050 aut
1280 1011 1470 1050 Zaleucus
1502 1008 1637 1063 (Stob.
1673 1010 1798 1050 Serm.

222 1071 290 1121 45,
322 1066 397 1122 25)
429 1072 498 1108 aut
530 1069 653 1107 Solon
687 1067 820 1119 (Diog.
851 1069 899 1107 L.
934 1070 970 1117 1,
1005 1067 1091 1122 58).

1258 1258 1413 1315 λαβών
1444 1251 1530 1302 οὖν

323 1327 404 1372 τὸν
436 1328 641 1372 σκύλακα
671 1328 753 1372 τὸν
784 1331 866 1370 τοῦ
897 1327 1121 1383 προξένου
1153 1326 1343 1370 κᾶπειτα
1374 1330 1517 1384 δῆσον
1547 1325 1700 1372 αὐτόν.

334 1413 478 1451 Pollux
511 1415 577 1461 10,
602 1414 680 1451 167
713 1404 856 1461 δεσμὸς
886 1409 1019 1463 μέντοι
1050 1410 1239 1463 σιδηροῦς
1270 1408 1336 1449 καὶ
1369 1410 1535 1461 σκύλαξ,
1566 1405 1617 1451 οὗ
1645 1408 1795 1463 μέμνη-

222 1484 284 1508 ται
316 1466 489 1507 Πλάτων
528 1466 571 1507 ἐν
602 1465 760 1507 Ἑλλάδι
798 1471 878 1509 κτλ.
932 1474 1002 1508 τοῦ
1045 1465 1250 1522 Προξένου
1290 1469 1459 1508 Meinek.
1498 1467 1667 1509 κᾶπειτα
1708 1481 1796 1508 cum

220 1527 447 1577 participio,
482 1529 527 1564 ut
560 1527 764 1576 Aristoph.
797 1527 904 1566 Nub.
936 1528 1032 1567 409.

313 1717 354 1758 εἰ
381 1717 466 1771 μὲν
497 1709 582 1760 οὖν
611 1718 783 1773 ταύτην
813 1715 872 1760 σύ
901 1715 985 1773 τήν
1014 1719 1248 1761 θάλατταν
1278 1717 1530 1768 ἀποδώσεις
1559 1716 1693 1772 ἑκών,

310 1786 351 1828 εἰ
379 1785 427 1828 δε
458 1801 518 1842 μη
549 1801 614 1842 γε,
647 1788 787 1829 ταῦτα
819 1786 965 1829 πάντα
997 1790 1305 1842 συντριαινῶν
1335 1786 1555 1830 απολέσω.

338 1869 469 1908 Schol.
500 1870 620 1908 Hom.
653 1870 700 1908 Il.
736 1872 772 1919 1,
810 1872 886 1910 135
926 1871 1032 1920 apud
1069 1871 1267 1910 Koenium
1307 1871 1427 1922 Greg.
1461 1869 1643 1909 Corinth.
1674 1882 1714 1920 p.
1743 1869 1799 1909 48

225 1922 396 1964 Πλάτων
427 1923 470 1965 ἕν
493 1922 654 1965 Ελλαδι
684 1929 763 1966 κτλ.
796 1928 1033 1967 Eustathius
1065 1930 1130 1977 66,
1165 1929 1219 1967 34
1258 1926 1433 1967 Πλατων
1464 1923 1485 1966 ὁ
1516 1921 1690 1980 κωμικός
1719 1927 1800 1968 κτλ

225 1986 479 2023 tetrametros
507 1985 727 2024 trochaicos
756 1998 965 2035 perperam
997 1985 1171 2025 arbitror
1201 1987 1410 2025 restitutos
1440 1998 1539 2024 6666.
1586 1997 1678 2023 nam
1709 1983 1795 2023 cod.

224 2040 259 2079 εἰ
285 2037 360 2091 μὲν
389 2039 440 2078 σὺ
471 2038 546 2091 τὴν
575 2039 791 2080 θαλασσαν
819 2039 1041 2088 ἀποδώσεις
1074 2039 1223 2092 ταύτην
1261 2040 1386 2081 ἕκων·
1419 2041 1455 2081 εἰ
1484 2039 1527 2079 δὲ
1556 2055 1633 2093 μη,
1675 2044 1800 2078 ταῦτα

223 2096 357 2135 πάντα
377 2097 619 2150 συντριαίνω
639 2094 837 2138 ἀπώλεσα.
871 2100 1139 2138 Ε116161311.σοι
1159 2113 1231 2150 pro
1253 2098 1304 2138 σύ
1335 2102 1377 2139 613
1395 2095 1610 2147 ἀποδώσει,
1640 2097 1799 2137 omissis

224 2152 374 2205 ταύτην
403 2157 444 2193 et
473 2160 741 2207 συντριαινῶν
770 2150 961 2195 απολέσω.
994 2170 1038 2208 γε
1068 2158 1110 2195 in
1141 2171 1177 2196 v.
1203 2158 1226 2195 2
1248 2157 1336 2196 add.
1366 2155 1600 2206 Bernhardy
1630 2154 1797 2207 Dionys.

225 2213 382 2275 Perieg.
416 2210 618 2263 (Eustath.
641 2211 799 2265 comm)
820 2227 858 2263 p.
884 2215 979 2252 936.
1010 2214 1171 2253 Bastius
1203 2213 1238 2252 εἰ
1264 2210 1339 2264 μὲν
1368 2211 1419 2252 σύ
1450 2210 1525 2263 τὴν
1550 2211 1555 2264 Ι
1582 2209 1801 2250 θάλασσαν

226 2261 329 2307 ἕκων
358 2266 509 2319 ταύτην
537 2265 778 2316 αποδώσεις·
811 2269 846 2308 εἰ
874 2267 918 2307 δὲ
947 2268 1016 2320 μή,
1043 2271 1049 2320 Ι
1075 2268 1236 2309 ἅπαντα
1267 2275 1392 2309 ταῦτα
1415 2267 1685 2321 συντριαινῶν
1703 2264 1799 2306 ἄπο·

225 2323 337 2364 λε’σω.
370 2328 491 2376 atque
522 2327 713 2366 articulus
744 2327 904 2377 quidem
944 2328 986 2366 in
1026 2328 1141 2366 exitu·
1177 2341 1316 2368 versus
1354 2328 1520 2377 ponitur
1557 2327 1678 2365 ctiam
1717 2326 1798 2364 An-

225 2384 378 2434 tiphan.
411 2384 476 2431 85,
509 2385 549 2423 4.
579 2384 753 2423 Nicostr.
789 2386 854 2435 17,
887 2385 925 2426 2.
959 2384 1147 2434 Amphid.
1181 2386 1248 2434 30,
1282 2385 1321 2423 5.
1352 2385 1527 2434 Ephipp.
1562 2385 1598 2432 7,
1635 2385 1670 2421 1.
1702 2382 1798 2421 Ale-

226 2441 306 2479 xid.
349 2441 421 2487 20,
467 2441 506 2478 4.
557 2441 633 2492 24,
670 2442 709 2480 2.
763 2442 864 2490 250,
906 2442 943 2479 3.
992 2441 1160 2480 Philem.
1201 2442 1358 2483 Aelian.
1404 2441 1455 2480 H.
1501 2454 1562 2479 an.
1613 2440 1683 2486 12,
1733 2440 1798 2486 10,

227 2497 411 2536 Menand.
458 2497 601 2536 Athen.
642 2500 688 2547 8,
731 2498 864 2537 364d.
902 2498 1116 2546 Athea-6,
1147 2499 1274 2540 243a.
1317 2497 1385 2537 sed
1425 2499 1662 2549 anapaestus
1700 2509 1739 2535 v.
1774 2495 1798 2533 2

228 2555 371 2594 vitiose
426 2554 574 2594 incisus
625 2555 831 2594 Platonem
880 2556 936 2594 ita
979 2567 1060 2594 non
1108 2556 1315 2605 scripsisse
1364 2556 1550 2594 testatur.
1631 2553 1801 2592 fortasse

228 2610 271 2649 εἰ
305 2607 396 2661 μὲν
433 2609 488 2649 σύ
528 2609 707 2658 δώσεις
747 2609 836 2662 τὴν
871 2609 1147 2649 θάλατταν·
1187 2611 1223 2651 εἰ
1257 2608 1301 2649 δὲ
1336 2609 1446 2662 μή,·Ι
1478 2607 1636 2650 ἅπαντα
1675 2606 1799 2648 ταῦτα

228 2669 309 2706 κτλ.
349 2663 529 2706 ἀπολέσω
568 2671 703 2708 autem
743 2669 980 2708 mutandum
1014 2669 1058 2707 in
1098 2665 1373 2707 ἀποκλύσω.
1418 2680 1546 2718 neque
1584 2668 1690 2707 enim
1726 2679 1799 2706 nc-

229 2725 438 2764 cessarium
482 2723 728 2766 κατακλύσω.
789 2726 906 2764 aliter
946 2725 1156 2765 Hanovius
1192 2725 1366 2766 Exercit.
1398 2725 1485 2766 crit.
1520 2726 1613 2764 117.
1645 2725 1685 2765 8.
1724 2722 1799 2762 Oo-

228 2782 343 2820 bctus
376 2781 470 2820 Obs.
503 2784 591 2821 crit.
627 2784 720 2821 193.
752 2783 804 2821 H.
826 2782 959 2821 Iacobi
989 2782 1032 2820 in
1062 2781 1184 2820 Mein.
1207 2782 1269 2820 ed.
1291 2782 1386 2820 min.
1409 2781 1520 2820 XIII.
1548 2803 1595 2809 —
1619 2780 1798 2831 Neptuni

228 2839 349 2878 verba
377 2851 462 2877 esse
481 2839 681 2879 indicavit
710 2840 952 2887 Meinekius,
995 2838 1064 2877 sed
1095 2851 1164 2877 cur
1200 2838 1435 2888 Neptunum
1473 2837 1800 2877 Lacedaemoniis

229 2895 428 2935 faventem
459 2895 580 2934 faciat
610 2896 807 2947 Bergkius
837 2897 883 2935 R..
916 2909 948 2935 c.
981 2895 1066 2934 Att.
1099 2895 1194 2945 384,
1225 2908 1306 2935 non
1335 2896 1543 2946 perspicio.
1604 2894 1798 2944 imperare

1857 177 1872 281 .·*-'oae'
