1872 3224
194 261 249 303 54
842 238 1094 276 KPA'PINOT

196 365 321 405 exstat
373 361 427 400 sio
463 358 578 397 etiam
609 352 710 403 apud
742 348 946 389 Cratinum
978 341 1137 383 defendi
1167 350 1285 403 posse
1322 334 1494 387 putabat
1522 332 1748 373 Memekius

197 421 295 461 conl.
328 392 607 469 ’συγγίγνεσθαι
642 411 744 458 Eup.
777 407 841 446 38,
874 403 972 451 108,
1011 399 1155 451 quibus
1193 395 1285 434 addi
1321 394 1456 458 Potes}
1493 390 1642 431 Telecl.
1680 390 1749 443 38.

196 488 408 525 numquam
450 472 506 510 ita
546 458 860 519 παραλέξασθαι,
902 471 1028 509 neque
1058 455 1173 496 video
1204 452 1299 503 quid
1329 448 1629 514 moon-habeat
1655 447 1751 488 talis

195 531 409 573 translatio.
454 529 584 576 itaque
623 524 664 562 in
701 521 760 560 ed.
799 519 894 558 min.
934 511 1254 575 παραδεξάμενος
1285 509 1521 578 P¹201203u¹¹³3
1547 507 1751 576 ⁸12st-

197 588 380 640 δέχεσθαι
415 590 483 624 aut,
512 585 570 622 est
599 582 647 620 ab
685 580 760 618 alio
797 577 964 624 accipere
994 574 1063 611 aut
1093 567 1167 623 (εἰς
1198 581 1270 618 την
1299 578 1452 631 οικιαν,
1484 577 1646 631 ειςιςην
1673 575 1762 630 '⁶⁰3²

198 650 278 695 λιν,
316 646 361 683 ut
390 640 613 691 saepissime
650 634 781 686 Plato)
828 633 1045 679 admittere3
1093 628 1230 692 contra
1273 625 1436 672 hospmo
1481 632 1653 687 excipere
1691 621 1757 662 est.

197 701 399 753 δέχεσθαι,
440 700 479 736 et
506 697 676 735 Homero
716 695 755 731 et
792 689 936 730 Atticis
974 686 1288 726 usitatissimum.
1350 693 1439 720 oum
1484 680 1619 720 dativo
1642 690 1757 730 von:

196 761 372 798 iunctum
401 755 548 805 legitur
573 749 801 790 Anaxandr.
833 746 980 786 Athen.
1011 744 1056 792 4,
1092 743 1169 781 131
1189 754 1211 779 a
1241 737 1306 791 (2)
1345 739 1538 790 λαμπροῖς
1575 733 1754 784 δείπνοις
1791 735 1796 740 “
1869 730 1872 739 “

198 807 379 866 δεξόμεθ’
411 808 524 860 ὑμᾶς.
551 810 653 848 Plat.
683 807 777 856 Leg.
810 806 874 851 11,
909 803 988 842 919
1007 815 1029 839 a
1071 797 1112 837 ἐν
1149 793 1294 850 ἆπορία
1331 790 1592 847 γιγνομένους
1636 790 1764 864 ,ezra-J.
1783 811 1792 822 ·

198 868 356 910 λύσεσιν
374 865 590 920 ἀγαπηταῖς
613 859 828 915 δεχόμενος.
857 861 988 910 itaque
1010 856 1262 915 scribendum
1284 854 1444 893 videtur
1473 850 1528 903 μί
1536 853 1635 907 νθῃ
1663 863 1757 913 αρα

199 924 477 977 δεξάμενος.

937 1004 1015 1046 130

310 1096 476 1146 Hesyoh.
509 1088 767 1143 Λυκαμβὶς
797 1081 940 1140 ἀρχή·
980 1083 1000 1125 ὁ
1032 1087 1228 1137 Κρατῖνος
1261 1081 1305 1122 ἐν
1335 1080 1505 1134 Νόμοις,
1537 1079 1608 1122 τὸν
1636 1078 1755 1122 πολέ-

200 1167 346 1205 μαρχον
384 1151 529 1202 δηλῶν,
567 1147 665 1201 πρὸς
702 1145 750 1186 ὃν
785 1142 1060 1197 ἀπεγράφοντο
1098 1140 1167 1189 τὰς
1204 1139 1273 1180 τοῦ
1311 1136 1582 1192 ἀπροστασίου
1620 1137 1756 1188 δίκας.

201 1208 442 1260 Λυκαμβίδα
473 1205 515 1245 δὲ
545 1201 626 1245 εἶπε
656 1202 729 1255 τὴν
757 1200 894 1255 ἀρχήν.
927 1202 995 1240 ubi
1023 1201 1145 1240 verba
1166 1196 1248 1238 ἐπεὶ
1274 1195 1516 1248 ἐπολέμησεν
1532 1192 1757 1250 Ἀρχίλοχος

201 1267 252 1305 τῶ
281 1261 480 1316 Λυκάμβῃ
509 1263 686 1302 addenda
716 1263 808 1301 sunt
837 1273 882 1298 ex
912 1259 1028 1298 Phot.
1068 1253 1330 1308 Λυκαμβὶς
1369 1251 1508 1307 ἀρχή·
1538 1258 1611 1294 τοῦ
1639 1255 1758 1296 πολε·

201 1307 370 1374 μαρχου·
402 1325 577 1372 ψυχρῶς.
610 1316 691 1357 ἐπεὶ
722 1314 959 1366 ἐπολέμησεν
994 1313 1215 1366 Ἀρχίλοχος
1256 1317 1308 1368 τῷ
1339 1310 1560 1367 Λυκάμβῃ.
1620 1307 1687 1352 ἐπὶ
1714 1307 1762 1352 δὲ

201 1379 340 1418 τούτου
369 1375 632 1429 ἀπροστασίου
661 1373 728 1414 καὶ
759 1371 967 1425 ἐπικλήρου
1000 1369 1137 1426 (Mein.
1171 1366 1412 1425 ἐπικλήρων)
1442 1369 1489 1409 αἱ
1514 1368 1625 1409 δίκαι
1653 1364 1762 1423 ὑπή-

203 1450 328 1488 γοντο.
387 1436 419 1475 si
456 1437 557 1473 recte
602 1432 845 1484 grammatici
889 1433 1029 1481 poetae
1073 1429 1194 1469 verba
1231 1427 1483 1478 interpretati
1521 1429 1636 1475 sunt.
1674 1428 1762 1468 iure

204 1494 368 1532 Photius
405 1491 592 1542 frigidum
630 1503 712 1529 esse
755 1490 885 1528 iocum
928 1487 1130 1527 iudicavit.
1191 1488 1233 1525 at
1276 1488 1323 1523 ut
1365 1485 1632 1525 Archilochus
1675 1486 1774 1537 ipse:

204 1551 396 1600 privatam
427 1549 466 1586 in
495 1547 693 1598 Lycambe
723 1546 906 1584 iniuriam
936 1545 1045 1583 ultus
1084 1545 1162 1591 est,
1201 1543 1257 1582 ita
1295 1543 1415 1582 etiam
1455 1542 1561 1593 apud
1598 1555 1764 1594 graecos

205 1607 422 1655 latinosque
458 1606 592 1655 poetas
636 1604 852 1654 Lyeambes
898 1615 1052 1652 semper
1087 1600 1348 1648 internecivi,
1387 1600 1456 1639 sed
1493 1599 1643 1650 privati
1680 1599 1763 1640 odii

207 1663 316 1713 quasi
337 1662 529 1712 quoddam
551 1661 771 1710 exemplum
792 1660 879 1698 fuit.
930 1659 1063 1709 itaque
1085 1657 1270 1697 Cratinus
1284 1657 1570 1708 magistratum
1589 1657 1762 1708 aliquem

209 1719 425 1770 significare
455 1719 622 1767 videtur,
645 1731 760 1767 quem
789 1718 954 1767 propter
982 1715 1246 1767 ignominiam
1274 1715 1473 1765 privatam
1506 1714 1765 1755 acerbissimo

210 1776 297 1814 odio
333 1776 608 1825 persequatur:
645 1787 770 1824 neque
808 1773 1132 1825 repugnaverim,
1171 1772 1205 1812 si
1242 1772 1331 1822 quis
1369 1785 1459 1810 eum
1496 1771 1667 1812 indicari
1703 1785 1764 1812 ar-

210 1833 391 1871 ohontem
422 1832 599 1879 coniciat,
633 1831 700 1881 qui
731 1833 868 1881 poetae
899 1831 1060 1870 chorum
1091 1830 1358 1881 denegaverat
1378 1827 1448 1881 (fr.
1474 1829 1559 1879 18).
1592 1829 1626 1869 is
1657 1829 1764 1870 euim
1836 1868 1849 1876 Α

209 1889 445 1938 lepidissime
475 1888 551 1927 dici
580 1889 734 1938 poterat
762 1884 1014 1939 πολέμαρχος,
1045 1887 1140 1938 quia
1169 1891 1239 1925 τοῦ
1277 1882 1376 1938 πρὸς
1416 1887 1621 1938 Κρατῖνον
1653 1883 1766 1926 πολέ-

209 1957 283 1995 μου
313 1938 438 1996 ἧρξεν.
469 1945 599 1994 itaque
641 1943 794 1984 Cratini
830 1945 950 1986 verba
987 1946 1082 1984 sunt
1118 1940 1359 1995 πολέμαρχος
1399 1941 1615 1996 Λυκαμβὶς
1650 1939 1766 1996 ἀρχή.

946 2055 1022 2097 131

411 2132 627 2175 σανδάλια
664 2133 920 2190 Τυρρηνικά

322 2216 458 2255 Pollux
490 2217 526 2261 7,
549 2217 600 2255 86
631 2217 824 2269 Κρατῖνος
856 2215 899 2256 ἐν
927 2219 1007 2264 τοῖς
1037 2215 1203 2269 Νόμοις.
1234 2219 1338 2259 idem
1358 2220 1478 2270 paulo
1498 2221 1591 2270 post
1611 2216 1670 2272 (7,
1693 2216 1783 2272 92)·
1860 2265 1863 2276 Λ

218 2270 456 2322 Τυρρηνικοὶ·
489 2266 530 2310 τὸ
555 2271 733 2330 κάττυμα
764 2270 922 2322 ξύλινον
952 2273 1207 2327 τετράγωνον,
1236 2275 1275 2314 οἱ
1301 2273 1346 2314 δὲ
1367 2274 1525 2327 ΐμάντες
1547 2273 1770 2329 ἐπίχρυσοι·

218 2326 428 2367 σανδάλιον
455 2326 529 2382 γὰρ
557 2330 623 2381 ἠν,
653 2327 824 2381 ὑπέδησε
854 2327 892 2370 δ’
926 2325 1022 2371 αὐτὸ
1053 2331 1218 2380 Φειδίας
1249 2330 1323 2384 τὴν
1349 2329 1545 2384 Ἀθηνᾶν.

951 2443 1030 2485 132

416 2519 641 2570 σχοίνινον
669 2517 821 2574 ἡθμόν

252 2649 260 2663 ¹
330 2597 455 2662 Sohol.
486 2600 683 2651 Aristoph.
714 2603 788 2653 Eq.
826 2605 928 2643 1147
967 2603 1090 2656 κημὸς
1122 2601 1142 2644 ὁ
1174 2604 1237 2645 ἐπὶ
1275 2612 1347 2645 τοῦ
1382 2606 1598 2660 καδίσκου,
1637 2607 1694 2656 εἰς
1722 2605 1775 2648 ὃν

222 2665 288 2698 τας
318 2661 476 2703 ψηφους
505 2657 697 2696 καθίεσαν
727 2657 771 2697 ἐν
800 2663 880 2707 τοῖς
911 2660 1191 2715 δικαστηρίοις.
1222 2665 1421 2716 Κρατῖνος
1460 2661 1586 2704 αὐτὸν
1615 2663 1660 2705 ἐν
1689 2660 1772 2705 Νό-

222 2721 305 2770 μρις
335 2709 583 2776 σχΙοίνινον
620 2711 782 2766 ἠθμὸν
821 2719 942 2757 καλεῖ.
1002 2720 1174 2771 Hesych.
1215 2720 1411 2772 σχοίνινος
1448 2718 1605 2773 ἡθμός·
1635 2718 1692 2762 δι’
1723 2716 1775 2763 οὖ

223 2777 289 2810 τας
331 2773 492 2816 ψηφους
535 2770 574 2808 οἷ
611 2770 790 2812 δικασταὶ
825 2773 880 2821 εἰς
918 2767 986 2822 τὰς
1023 2772 1165 2828 ὑδρίας
1203 2780 1412 2821 καθιᾶσιν.
1474 2779 1606 2820 Schol.
1645 2780 1772 2821 Arist.

224 2819 342 2887 Yesp.
375 2824 425 2861 99
465 2821 542 2862 ἔστι
586 2824 627 2865 δὲ
666 2824 705 2882 (ὁ
745 2827 888 2883 κημὸς)
932 2829 1082 2884 πλέγμα
1128 2848 1163 2872 τι
1205 2834 1421 2883 δικτυῶδες
1465 2835 1533 2876 καὶ
1567 2833 1774 2889 ἠθμοόδες,

224 2878 386 2916 ανωθεν
413 2879 550 2931 πλατύ,
580 2882 759 2925 κάτωθεν
787 2885 929 2927 στενόν
1503 2908 1506 2912 ”
1760 2904 1767 2908 ”
