1872 3224
660 182 942 229 TAfflAPxor
957 209 998 215 —
1025 192 1167 226 ΦΙΛοι
1606 199 1685 241 331

87 309 159 352 ·;
236 285 370 326 S⁰h01·
401 286 610 339 AriSssOPh·
643 291 816 332 Aeharn.
843 295 921 332 127
953 296 1145 347 παροιμία
1176 295 1339 339 ἐπὶτῶν
1358 299 1528 349 πολλοὺς
1551 300 1686 351 ξένους

79 340 424 402 Ψποδεχομένων
455 342 670 386 (οὐδέποτ’
704 348 806 400 ἴσχει
836 347 861 402 ἡ
893 351 1040 405 θύρα’.
1091 352 1283 407 μέμνηται
1323 357 1389 397 καὶ
1427 357 1605 408 Εὔπολις
1643 359 1687 400 ἐν

25 459 28 461 -
67 398 267 449 ῑῑΨίλῠις-
297 397 518 442 κθῦδὲποτέ
546 401 586 456 γ’
609 427 664 434 ——
686 403 795 459 θύρα
826 409 969 450 Elmsl.
1003 412 1043 450 in
1067 412 1250 454 Addend.
1272 414 1389 469 Acb.]
1423 413 1607 456 οὐδέποτ’
1632 441 1686 447 —

30 487 32 489 -
63 454 295 526 ffiffiqa.
327 460 493 512 cupidos
524 462 641 503 Demi
673 468 869 506 amatores
901 468 1116 520 significari
1147 472 1333 522 opinatur
1364 474 1593 515 Wilam0w‚
1618 477 1684 516 50,

89 531 118 551 *n

866 603 951 647 266

523 679 579 723 οὐ
610 680 740 725 δεινὰ
769 686 913 727 ταῦτα
946 685 995 727 δὲ
1023 683 1221 742 Ἀργείας
1252 698 1413 744 φορεῖν

319 743 504 804 σ’χιστάς
537 751 758 814 ἐνεργεῖν.

52 848 54 850 ’
226 833 466 875 Ammonius
497 835 635 875 Differ.
668 836 779 876 verb.
812 851 848 888 p.
885 839 964 878 133
996 839 1166 890 σχισταί·
1197 839 1243 880 τὰ
1265 838 1512 894 ὑποδήματα.
1546 842 1683 883 Εὔποί

32 892 51 922 τ’
109 890 170 938 λις
199 888 340 938 Φίλοις
369 894 450 931 κτλ.
504 896 647 945 φορεῖν
677 893 816 934 Cobet.
848 896 898 934 N.
931 896 957 934 l.
993 895 1087 950 156]
1121 895 1269 950 φέρειν.
1301 913 1348 939 ex
1367 901 1470 940 Ptol.
1503 901 1686 941 Ascalon.

39 962 42 963 ’
111 947 152 1000 ξ.
185 949 271 988 210
300 948 539 990 varietatem
571 948 749 1004 ἐνεγκεῖν
779 955 916 993 enotat
937 954 1196 995 Valckenaer.
1230 957 1421 1009 Scaligeri
1443 960 1685 999 emendatio·

44 1015 46 1018 ’
109 1018 203 1046 nem
233 1002 281 1045 οὐ
314 1004 348 1046 δ.
381 1006 509 1048 ταῦτα
547 1005 586 1061 γ’
617 1005 796 1062 Ἀργείας
836 1025 879 1061 φ.
914 1007 1094 1063 σχιστοὲςς
1135 1011 1328 1066 ἐνεργεῖν;
1371 1029 1450 1055 non
1480 1017 1684 1068 intellego.

36 1073 46 1078 ”
94 1063 257 1114 ‘Pollux
288 1066 325 1114 7,
358 1067 411 1105 85
445 1064 600 1118 σχισταὶ
630 1064 840 1116 πολυτελὲς
870 1060 1059 1121 ὑπόδημα
1089 1069 1155 1110 καὶ
1185 1070 1432 1121 θρυπτικόν·
1467 1069 1611 1120 ταύτας
1642 1070 1685 1112 δὲ

108 1119 177 1161 καὶ
213 1123 483 1174 λεπτοσχιδεῖς
525 1120 742 1176 ὠνόμαζον.
790 1128 830 1166 et
861 1128 913 1166 88
952 1126 999 1166 αἰ
1034 1123 1078 1166 δὲ
1112 1123 1285 1181 Ἀργεῖαι
1321 1128 1443 1169 παντὶ
1479 1130 1602 1182 δῆλον
1631 1127 1685 1178 ὡς

105 1173 296 1232 Ἀργείων
334 1178 377 1220 τὸ
409 1179 576 1234 εὕρημα.
609 1183 780 1234 Hesych.
810 1180 1000 1237 Ἀργεῖαι·
1043 1181 1280 1237 ὑποδήματα
1318 1189 1511 1239 πολυτελῆ
1541 1201 1683 1239 γυναι-

106 1238 483 1296 κεῖα.’Ὲ“Υἰί;ΖεοῙ]ἰι]ε
515 1240 617 1280 Ran.
648 1255 687 1291 p.
718 1242 795 1280 195
827 1237 874 1280 οὔ
905 1240 1042 1282 δεινὸν
1062 1240 1230 1283 ἐνταυθὶ
1250 1241 1322 1295 μὲν
1339 1241 1512 1297 Ἀργείας
1534 1243 1682 1296 φέρειν,

108 1292 270 1346 σχιστάς
302 1293 342 1335 δ’
376 1294 421 1336 ἐν
442 1295 599 1350 ’Ἁργεις
641 1301 796 1338 ‘nonne
831 1301 1041 1350 indiynum
1081 1305 1135 1341 est
1171 1303 1233 1342 hic
1272 1299 1478 1356 (Athenis)
1517 1302 1684 1353 Argivos

4 1378 10 1394 ;
35 1383 38 1385 Α
83 1384 86 1388 .
110 1354 268 1406 calcem,
289 1356 429 1395 scissos
449 1359 580 1396 autem
592 1359 744 1407 qestare
758 1355 927 1407 Amic?
960 1356 1135 1398 Cobetus
1157 1355 1203 1397 οὐ
1225 1352 1336 1398 δεινοὶ
1352 1364 1476 1399 ταῦτα
1490 1357 1532 1398 δ’
1557 1358 1681 1410 gorm

0 1406 11 1442 ἕ
101 1406 284 1464 Ἀργείας
314 1415 458 1464 φορεῖν
487 1409 667 1465 σχιστοῖςς
701 1414 929 1464 ‘exprobrat
962 1416 1079 1455 alicui
1111 1418 1243 1456 nescio
1274 1418 1362 1469 quis
1393 1418 1543 1457 cultum
1564 1418 1683 1457 nimis

0 1460 14 1519 ζ
103 1468 366 1523 elegantem&
421 1473 543 1523 atque
575 1473 634 1511 ita
663 1472 746 1511 fere
785 1471 1079 1512 Herwerdenus
1119 1473 1212 1514 obs.
1245 1475 1332 1513 crit.
1366 1476 1417 1514 26
1451 1471 1521 1529 (δή
1548 1470 1683 1528 ’στιν),

0 1539 1 1542 ’
105 1527 176 1579 qui
206 1529 343 1568 tamen
372 1531 515 1580 postea
554 1529 688 1581 (Stud.
721 1529 808 1569 crit.
841 1526 913 1584 77)
953 1531 1072 1570 aliam
1110 1533 1428 1572 emendationem
1469 1532 1683 1571 admodum

106 1587 333 1625 contortam
354 1588 628 1639 excogitavit.
670 1589 712 1626 at
751 1585 910 1638 σχιστάς
950 1591 990 1627 et
1025 1584 1205 1640 Ἀργείας
1243 1590 1402 1628 easdem
1440 1590 1562 1629 fuisse
1602 1602 1682 1628 non

107 1642 240 1692 credo,
273 1656 516 1695 quamquam
547 1646 605 1684 ita
636 1645 759 1684 etiam
790 1644 1019 1686 Wilamow.
1052 1648 1119 1685 36.
1154 1649 1176 1685 7
1209 1649 1291 1686 not.
1326 1648 1394 1686 23.

860 1780 942 1823 267

313 1858 494 1916 ῥέγκειν
525 1859 575 1904 δὲ
608 1859 713 1910 τοὺς
744 1858 910 1915 ὅλμους
940 1894 948 1903 .
982 1864 1102 1916 οἴμοι
1133 1862 1224 1903 τῶν
1254 1863 1420 1906 κακῶν.

219 1944 391 1984 Photius
432 1940 543 1995 ὅλμοι
578 1941 645 1982 καὶ
685 1939 883 1993 ὖφόλμια·
921 1940 985 1981 ἐπὶ
1021 1937 1168 1982 αὐλῶν.
1207 1941 1386 1990 Εὔπολις
1424 1942 1560 1990 Φίλοις
1592 1945 1672 1982 κτλ.

105 1999 252 2052 ὅλμους
282 1999 336 2040 ἄν
365 2002 604 2040 Meinekius.
637 1998 685 2040 ἰώ
715 2014 781 2052 μοι
812 1999 891 2039 τῶν
920 2005 1059 2039 κακῶν
1088 2001 1381 2040 Herwerdenus
1411 2000 1507 2040 Obs.
1529 2001 1604 2040 crit
1625 2002 1676 2039 27

107 2061 179 2098 aut
209 2059 434 2098 convicium
464 2059 526 2097 his
559 2059 692 2098 verbis
723 2059 919 2097 contineri
956 2058 997 2096 in
1028 2058 1246 2108 inperitum
1277 2059 1483 2097 tibicinem
1514 2070 1678 2097 censens

104 2119 175 2155 aut
205 2116 396 2155 tibiarum
426 2129 544 2155 usum
573 2115 811 2166 reprehendi
841 2117 924 2154 tam
946 2115 1143 2163 crebrum,
1173 2117 1220 2154 ut
1240 2116 1388 2166 ligulae
1409 2116 1566 2155 tristem
1597 2127 1677 2154 sor-

104 2177 188 2214 tem
219 2176 432 2226 querentes
464 2173 687 2213 exclament
717 2173 805 2213 ‘vae
837 2173 963 2213 mihi’.
993 2173 1106 2223 prius
1135 2185 1273 2213 verum
1303 2173 1474 2212 videtur.

857 2307 940 2349 268

220 2388 307 2433 οὐκ
340 2387 691 2445 ἐσωφρόνησας,
724 2380 759 2431 ὦ
791 2388 1044 2443 πρεσβῦτα,
1077 2385 1158 2443 τὴν
1188 2386 1462 2429 κατάστασιν

220 2458 358 2515 τήνδε
389 2456 638 2513 λαμβάνων
669 2455 802 2512 ἄφνω
834 2454 943 2511 πρὶν
974 2453 1047 2498 καὶ
1077 2459 1244 2510 μαθεῖν
1273 2455 1355 2511 τὴν
1388 2454 1591 2508 ἱππικήν.

223 2542 488 2594 Harpocratio
528 2543 568 2581 et
599 2541 684 2581 sine
714 2540 872 2580 fabulae
909 2540 1068 2579 nomine
1108 2538 1274 2578 Photius
1305 2539 1344 2576 et
1376 2537 1519 2576 Suidas
1550 2533 1671 2575 κατά-

104 2609 262 2648 στασις·
303 2631 312 2638 .
338 2631 346 2639 .
372 2630 380 2639 .
414 2597 541 2638 ἔοικεν
584 2594 776 2650 ἀργύριον
821 2591 924 2636 εἶναι
967 2593 1064 2648 ὅπερ
1106 2595 1146 2633 οἱ
1185 2592 1500 2640 κατασταθέντες
1541 2593 1672 2639 ἱππεῖς

105 2652 330 2709 ἐλάμβανον
369 2655 413 2696 ἐκ
449 2661 519 2695 τοῦ
558 2655 751 2707 δημοσίου
800 2652 863 2693 ἐπὶ
907 2659 955 2706 τῇ
993 2650 1227 2691 καταστάσει
1276 2682 1284 2690 .
1319 2681 1327 2689 .
1361 2682 1369 2690 .
1407 2648 1674 2702 παρεμφαίνει

104 2719 221 2754 τοῦτο
250 2713 318 2754 καὶ
347 2712 527 2762 Εὔπολις
558 2713 694 2760 Φίλοις
725 2714 806 2751 κτλ.
858 2712 906 2751 cf.
940 2711 1108 2751 Boeckh.
1139 2709 1229 2749 Oec.
1263 2705 1369 2748 Att.²
1398 2708 1419 2747 Ι
1449 2709 1542 2748 354.
1593 2720 1673 2746 non

104 2772 297 2824 intellego
328 2770 461 2824 τήνδε.
513 2785 564 2811 an
595 2770 850 2812 scribendum
888 2767 1037 2820 τῆσδε
1068 2770 1107 2807 et
1136 2766 1394 2818 cogitandum
1425 2766 1472 2805 de
1510 2778 1554 2804 ea
1591 2766 1672 2828 arte

105 2831 302 2881 equestri,
345 2843 467 2881 quam
511 2829 781 2869 Athenienses
818 2827 940 2868 verbo
977 2823 1189 2878 κελητίζειν
1225 2823 1531 2880 sigzffixficabant‘?
1583 2822 1671 2861 Ari-

106 2887 239 2938 stoph.
271 2887 393 2938 Vesp.
426 2888 522 2927 501.
