1872 3224
210 206 293 248 358
842 198 1139 233 ΕΤΠοΛῐΔοΣ

959 298 1045 342 375

420 360 646 405 ἀκούοντα
677 356 842 412 ἄριστα

325 443 415 485 άντὶ
445 449 515 484 τοῦ
547 439 868 494 εὐφημούμενον.
896 437 1111 494 Ἡρόδοτος
1133 437 1200 479 καὶ
1224 436 1412 487 Εὔπολις.
1443 439 1616 480 Bekker.
1638 437 1792 480 Aneod.

214 506 310 553 372,
342 505 380 543 6.

962 575 1047 618 376

417 658 582 715 ἄνεμος
613 657 689 700 καὶ
719 655 913 711 ὄλεθρος
942 653 1189 712 ἅνθρωπος

327 744 496 784 Bekker.
519 742 671 782 Anecd.
696 742 792 791 401,
817 742 842 782 8
873 738 985 779 πάνυ
1015 745 1168 788 καιναῖς
1199 738 1354 792 εἴρηται
1385 738 1454 780 καὶ
1484 734 1799 806 &meyde-162⁶

214 799 257 842 δὲ
286 798 523 848 Εὐπόλιδος.
563 796 606 838 τὸ
644 795 719 850 μὲν
756 796 831 851 γὰρ
866 795 1016 848 ἄνεμος
1057 797 1176 849 δηλοῖ
1218 795 1290 836 τὸν
1332 801 1541 849 πανταχοῦ
1576 790 1799 865 φερόμενον

214 857 363 911 ἀνέμου
393 857 514 910 δίκην
543 855 610 896 καὶ
639 852 846 908 ἀλώμενον
875 853 944 894 καὶ
970 849 1178 925 o'cssffloetovg
1209 852 1252 894 τὸ
1283 851 1328 894 δὲ
1347 853 1519 908 ολεθρος
1537 851 1606 894 καὶ
1625 849 1798 905 ὀλέθρου

214 915 330 966 ἄξιον
351 913 552 987 (α’ἴτιονῗ)
573 912 640 953 καὶ
670 910 881 960 ἀπωλείας.
920 915 961 952 et
986 914 1049 961 13,
1074 915 1124 953 31
1158 910 1306 965 ἄνεμος
1336 911 1404 952 καὶ
1433 911 1602 966 ὄλεθρος
1631 908 1798 964 ἅνθρω-
1867 913 1872 917 ’

215 988 303 1022 πος.
344 971 536 1020 Εὔπολις
1855 988 1858 990 v

968 1048 1051 1091 377

423 1128 715 1186 άνωφέλητος
745 1126 993 1183 ανθρωπος

336 1211 518 1261 Εὔπολις
555 1210 630 1265 μὲν
667 1211 780 1260 ἰδίως
819 1209 884 1252 ἐπὶ
921 1216 992 1252 τοῦ
1030 1210 1085 1264 μὴ
1124 1209 1356 1264 δυναμένου
1392 1208 1422 1263 ἢ
1457 1209 1513 1263 μὴ
1550 1207 1803 1280 βουλομένου

219 1269 515 1341 ωφεληθῆναι,
552 1270 594 1310 οἵ
627 1267 672 1309 δὲ
709 1266 846 1309 πολλοὶ
886 1267 952 1310 ἐπὶ
986 1270 1058 1309 τοῦ
1098 1267 1153 1321 μὴ
1193 1265 1363 1320 ὠφελεῖν
1401 1266 1592 1316 θέλοντος
1621 1263 1652 1320 ἦ
1679 1267 1804 1308 δυνα-

219 1327 740 1382 μένου.Βο]ς1(οι·.Αῑιοοᾶ.
774 1328 813 1376 4,
847 1327 914 1367 24.

427 1493 543 1554 αὐλὴ
577 1494 817 1551 πρόσειλος
971 1439 1056 1482 378

338 1583 472 1623 Schol.
512 1581 704 1631 Aeschyli
741 1580 875 1620 Prom
916 1581 1003 1620 450
1040 1578 1291 1632 προσείλους,
1330 1572 1428 1632 πρὸς
1465 1577 1581 1632 ἥλιον
1610 1575 1806 1632 ὁρῶντας.

221 1639 289 1681 καὶ
307 1635 485 1686 Εὔπολις
515 1634 618 1689 αὐλὴ
648 1634 865 1701 πρόσηλος.
912 1638 1055 1677 Dawes
1077 1638 1189 1678 Misc.
1213 1637 1302 1677 crit.
1325 1638 1409 1678 483
1440 1635 1661 1689 πρόσειλος.
1702 1636 1806 1677 Bek-

220 1698 305 1742 ker.
337 1697 490 1737 Anecd.
525 1698 590 1745 14,
625 1697 677 1735 26
721 1687 826 1746 αὐλὴ
854 1691 1081 1747 πρόσειλος·
1112 1691 1137 1746 ἡ
1169 1687 1268 1747 πρὸς
1299 1692 1370 1734 τὸν
1399 1692 1514 1746 ἥλιον
1545 1690 1804 1748 τετραμμένη,

974 1817 1061 1861 379

429 1877 547 1933 γάλα
580 1874 788 1932 ὀρνίθων

227 2019 268 2059 H
339 1958 364 2013 ἡ
395 1959 587 2014 παροιμία
616 1955 714 2012 παρ’
743 1956 1022 2012 Ἀριστοφάνει
1041 1956 1130 1998 καὶ
1149 1953 1378 1998 Εὖπόλιδ
1387 1973 1413 2002 ι.
1445 1959 1688 2011 Diogenian.
1709 1953 1806 2011 epifi.

299 2021 337 2068 2,
372 2021 436 2058 15.

979 2105 1065 2149 380

433 2166 520 2219 γῆν
552 2164 806 2220 σμηκτρίὸα

343 2243 634 2299 Κηφισόδωρος
673 2244 717 2286 ἕν
758 2247 976 2302 Τροφωνίῳ
1013 2245 1186 2299 εἰᾛρηκεν
1237 2247 1381 2287 Pollux
1420 2248 1465 2296 7,
1498 2247 1566 2287 40
1617 2245 1689 2286 sed
1718 2244 1807 2285 eod.

231 2305 489 2356 Heidelberg.
523 2304 695 2344 Bekkeri
727 2302 796 2358 (C)
815 2303 994 2352 Εὔπολις
1025 2299 1136 2344 εἶπεν
1165 2301 1232 2343 καὶ
1261 2301 1390 2344 α’λλοι.

981 2416 1062 2459 381

437 2467 490 2516 εὖ
523 2474 642 2528 ἔχειν
673 2472 817 2528 στόμα

342 2554 385 2595 τὸ
416 2551 625 2608 εὐφημεῖν,
656 2553 710 2604 ὡς
731 2554 922 2605 Εὔπολις.
973 2557 1141 2597 Photius
1173 2558 1214 2596 et
1245 2555 1402 2596 Suidas.

441 2746 639 2802 εὔζωρον
671 2748 866 2802 κέρασον
894 2748 962 2789 καὶ
994 2745 1300 2803 εὐζωρότερον

348 2826 402 2877 ὡς
429 2827 720 2882 Ἀριστοφάνης
759 2829 826 2871 καὶ
862 2831 1057 2883 Κρατῖνος
1088 2827 1154 2869 καὶ
1188 2826 1382 2876 Εὔπολις.
1434 2828 1689 2880 Phrynichus
1721 2827 1808 2867 Ecl.

238 2888 332 2930 145.
364 2888 414 2926 cf.
449 2889 654 2938 Aristoph.
687 2889 793 2928 Ecel.
829 2889 921 2928 137.
954 2887 1105 2927 Cratin.
1139 2888 1234 2927 412.
