1838 3230
151 184 233 225 772
775 179 1103 213 Ntxoxffo‘rz

935 281 960 323 8

355 341 542 393 δαρθείς

263 420 351 462 ἀντὶ
382 426 452 461 τοῦ
482 420 626 474 ὃαρείς.
659 418 883 472 Νικόχαρις
915 396 1145 474 Κενταύρῳ.
1194 420 1364 460 Bekker.
1395 420 1656 473 Anecdffss9,
1688 422 1726 461 5.

841 544 1044 579 ΚΡΗΤΕΣ

935 635 962 677 9

353 717 403 761 τὸ
435 718 680 772 τρυπάνοις
710 714 964 759 ἀντίπαλον
995 712 1140 771 ὅπεαρ
1172 716 1331 771 χιλίοις

264 803 410 841 Pollux
444 803 508 853 10,
544 801 619 839 141
661 797 728 838 καὶ
766 790 999 850 περιτομεὺς
1039 795 1079 838 δ’
1120 795 1176 839 ἄν
1216 797 1363 851 ῥηθείη
1400 797 1468 870 232
1506 797 1733 852 χηλεύματα

149 857 216 898 καὶ
245 858 382 907 ὅπεας,
415 857 481 897 καὶ
514 854 681 909 ὀπήτιον
711 855 867 907 εἴρηται
897 854 942 895 ἐν
971 855 1230 909 Νικοχάρους
1261 855 1406 909 Κρησί.
1447 855 1491 896 τὸ
1522 879 1576 886 -
1607 855 1734 911 ὄπεαρ

148 916 286 967 χιλίοις
324 916 393 967 Κ.]
434 918 514 962 τοῖς
555 920 605 943 ’-
647 913 744 963 ὅπερ
795 910 806 923 ”
875 915 961 952 λιον
997 910 1228 967 (άγχίλιον).
1266 911 1394 961 ὅπεας
1432 913 1560 966 χίλιον
1598 914 1731 956 Bentl.

149 974 280 1024 Epist.
311 973 540 1013 Hemsterh.
574 974 641 1012 66.
675 973 816 1012 Pollux
875 999 888 1022 ,
920 972 974 1011 83
1007 970 1053 1010 τὰ
1085 969 1129 1010 δὲ
1159 967 1304 1022 ὀπήτια
1334 969 1433 1024 ὅπερ
1463 970 1541 1025 (sic
1570 973 1732 1025 egregie

148 1034 197 1079 A,
230 1045 309 1072 om.
341 1028 481 1081 ceteri)
513 1028 557 1068 ἐν
579 1027 707 1080 Κρησὶ
727 1026 961 1080 Νικοχάρης
996 1026 1138 1069 ἐκάλει.
1171 1029 1427 1069 scribendum
1458 1030 1536 1069 erit
1563 1027 1734 1082 ὅπεαρ.

148 1089 253 1138 apud
284 1088 535 1127 Herodotum
567 1088 605 1135 4,
631 1088 685 1127 70
714 1090 778 1126 est
807 1082 963 1125 ὑπέατι.
995 1086 1169 1138 Hesych.
1202 1083 1329 1126 ὔπεα·
1363 1080 1409 1124 τά
1440 1080 1586 1138 ὂπήτια
1608 1087 1733 1139 (quod
1763 1091 1765 1094 ⁴

151 1148 290 1184 natum
313 1159 359 1184 ex
380 1139 576 1195 ὀπεάτια),
606 1157 682 1184 scr.
698 1140 872 1182 ὕπὲατα·
895 1138 1051 1194 ὀπήτια,
1084 1144 1132 1183 cf.
1155 1144 1328 1183 Lobeck.
1342 1144 1515 1195 Paralip.
1538 1145 1645 1184 3411.
1663 1145 1734 1184 35.

151 1203 310 1241 Pathol.
349 1203 450 1253 prol.
483 1203 565 1240 218
587 1215 627 1240 n.
651 1203 719 1240 32.
750 1223 803 1230 —
825 1201 963 1241 laudat
982 1204 1096 1241 sutor
1117 1201 1317 1241 subulam.
1351 1202 1400 1241 cf.
1430 1201 1613 1242 Pherecr.
1638 1202 1733 1251 143,

154 1262 217 1299 10.
250 1260 460 1310 Aristoph.
484 1260 582 1299 Ach.
608 1260 733 1299 1055.
758 1259 835 1310 Eq.
859 1259 958 1298 444.
986 1261 1106 1298 1155.
1127 1259 1234 1298 Nub.
1260 1259 1368 1298 1153
1390 1261 1467 1299 cet.

824 1406 1065 1441 ΛΑΚΩΝΕΣ

149 1558 180 1597 P
230 1503 367 1597 ἰὲοῐε.
402 1514 492 1540 cum
532 1501 653 1540 Pluto
695 1500 993 1551 Aristophanis.
1068 1499 1240 1540 Meinek.
1277 1499 1298 1540 I
1340 1501 1434 1540 255.
1502 1501 1553 1541 cf.
1595 1500 1734 1542 Alcaei

182 1572 268 1610 aS1p
299 1572 357 1598 ae.

924 1646 977 1689 10

263 1730 495 1771 Athenaeus
531 1733 594 1778 15,
629 1732 742 1771 667e
772 1726 1012 1782 μνημονεύει
1044 1726 1089 1768 δὲ
1119 1734 1191 1769 τοῦ
1220 1727 1388 1782 μάνου
1420 1726 1651 1784 Νικοχάρης
1682 1728 1728 1771 ἓν

155 1784 365 1827 Λάκωσιν.
395 1787 531 1839 μάνην
562 1789 660 1828 dicit
690 1789 731 1828 in
762 1789 913 1828 cottabi
943 1788 1050 1828 ludo.

836 1924 1056 1958 AHMNIAI

265 2018 325 2057 (tf.
358 2019 609 2069 cognominis
639 2018 925 2068 Aristophanis
956 2017 1105 2058 fabula.
1138 2018 1311 2057 Meinek.
1343 2017 1363 2056 I
1394 2019 1490 2061 255.
1521 2019 1571 2058 fr.
1606 2019 1672 2059 12.

924 2130 967 2172 11

354 2212 527 2265 τριχίας
557 2210 607 2252 δὲ
638 2211 714 2253 καὶ
744 2211 825 2262 τὰς
854 2209 1125 2267 πρημνάδας
1153 2207 1233 2261 τὰς
1262 2210 1489 2260 θυννίδας

356 2279 431 2321 ἐπὶ
461 2280 651 2322 δεῖπνον
679 2277 882 2335 ἡκούσας
910 2276 1222 2334 ὑπερπληθεῖς
1282 2313 1290 2321 .
1353 2312 1363 2322 .

263 2362 495 2402 Athenaeus
528 2365 565 2413 7,
599 2364 712 2402 328e
745 2361 916 2414 Δωρίων
945 2393 952 2402 .
981 2395 988 2402 .
1013 2392 1023 2403 .
1055 2360 1129 2414 τὴν
1157 2362 1311 2415 τριχίδα
1341 2361 1496 2415 τριχίαν
1532 2358 1728 2414 ὀνομάζει.

149 2417 384 2470 Νικοχάρης
415 2419 619 2471 Λημνίαις
641 2422 722 2460 κτλ.
747 2419 898 2471 τριχίας
921 2417 1261 2474 Schweighaeus]
1293 2417 1505 2472 τριχιάδος.
1545 2417 1728 2472 πρημνά-

148 2475 221 2522 δας
252 2474 377 2530 idem]
408 2475 631 2528 πρημάδας.
664 2474 727 2516 ἐπὶ
757 2477 925 2516 δεῖπνον
944 2475 1071 2530 idem]
1094 2475 1327 2517 ἐπιδεῖπνον
1357 2479 1408 2517 A.
1450 2478 1492 2517 in
1521 2477 1631 2517 exitu
1661 2476 1728 2516 ad-

148 2534 321 2572 dendum
352 2534 513 2573 videtur
543 2531 652 2585 ὁρῶ.

920 2647 973 2689 12

353 2726 565 2781 πλέομεν,
598 2719 635 2769 οῗ
666 2726 796 2782 κόρη,
825 2726 891 2769 ’πὶ
920 2729 1021 2776 κῶς.

262 2809 434 2859 Etymol.
457 2823 510 2848 m.
535 2811 630 2861 550,
657 2812 707 2850 13
728 2803 838 2860 παρὰ
859 2807 903 2848 τὸ
922 2808 981 2848 καῖ
1005 2806 1047 2848 τὸ
1067 2808 1264 2861 κοιμῶμαι
1283 2808 1433 2861 γίνεται
1453 2806 1582 2861 ὄνομα
1603 2806 1724 2861 ῥημα-

147 2860 256 2903 τικὸν
275 2870 355 2911 κῶς
377 2864 418 2917 (i.
443 2879 475 2904 e.
498 2866 639 2918 κῶας).
671 2866 905 2918 Νικοχάρης
933 2866 1138 2918 Λημνίαις
1167 2868 1249 2906 κτλ.
1296 2865 1524 2918 Λημνίαις·
1557 2864 1726 2919 πλέομεν
