1872 3224
859 495 1204 546 ΗΓΗΜΩΝ

243 589 475 629 Athenaeus
510 589 583 638 15,
616 590 742 629 6980.
794 591 839 639 9,
830 589 1223 687 ,402413e7oj4Meinek
1254 589 1275 628 Ι
1305 589 1399 642 214.
1447 589 1637 630 Leutsch.
1666 589 1811 631 Philol.

1081 659 1127 697 sq

927 759 1140 794 ΦΙΛῙΝΝΑ

355 830 588 869 Athenaeus
622 831 688 880 15,
721 831 837 870 6998.
865 826 1037 882 γέγραφε
1074 826 1119 869 δὲ
1151 825 1374 882 (Ἡγήμων)
1412 827 1481 869 καὶ
1516 828 1730 885 κωμωδίαν
1757 829 1814 878 εἰς

241 884 313 925 τὸν
349 883 516 939 ἆρχαῖον
551 885 720 939 τρόπον,
756 884 810 938 ἣν
847 884 1112 939 ἐπιγράφουσι
1153 886 1337 938 Φιλίνην.
1388 888 1436 927 of.
1467 887 1639 928 Meinek.
1669 888 1690 927 I
1720 888 1814 931 215.

242 946 467 994 composuit
497 945 603 984 enim
634 945 755 984 etiam
786 945 983 995 parodias,
1015 945 1199 995 inprimis
1222 943 1607 996 Gigantomaohiam.
1639 945 1701 984 de
1718 957 1813 986 vera

242 1002 574 1098 nNoxssianiorma
611 1002 851 1053 locupletior
889 1004 993 1042 certe
1030 1001 1240 1042 Athenaeo
1277 1002 1392 1042 testis
1430 1003 1492 1042 est
1525 1002 1814 1054 Aristophanes

282 1073 309 1097 U
340 1088 349 1098 .
469 1089 478 1099 ι

449 1226 570 1284 μάλα
600 1227 768 1283 ταχέως
798 1225 951 1277 αὐτῶν
982 1229 1100 1309 πρίω
1130 1242 1208 1283 μοι
1237 1226 1525 1284 πουλύπουν,

450 1297 525 1339 καὶ
557 1295 634 1347 δὸς
664 1303 947 1351 καταφαγεῖν
977 1293 1095 1339 κάπὸ
1126 1295 1325 1352 τηγάνου
1354 1295 1507 1352 γόνον.

358 1379 587 1419 Athenaeus
619 1375 1031 1431 3,108ο“.Ηγήμων
1038 1375 1078 1418 δ’
1112 1377 1155 1419 ἐν
1184 1378 1356 1434 Φιλίννῃ
1385 1377 1453 1419 καὶ
1481 1378 1604 1432 γόνον
1634 1376 1678 1419 ἐκ
1698 1378 1815 1434 wyri·

243 1450 316 1476 νου
354 1434 567 1483 ἐσθίοντας
606 1439 716 1476 ποιεῖ
747 1433 791 1475 ἐν
827 1435 981 1484 τούτοις
1019 1439 1100 1476 κτλ.
1160 1435 1264 1489 πρίω
1298 1450 1365 1488 μοι
1404 1434 1594 1490 Meinek.]
1632 1441 1736 1490 πριῶ
1763 1437 1814 1478 A.

243 1492 345 1546 πρίω
384 1491 454 1533 τὸν
485 1494 818 1544 Schweighaeus„
850 1492 955 1543 πρίω
986 1491 1037 1533 σὺ
1065 1494 1207 1534 Coraes
1236 1494 1407 1534 Xenocr.
1440 1495 1534 1544 206,
1566 1491 1713 1546 ταχέως
1743 1492 1818 1534 ἰών

242 1551 345 1603 πρίω
375 1565 441 1602 μοι
472 1551 612 1591 Cobet.
646 1551 695 1590 N.
726 1551 752 1590 l.
788 1552 865 1589 141
899 1553 940 1590 et
969 1552 1012 1590 in
1041 1551 1249 1591 Athenaeo
1281 1552 1518 1592 Meinekius.
1542 1549 1812 1621 πουλύπουν]

242 1605 435 1647 πώλυπον
464 1608 516 1648 A.
567 1621 640 1658 pro
670 1605 777 1659 μάλα
819 1608 969 1650 Iacobs
1009 1608 1148 1648 Addit.
1178 1608 1327 1651 Athen.
1369 1610 1420 1648 71
1458 1605 1569 1657 ἄλλα,
1609 1609 1816 1649 Dobraeus

243 1661 392 1716 μάλλὰ,
425 1667 466 1704 et
495 1678 568 1715 pro
599 1660 734 1704 αὐτῶν
763 1665 916 1705 Iacobs.
954 1661 1062 1719 αὐτῷ
1103 1664 1223 1718 (πρίω
1255 1654 1351 1720 σὺ),’
1391 1661 1527 1705 αυτῶν
1555 1667 1598 1706 in
1629 1665 1690 1706 ed.
1722 1667 1816 1708 mai.

245 1722 467 1762 Meinekius
497 1735 682 1762 nummos
715 1735 800 1762 esse
829 1722 1039 1773 putabat‘
1043 1735 1211 1773 quorum
1242 1724 1285 1762 in
1307 1723 1636 1764 antecedentibus
1666 1724 1816 1772 mentio

244 1781 371 1819 facta’
413 1782 533 1819 esset.
570 1778 687 1831 γόνος
725 1782 820 1820 sunt
849 1780 977 1831 pisces
1008 1780 1167 1819 minuti.
1205 1780 1414 1821 Archestr.
1446 1780 1593 1821 Athen.
1626 1782 1665 1831 7,
1697 1781 1816 1820 2851>

244 1829 311 1875 τὸν
339 1835 462 1890 γόνον
492 1834 669 1888 ἐξαυδῶ,
700 1834 770 1876 τὸν
799 1833 935 1890 ἀφρὸν
963 1834 1177 1877 καλέουσιν
1196 1835 1351 1885 ”.Ιωνες

819 2063 1253 2115 ΑΤΣΙΠΠΟΣ

358 2156 578 2196 Victoriam
610 2157 673 2199 Ol.
705 2159 771 2206 86,
806 2160 830 2197 2
861 2158 1130 2209 reportavisse
1159 2158 1321 2198 videtur
1350 2157 1550 2198 Meinekio
1580 2157 1600 2196 I
1632 2159 1727 2199 216.
1769 2159 1812 2198 at

245 2213 491 2254 ef.Boeckh.
522 2214 670 2256 O.1.1
701 2216 782 2255 229
813 2230 853 2266 p.
882 2217 1025 2255 349—
1040 2216 1135 2255 352.
1185 2215 1371 2266 antiquae
1401 2215 1624 2255 comoediae
1653 2215 1815 2266 poetam

247 2270 369 2310 fuisse
400 2271 649 2323 intellegitur
678 2285 727 2312 ex
755 2273 805 2312 fr.
837 2274 864 2311 4
894 2276 935 2313 et
966 2275 1005 2313 6.

940 2384 1125 2418 BAKXAI

1020 2475 1042 2516 1

246 2556 302 2595 Α.
322 2551 519 2609 Ἕρμων.
554 2561 668 2596 ΕΡΜ.
690 2557 736 2597 τί
754 2556 871 2607 ἔστις
903 2557 958 2597 Α.
982 2556 1078 2606 πῶς
1096 2555 1279 2610 ἔχομενς
1310 2560 1423 2597 ΕΡΜ.
1444 2554 1492 2596 τί
1516 2550 1561 2595 δ’
1583 2549 1694 2596 ἄλλο
1721 2550 1764 2608 γ’
1784 2551 1814 2610 ἢ

247 2618 270 2663 ὁ
302 2619 449 2677 πατὴρ
479 2619 667 2665 ἄνωθεν
698 2622 746 2673 ἐς
775 2621 826 2666 τὸ
858 2621 1027 2679 φρέαρ,
1061 2622 1160 2679 ἐμοὶ
1191 2622 1359 2678 δοκεῖν,

246 2701 396 2766 ωσπερ
427 2688 508 2732 τὸν
541 2686 668 2733 οἶνον
698 2694 780 2734 τοῦ
810 2692 978 2746 θέρους
1007 2695 1196 2734 καθεῖκε
1226 2689 1304 2734 νω’.

361 2773 589 2814 Athenaeus
628 2775 832 2824 3,124d
877 2770 938 2813 ότι
974 2770 1019 2812 δὲ
1056 2771 1123 2812 καὶ
1160 2770 1231 2812 τὸν
1267 2767 1379 2812 οἶνον
1416 2770 1570 2824 ἔψυχον
1604 2769 1708 2826 ὑπὲρ
1743 2777 1815 2813 τοῦ

247 2825 501 2897 ’ψυχρότερον
533 2827 660 2870 αὐτὸν
694 2830 827 2870 πίνειν
865 2828 991 2882 φησὶν
1021 2861 1030 2871 .
1062 2860 1071 2871 .
1104 2861 1114 2870 .
1154 2826 1175 2868 ὅ
1206 2825 1419 2877 Λύσιππος
1451 2828 1495 2869 ἐν
1525 2828 1700 2881 Βάκχαις
1730 2834 1811 2871 κτλ.

250 2883 422 2940 Βάκχαις
454 2888 618 2930 Casaub.
642 2889 702 2927 ed.
726 2887 785 2941 2.]
817 2887 981 2941 βάκχοις
1011 2888 1062 2927 A.
1102 2900 1362 2940 personarum
1394 2887 1600 2939 discriptio
1630 2900 1719 2926 mea
1739 2890 1814 2927 est.
